4042 5900
305 669 400 747 2492]
672 667 796 730 FROM
816 666 973 731 JULIUS
994 666 1139 730 PFLUG
1439 668 1501 728 265

304 824 416 885 officiis
430 830 607 904 gratorum,
623 845 707 905 quae
721 828 790 888 iure
804 826 948 906 quodam
963 832 1023 888 tuo
1037 832 1182 906 repetere
1195 831 1299 905 potes,
1310 825 1500 905 perciperes.

305 906 369 968 Sed
382 908 462 987 quid
477 908 601 971 facias?
645 909 699 971 Ita
712 910 824 972 ferunt
845 916 995 990 tempora
1009 911 1114 989 quieti
1127 929 1165 971 ao
1177 910 1296 970 virtuti
1309 910 1450 982 inimica,
1461 916 1501 970 vt

304 992 401 1051 citius
416 993 563 1053 inuenies
577 994 634 1072 qui
648 995 803 1072 exagitet,
818 1013 918 1073 quam
933 995 991 1073 qui
1005 1013 1047 1055 ex
1062 994 1171 1054 animo
1185 993 1308 1054 faueat.

346 1072 432 1135 Sunt
449 1081 560 1136 tamen
582 1095 647 1137 non
666 1095 783 1155 parum
803 1077 910 1150 multi,
932 1078 1020 1156 iique
1043 1076 1120 1137 boni
1142 1096 1180 1138 ao
1204 1081 1409 1155 praestantes
1428 1077 1500 1149 viri,

304 1159 362 1235 qui
384 1157 540 1219 beneficia
568 1165 628 1220 tua
652 1167 844 1239 agnoscunt,
867 1179 906 1222 ac
932 1162 1050 1221 virtuti
1079 1165 1158 1221 tuae
1180 1178 1295 1221 verum
1318 1165 1353 1220 et
1375 1160 1501 1219 iustum
1513 1187 1546 1236 25

303 1240 449 1301 fructum
463 1241 673 1303 tribuendum
688 1249 819 1321 putant.
853 1243 898 1304 Hi
911 1263 986 1304 cum
998 1249 1033 1304 te
1047 1249 1082 1303 et
1095 1243 1207 1304 colant
1221 1249 1256 1303 et
1269 1248 1382 1302 ament
1396 1243 1499 1314 vnice,

303 1324 427 1402 poteris
441 1329 479 1385 tu
494 1325 627 1403 quidem
641 1327 676 1385 in
689 1346 802 1387 eorum
817 1328 962 1388 amicitia
978 1327 1027 1388 ita
1040 1328 1266 1405 conquiescere
1280 1331 1320 1385 vt
1336 1343 1501 1386 sermones

304 1407 489 1468 inuidorum
511 1408 605 1469 facile
622 1415 823 1471 contemnas.
866 1408 962 1483 Quod
981 1416 1021 1471 vt
1036 1410 1147 1482 facias,
1168 1415 1203 1470 et
1220 1427 1332 1470 omnes
1347 1407 1424 1469 boni
1438 1407 1500 1469 hoc

303 1496 450 1569 tempore
473 1497 592 1570 optant
614 1494 765 1567 maxime,
786 1500 822 1554 et
843 1495 914 1572 ipsa
936 1500 1024 1554 certe
1045 1492 1244 1571 Respublica
1263 1490 1500 1564 Christianam

304 1572 395 1651 loqui
417 1582 537 1653 posset,
559 1575 648 1636 clara
668 1595 749 1637 voce
770 1576 943 1656 flagitaret.
988 1577 1120 1637 Etenim
1138 1577 1165 1636 si
1186 1574 1326 1636 antehac
1343 1594 1499 1654 vnquam,
1512 1606 1546 1656 3⁰

304 1675 391 1716 nunc
406 1657 554 1735 profecto
569 1658 769 1738 Respublica
782 1679 856 1720 eam
870 1679 1004 1740 operam
1021 1666 1115 1720 tuam
1130 1658 1304 1720 desiderat.
1347 1658 1401 1719 Ad
1415 1657 1499 1718 hanc

304 1738 365 1799 tibi
380 1741 508 1801 animus
525 1743 658 1820 quietus
674 1749 709 1804 et
727 1745 815 1804 omni
832 1743 1080 1823 perturbatione
1094 1761 1220 1803 vacuus
1236 1749 1288 1802 est
1304 1741 1499 1815 afferendus,

303 1829 343 1883 vt
367 1841 433 1901 quo
455 1823 587 1902 publica
605 1826 778 1887 commoda
803 1832 837 1887 te
858 1833 989 1900 vocant,
1012 1845 1051 1887 eo
1072 1832 1146 1886 toto
1166 1831 1298 1904 pectore
1318 1824 1499 1886 incumbas.

304 1905 401 1966 Vides
419 1908 506 1967 enim
527 1927 685 1987 quorsum
706 1910 880 1971 reciderint
901 1912 1020 1971 omnia.
1064 1908 1259 1970 Timendum
1277 1914 1328 1968 cst
1342 1907 1499 1986 proiecto,

302 1990 365 2049 nisi
389 1992 535 2051 exmtant
560 1994 724 2070 sapientes
746 2013 784 2055 ao
808 1993 886 2054 boni
909 1995 981 2066 viri,
1006 1994 1064 2072 qui
1090 1991 1303 2071 Reipublicae
1331 1991 1500 2069 languenti
1512 2022 1545 2073 35

303 2072 497 2134 medicinam
512 2074 645 2148 faciant,
660 2076 729 2137 fore
744 2084 783 2138 vt
797 2096 837 2138 ea
850 2077 1001 2137 funditus
1015 2081 1194 2138 euertatur.

345 2155 386 2215 In
408 2162 442 2217 te
462 2164 575 2218 autem
596 2178 700 2220 vnum
719 2162 865 2221 omnium
882 2179 1005 2233 eorum,
1021 2160 1079 2239 qui
1096 2177 1211 2238 pacem
1225 2163 1397 2237 expetunt,
1413 2157 1500 2218 oculi

302 2245 381 2299 sunt
400 2241 548 2302 coniecti.
591 2241 674 2303 Eam
695 2262 837 2323 namque
858 2263 933 2304 cum
958 2244 1183 2315 autoritatem,
1207 2248 1280 2302 tum
1301 2260 1380 2302 vcro
1398 2241 1499 2301 etiam

301 2322 497 2383 facultatem
511 2323 600 2385 Deus
614 2326 809 2388 immortalis
823 2326 886 2387 tibi
900 2326 1062 2400 adiunxit,
1077 2332 1116 2386 vt
1130 2326 1234 2405 possis
1245 2344 1329 2385 vnus
1343 2343 1385 2384 ex
1396 2325 1498 2384 omni·

303 2404 365 2465 bus
390 2408 531 2467 maxime
554 2407 649 2469 malis
671 2411 742 2470 istis
765 2410 896 2483 mederi,
919 2411 1018 2489 idque
1039 2410 1202 2487 consequi,
1220 2414 1259 2468 vt
1278 2407 1500 2487 persuadeant
1511 2439 1546 2490 40

303 2488 365 2548 sibi
386 2491 547 2570 principes
567 2494 672 2552 nostri
693 2495 950 2555 controuersiam
971 2493 1012 2554 dc
1037 2492 1191 2571 religione
1216 2491 1289 2551 tolli
1314 2510 1418 2570 posse,
1444 2491 1498 2551 vel

303 2570 373 2632 Deo
394 2574 465 2651 ipso
486 2574 720 2653 applaudente,
742 2578 768 2636 si
790 2596 874 2656 quae
895 2597 936 2639 ex
959 2575 1183 2637 sanctionibus
1203 2575 1357 2635 ecclcsiae
1376 2576 1499 2634 mutari

302 2664 450 2734 possunt,
474 2676 513 2718 ea
537 2658 737 2732 relaxentur,
762 2665 864 2739 atque
888 2662 936 2721 ita
958 2661 1149 2720 existiment
1170 2658 1256 2737 leges
1280 2658 1499 2735 institutaque

303 2738 471 2800 hominum
486 2760 527 2800 cx
542 2747 740 2821 tempestate
754 2743 906 2805 ecclesiae
921 2743 1083 2804 moderari
1097 2748 1256 2821 oportere.
1286 2739 1382 2814 Quod
1398 2741 1425 2800 si
1440 2740 1499 2801 abs

303 2828 336 2881 te
357 2822 459 2895 fieret,
481 2823 620 2886 fortasse
636 2845 678 2886 ex
696 2826 802 2888 altera
819 2834 914 2907 parte
932 2826 1115 2906 permoneri
1134 2831 1245 2905 posset
1258 2823 1365 2884 bonus
1380 2823 1498 2902 aliquis
1511 2855 1544 2906 4⁵

302 2911 337 2965 et
351 2924 371 2966 a
386 2908 558 2969 concordia
573 2907 759 2971 Christiana
772 2929 839 2972 non
856 2909 1044 2984 abhorrens,
1067 2908 1174 2989 qualis
1188 2914 1239 2970 est
1255 2905 1497 2980 Melanchthon,

301 2990 359 3067 qui
387 3010 464 3050 suas
488 3010 620 3071 quoquc
648 2995 771 3074 parteis
799 2996 1031 3074 interponeret,
1061 3001 1223 3072 autorque
1250 2997 1337 3052 esset
1365 2992 1432 3051 suis
1460 2997 1500 3052 vt

301 3078 487 3134 statuerent
501 3075 617 3150 multa,
632 3095 717 3156 quae
731 3097 789 3157 per
808 3097 841 3139 se
859 3078 995 3140 ferenda
1014 3096 1081 3138 non
1103 3077 1179 3148 sint,
1194 3081 1380 3154 temporum
1399 3093 1499 3135 causa

301 3174 370 3216 esse
385 3156 528 3219 ferenda.
573 3157 698 3233 Quibus
718 3162 815 3222 diuus
836 3163 937 3223 etiam
959 3161 1084 3222 Paulus
1105 3160 1246 3232 cesserit,
1261 3176 1337 3218 cum
1362 3177 1397 3218 se
1417 3157 1497 3218 abii-

301 3245 390 3300 ceret
404 3240 447 3300 ad
462 3243 545 3302 ritus
559 3244 667 3304 nescio
681 3263 773 3323 quos,
788 3252 904 3306 contra
922 3264 1022 3324 quam
1037 3243 1172 3304 libertas
1186 3241 1371 3303 Christiana
1385 3245 1497 3320 postu·
1511 3275 1545 3324 50

301 3321 394 3383 laret.
438 3323 509 3385 Ista
521 3327 548 3386 si
558 3327 834 3405 persuaderentur
842 3330 1006 3407 vtrinquc,
1017 3333 1104 3388 certe
1113 3323 1402 3405 quaeperturbata
1410 3343 1498 3385 nunc

300 3412 352 3465 est
373 3406 573 3486 Respublica
586 3410 798 3472 vehementer
818 3431 857 3472 ea
879 3411 980 3485 breui,
1001 3409 1152 3490 partibus
1169 3409 1210 3470 de
1226 3407 1342 3468 ardore
1359 3409 1424 3468 isto
1438 3426 1498 3468 suo

300 3490 554 3565 remittentibus,
570 3495 834 3556 constitueretur.

343 3572 393 3633 Tu
415 3575 515 3653 igitur
536 3595 610 3636 cum
629 3577 741 3638 videas
761 3584 892 3657 tempus
906 3578 988 3639 illud
1010 3579 1118 3657 ipsum
1133 3576 1269 3647 venisse,
1285 3594 1360 3635 cum
1375 3575 1409 3634 in
1424 3593 1496 3653 pro-

300 3656 446 3717 curanda
468 3659 710 3738 tranquillitate
729 3662 877 3723 studium
898 3668 995 3723 tuum
1016 3680 1093 3740 erga
1114 3657 1366 3737 Rempublicam
1384 3664 1497 3719 extare
1510 3690 1543 3740 55

299 3745 400 3817 atque
414 3740 541 3803 elucere
555 3744 659 3822 possit
678 3746 829 3819 maxime,
844 3745 897 3807 fac
916 3763 1048 3824 quaeso,
1063 3750 1103 3804 vt
1116 3762 1191 3803 cum
1207 3760 1267 3802 nos
1280 3741 1324 3801 ad
1338 3742 1496 3819 pietatem

299 3829 335 3882 et
353 3823 463 3884 studia
483 3827 662 3888 rectissime
681 3829 842 3902 excitaris,
857 3848 972 3908 pacem
987 3829 1088 3889 etiam
1103 3832 1260 3897 nostram,
1276 3826 1425 3903 sineque
1440 3825 1497 3885 illa

299 3905 362 3965 coli
375 3905 464 3968 haud
479 3916 627 3987 possunt,
638 3917 762 3974 tueare.

340 3989 451 4069 Atque
475 3990 554 4053 hacc
578 3995 692 4073 scripsi
714 4014 781 4056 non
805 3994 1031 4056 inflammandi
1056 3994 1107 4054 tui
1132 4011 1231 4053 causa
1255 3994 1301 4066 (es
1324 3993 1411 4053 enim
1436 3996 1497 4052 tua

298 4080 416 4151 sponte
434 4074 477 4135 ad
497 4077 659 4138 rationem
677 4077 770 4138 illam
786 4085 821 4140 et
839 4080 965 4158 optima
979 4095 1130 4157 quaeque
1145 4076 1226 4136 satis
1240 4075 1422 4152 incitatus),
1437 4075 1495 4136 sed
1508 4096 1543 4144 ⁶0

298 4156 386 4234 quod
398 4177 510 4220 amore
524 4179 599 4221 cum
614 4162 750 4240 patriae,
763 4167 836 4223 tum
848 4181 926 4223 vero
937 4163 1038 4223 etiam
1049 4159 1211 4238 religionis
1222 4157 1286 4219 huc
1297 4158 1494 4221 adducebar.

339 4239 436 4314 Quod
456 4242 617 4322 reliquum
640 4251 700 4317 est,
724 4247 787 4306 etsi
808 4265 875 4306 non
897 4265 970 4325 eges
992 4244 1060 4305 vlla
1080 4241 1171 4321 apud
1189 4243 1368 4322 principem
1387 4261 1495 4304 meum

298 4325 580 4387 commendatione
606 4330 688 4403 (tam
714 4331 801 4390 enim
826 4329 881 4390 ille
905 4329 999 4389 fauet
1027 4326 1099 4400 tibi,
1122 4344 1223 4404 quam
1248 4327 1305 4404 qui
1330 4327 1495 4403 maxime),

297 4407 418 4485 parebo
434 4415 544 4470 tamen
556 4411 723 4472 voluntati
733 4418 821 4485 tuae,
837 4412 999 4491 duplicem
1015 4431 1057 4471 ex
1068 4429 1108 4471 ea
1122 4428 1156 4469 re
1166 4413 1325 4488 capturus
1334 4409 1494 4471 fructum:

296 4489 439 4552 alterum
461 4493 592 4571 quidem
612 4501 651 4555 vt
670 4495 741 4568 tibi,
760 4497 818 4574 qui
831 4495 912 4557 mibi
926 4515 960 4556 es
975 4497 1010 4554 in
1024 4491 1212 4564 maioribus,
1227 4511 1350 4554 morem
1365 4512 1494 4572 geram:
1508 4511 1543 4570 65

296 4573 438 4636 alterum
453 4596 541 4649 vero,
556 4584 595 4638 vt
614 4597 689 4638 cum
711 4579 862 4658 princeps
880 4598 973 4640 meus
994 4576 1158 4655 intelligat
1172 4594 1225 4636 me
1244 4595 1314 4636 esse
1328 4582 1494 4638 amantem

297 4658 356 4730 tui,
373 4660 528 4737 quoniam
542 4679 656 4721 omnes
670 4681 746 4722 suos
761 4667 871 4723 tecum
886 4662 961 4723 vult
975 4680 1045 4722 θεεθ
1064 4659 1265 4731 coniunctos,
1280 4660 1421 4720 accessio
1435 4659 1495 4721 fiat

295 4739 384 4802 haud
399 4761 504 4820 parua
522 4743 565 4804 ad
580 4745 751 4822 pristinam
766 4745 853 4806 illius
870 4765 947 4826 erga
966 4764 1019 4806 me
1033 4743 1251 4804 clementiam.
1296 4742 1401 4816 Quam
1416 4762 1495 4805 vero

295 4826 456 4887 rationem
471 4825 626 4888 colendae
640 4829 803 4890 amicitiae
817 4828 1019 4907 praescribis,
1030 4846 1103 4888 eam
1118 4844 1304 4905 persequar,
1313 4825 1494 4906 perficiam·

294 4925 358 4985 que
374 4915 413 4969 vt
427 4928 468 4970 ne
482 4929 592 4971 meum
607 4913 641 4971 in
655 4911 827 4973 scribendo
841 4913 982 4975 officium
997 4911 1154 4989 requiras.
1507 4925 1542 4975 7⁰

630 5041 671 5092 25.
689 5035 742 5080 tua
752 5045 806 5082 oss.
818 5029 856 5082 N.
924 5044 966 5093 51.
983 5029 1024 5079 J:
1042 5028 1091 5080 Ita
1100 5022 1142 5079 N.
