4042 5900
441 660 484 723 90
768 662 967 728 LETTERS
988 663 1044 728 OF
1064 662 1270 729 ERASMUS
1544 667 1640 745 [1530

442 821 590 883 Eandem
608 823 793 885 cantionem
808 843 883 886 cum
902 823 1001 886 multi
1018 830 1183 897 canerent,
1203 824 1307 905 parui,
1322 829 1358 885 et
1378 825 1528 905 poenitet
1548 822 1639 886 obse·

443 906 521 983 quii.
572 905 709 967 Interim
738 908 825 968 enim
855 908 1031 987 occupauit
1058 906 1182 987 hyems,
1210 914 1246 969 et
1273 909 1376 988 pestis
1406 907 1640 968 immanissime

396 1000 431 1048 60
443 994 620 1067 grassatur,
636 1008 695 1051 nec
709 990 817 1052 adhuc
832 992 912 1052 satis
927 991 1033 1070 liquet
1047 1010 1131 1070 qnae
1145 992 1261 1053 future
1277 992 1322 1053 sit
1339 991 1437 1052 huius
1455 996 1640 1052 conuentus

443 1072 663 1152 catastrophe.
708 1073 891 1153 Zuingliani
910 1094 977 1135 non
994 1076 1216 1155 impetrarunt
1235 1080 1274 1135 vt
1292 1074 1495 1136 audirentur.
1541 1074 1639 1135 Lute-

443 1156 531 1215 ranis
550 1174 739 1218 concessum
758 1162 809 1218 est
826 1163 865 1218 vt
883 1158 1076 1219 exhiberent
1093 1177 1168 1219 suos
1187 1157 1364 1220 articulos:
1387 1156 1437 1218 his
1452 1157 1510 1218 vbi
1524 1157 1640 1237 paucis

443 1243 530 1299 esset
553 1258 755 1318 responsum,
784 1239 903 1302 Caesar
931 1242 1172 1321 pronunciaret.
1216 1240 1299 1303 Cum
1327 1240 1409 1302 nihil
1437 1241 1639 1314 conueniret,

443 1322 644 1402 principibus
658 1322 786 1402 aliquot
799 1343 840 1385 ex
855 1331 996 1403 vtraqne
1007 1330 1103 1404 parte
1117 1324 1252 1385 delectis
1263 1324 1380 1387 datum
1394 1329 1446 1385 est
1456 1325 1639 1405 negocium,

396 1416 430 1476 65
443 1410 483 1465 vt
497 1406 524 1466 si
539 1424 605 1484 qua
620 1414 762 1486 possent,
778 1407 948 1469 dissidium
964 1413 1207 1487 componerent.
1250 1407 1333 1469 Cum
1353 1427 1373 1468 a
1387 1407 1539 1487 pluribus
1558 1406 1641 1468 nihil

443 1495 603 1567 ageretur,
619 1509 676 1550 sex
691 1491 817 1551 eximiis
831 1489 1018 1569 delegatum
1031 1497 1083 1552 est
1096 1493 1276 1571 negocium.
1320 1491 1387 1552 Res
1400 1490 1641 1570 propemodum

444 1571 587 1633 deducta
608 1578 680 1633 erat
701 1573 744 1634 ad
766 1573 983 1647 concordiam,
1001 1574 1063 1634 nisi
1085 1574 1174 1652 quod
1196 1574 1352 1636 Lutereni
1372 1575 1536 1654 principes
1557 1572 1641 1634 nihil

443 1655 557 1717 andire
576 1655 753 1717 voluerunt
772 1657 813 1717 de
828 1656 1032 1718 restituendo
1046 1663 1081 1718 et
1095 1656 1286 1737 ablegandis
1303 1656 1513 1718 sacerdotnm
1528 1657 1641 1718 vxori·

445 1738 515 1800 bus.
559 1739 709 1818 Denique
726 1738 845 1801 Caesar
863 1742 1096 1819 pronunciauit
1117 1748 1157 1802 vt
1174 1742 1326 1802 ciuitates
1347 1760 1432 1820 quae
1450 1759 1540 1802 nona
1560 1740 1642 1820 dog·

397 1843 431 1893 70
443 1828 536 1882 mata
558 1825 755 1903 recepissent
775 1843 809 1884 se
832 1823 1078 1885 conformarent
1100 1823 1219 1885 ritibus
1243 1823 1382 1886 aliarum
1408 1823 1642 1885 ecclesiarum:

444 1905 487 1966 ed
509 1905 543 1966 id
564 1905 680 1967 datum
702 1912 753 1967 est
773 1908 920 1987 spacium
942 1927 999 1968 sex
1022 1908 1191 1980 mensium,
1214 1907 1276 1967 hoc
1296 1912 1348 1968 est
1371 1926 1474 1986 vsque
1497 1906 1543 1968 ad
1567 1905 1645 1967 idus

443 1988 592 2068 Aprileis.
637 1990 802 2069 Principes
822 1990 1000 2069 euangelici
1015 1990 1130 2051 offensi
1145 1996 1224 2051 sunt
1238 1990 1368 2051 dnobus
1383 1990 1493 2052 verbis
1509 1996 1643 2051 senten·

443 2074 511 2133 tiae
535 2071 758 2147 Caesarianae,
787 2073 928 2135 eltemm
959 2079 1031 2135 erat
1059 2073 1149 2152 quod
1177 2076 1211 2134 in
1239 2093 1279 2136 ea
1307 2074 1453 2153 ipsorum
1481 2072 1645 2135 sodalitas

444 2155 607 2217 diceretur
623 2161 733 2218 secta:
756 2156 897 2217 alterum
917 2156 1006 2236 quod
1028 2157 1193 2218 adiectum
1210 2162 1306 2230 esset,
1328 2175 1519 2236 quanquam
1541 2155 1644 2217 Lute-

398 2258 430 2310 75
443 2258 598 2300 ranorum
618 2239 769 2301 doctrina
788 2240 984 2302 sufficienter
1002 2259 1043 2301 ex
1063 2239 1194 2301 dininee
1214 2242 1395 2321 scripturae
1413 2240 1646 2301 fundamentis

443 2322 509 2384 fuit
524 2322 707 2384 confutata.
751 2323 823 2385 Hoc
838 2343 904 2384 non
919 2323 1078 2397 tulerunt,
1090 2324 1236 2385 dicentes
1250 2343 1285 2385 se
1299 2343 1366 2385 non
1377 2323 1484 2386 solum
1499 2322 1644 2397 cmdere,

444 2408 660 2467 verumetiam
682 2408 764 2468 scire
785 2426 878 2469 snam
901 2407 1086 2468 doctrinam
1111 2408 1174 2468 niti
1199 2407 1423 2468 fundamentis
1444 2406 1645 2486 euangelicis

443 2495 479 2551 et
503 2489 701 2570 apostolicis,
728 2491 826 2569 idque
851 2491 886 2550 in
911 2497 1087 2569 conspectu
1116 2489 1262 2552 Caesaris
1287 2510 1407 2570 magns
1429 2489 1645 2553 confidentia.

444 2572 527 2634 Eam
553 2592 666 2635 vocem
692 2574 913 2653 indignissime
938 2574 1018 2635 tulit
1046 2572 1173 2636 Caesar.
1218 2574 1273 2635 Illi
1301 2574 1467 2636 redierunt
1497 2573 1543 2635 ad
1570 2593 1644 2635 sua.

398 2662 431 2713 80
444 2656 600 2718 Nondum
626 2658 758 2737 prodita
787 2663 838 2719 est
862 2663 1011 2718 extreme
1036 2659 1210 2731 sententis,
1240 2677 1429 2737 quanquam
1457 2675 1525 2719 non
1554 2656 1644 2718 latet

444 2740 550 2819 qualis
575 2742 627 2801 sit.
672 2740 743 2802 Iem
769 2742 856 2801 enim
881 2746 1098 2802 numerantur
1122 2742 1284 2822 principes
1309 2748 1343 2803 et
1368 2742 1530 2814 ciuitates,
1556 2758 1646 2820 qnae

444 2823 549 2884 velint
563 2823 695 2885 haerere
709 2822 847 2897 Caesari,
863 2843 948 2903 quae
963 2826 1069 2885 sectis.

485 2906 576 2969 Haec
595 2926 752 2987 quorsum
769 2927 908 2970 euasura
921 2909 989 2970 sint
1003 2908 1083 2970 deus
1098 2909 1202 2983 nouit,
1216 2907 1274 2970 sed
1288 2908 1419 2970 interim
1434 2914 1548 2970 tamen
1562 2906 1646 2970 haec

444 2991 526 3052 serio
543 2990 646 3053 fiunt:
676 2990 794 3054 Caesar
807 2993 935 3072 accepit
948 3011 1103 3054 coronem
1121 3012 1142 3053 e
1160 2991 1315 3072 pontifice
1334 2991 1427 3054 nulle
1444 2992 1644 3053 ceremonia·

398 3081 430 3144 85
444 3093 516 3135 rum
531 3080 626 3154 parte
640 3077 768 3149 omissa,
778 3077 841 3136 nisi
855 3075 944 3155 quod
959 3075 1086 3137 Romae
1100 3082 1241 3137 resecta
1251 3081 1386 3137 nonest.
1416 3073 1647 3136 Ferdinandus

443 3158 618 3220 institutus
636 3165 688 3220 est
705 3159 959 3238 archistrategus
980 3159 1143 3232 Austriae,
1165 3158 1383 3238 designandus
1405 3158 1498 3219 breui
1518 3163 1555 3218 et
1576 3156 1645 3219 Ro·

443 3260 615 3303 manorum
645 3262 712 3315 rex,
739 3242 927 3303 solennibus
951 3244 1150 3303 ceremoniis.
1205 3243 1312 3304 Turca
1339 3243 1456 3303 misere
1482 3242 1648 3302 tractauit

443 3324 621 3398 Austriam,
639 3345 743 3406 nuper
764 3327 865 3387 etiam
887 3326 1078 3399 Morauiam,
1097 3325 1272 3387 moliturus
1292 3324 1483 3397 crudeliore,
1506 3324 1541 3385 ni
1562 3324 1647 3385 dens

444 3410 655 3488 prospexerit.
700 3407 785 3470 Sunt
806 3411 863 3487 qui
877 3410 1046 3471 minantur
1070 3415 1105 3470 et
1127 3408 1307 3487 Anglorum
1325 3410 1401 3488 regi,
1426 3407 1516 3488 qnod
1532 3408 1646 3469 vxoris

397 3511 432 3558 90
444 3492 616 3571 repudium
641 3493 829 3554 meditetur.
873 3492 925 3553 Ab
947 3492 997 3553 his
1020 3492 1115 3554 malis
1136 3491 1276 3554 Galliam
1297 3497 1442 3553 vestram
1463 3492 1646 3552 immunem

445 3594 513 3636 esse
534 3576 670 3655 gaudeo,
692 3584 794 3654 atque
816 3577 944 3637 vtinam
966 3577 1010 3636 sit
1032 3583 1201 3655 perpetuo.
1245 3574 1340 3637 Certe
1362 3574 1487 3637 nnllam
1509 3573 1645 3635 mallem

444 3658 525 3719 mihi
548 3677 734 3739 supremam
760 3659 830 3720 dari
851 3660 1030 3720 senectutis
1049 3659 1168 3719 sedem.
1207 3659 1349 3720 Pecunia
1372 3678 1438 3719 non
1463 3656 1646 3720 admodum

444 3760 531 3820 egeo,
544 3740 642 3803 homo
651 3744 763 3821 paucis
774 3749 968 3804 contentus:
992 3741 1207 3820 tranquillum
1222 3747 1355 3821 portum
1371 3740 1529 3814 desidero,
1540 3759 1645 3820 qnan-

445 3823 620 3902 doquidem
636 3824 828 3886 Germaniae
848 3825 1048 3887 tumultibus
1068 3825 1156 3885 solus
1176 3824 1257 3886 deus
1276 3826 1399 3904 poterit
1420 3823 1518 3885 finem
1540 3824 1645 3904 impo-

398 3926 432 3975 95
445 3926 531 3968 nere.
568 3907 629 3968 His
644 3908 763 3969 litteris
777 3910 805 3969 si
819 3908 1003 3988 dignaberis
1017 3908 1201 3981 rescribere,
1221 3928 1341 3987 magno
1357 3927 1410 3969 me
1427 3906 1546 3969 solatio
1565 3906 1645 3968 efle-

445 3991 535 4052 ceris.
566 3989 600 4052 Si
609 3991 778 4053 Mallarius
786 3999 942 4070 queretur
953 4012 987 4053 se
1001 3991 1083 4052 nihil
1097 3993 1257 4072 accepisse
1272 3991 1468 4063 litterarum,
1477 3991 1648 4052 existimet

445 4073 504 4134 has
533 4074 595 4136 sibi
623 4094 754 4155 quoque
783 4077 921 4155 scriptas
938 4095 1017 4148 esse,
1040 4074 1173 4154 quando
1202 4074 1320 4136 talium
1348 4079 1437 4136 certe
1464 4074 1647 4136 amicorum

445 4159 631 4303 amunia
650 4165 729 4220 sunt
750 4159 868 4221 omnia.
913 4158 978 4222 Vos
995 4158 1110 4220 ambos
1131 4158 1310 4220 incolumes
1329 4163 1437 4219 seruet
1456 4155 1534 4237 Opt.
1555 4155 1646 4219 Max.

494 4242 603 4302 rietus.

386 4344 434 4382 100
488 4324 613 4386 Detum
628 4326 717 4405 epud
728 4325 924 4406 Friburgum
940 4326 1106 4406 Brisgoiae
1120 4343 1152 4388 v.
1168 4324 1236 4387 Cal.
1253 4324 1407 4387 Decemb.
1424 4339 1582 4385 mmm.

479 4479 521 4526 61.
540 4476 708 4541 Zningliani]
720 4476 762 4527 Cf.
775 4477 831 4542 Ep.
840 4490 915 4541 2403.
925 4479 1018 4540 59-60.
1070 4493 1135 4528 mus
1146 4483 1260 4542 repeats
1271 4477 1325 4540 Ep.
1338 4489 1414 4540 2403.
1427 4487 1519 4539 49-57·
1638 4479 1640 4481 ’

480 4545 522 4594 62.
540 4542 686 4604 articulos]
708 4542 751 4594 Cf.
775 4543 830 4608 Ep.
854 4558 929 4607 2333.
958 4546 1019 4603 18n,
1103 4545 1145 4608 84.
1163 4544 1307 4605 coronam]
1319 4542 1379 4593 The
1396 4541 1563 4592 comneticn
1576 4541 1649 4592 took

446 4623 521 4674 2375·
533 4623 596 4674 37¹1·
1070 4610 1150 4677 place
1161 4616 1193 4661 at
1204 4609 1275 4660 Belo
1333 4623 1385 4673 ,24
1398 4608 1465 4659 Feb.
1480 4621 1555 4672 ¹530·

479 4679 522 4742 64.
540 4676 716 4743 principibus
744 4676 865 4743 aliquot]
893 4676 935 4728 Cf.
962 4676 1017 4743 Ep.
1104 4678 1146 4740 87.
1164 4677 1267 4738 Turca]
1344 4676 1419 4741 Epp.
1432 4678 1509 4738 2396,
1522 4688 1599 4739 2399.

446 4743 626 4809 2384.11-13.
1102 4757 1145 4807 93.
1163 4742 1350 4809 tranquillum
1369 4742 1497 4809 portum]
1518 4740 1571 4794 See
1590 4741 1648 4809 Ep.

480 4821 556 4873 7²·9·
573 4809 737 4876 Principes.
752 4848 758 4861 .
773 4848 779 4860 .
792 4810 830 4861 ed
851 4810 913 4873 sue]
933 4811 1017 4861 Eras-
1069 4814 1145 4874 2360.
1160 4824 1219 4872 19n.
