4042 5900
424 616 487 677 410
751 613 950 678 narrans
971 613 1266 679 orassemus
1562 621 1623 699 [1531

397 798 412 848 5
427 774 470 835 ad
489 773 624 835 fratrem
645 773 702 852 qui
721 792 779 854 per
793 780 933 854 postam,
949 780 988 835 vt
1001 775 1105 848 aiunt,
1121 775 1243 837 mittet
1257 796 1327 838 eas
1350 778 1403 839 ad
1420 778 1626 843 Tridentium

428 858 615 918 sinonerit
634 858 903 936 incuriaeque
923 863 1034 919 tamen
1054 858 1109 919 diu
1128 877 1196 919 non
1216 859 1355 923 aberit.
1409 862 1520 924 Recte
1535 882 1579 924 me
1591 861 1627 921 sd·

428 941 602 1012 monuisti3
625 959 702 1000 nam
724 942 751 1001 si
773 941 907 1002 comitia
928 942 1145 1020 processerint
1164 946 1202 1001 et
1225 943 1276 1005 ad
1300 943 1373 1006 illa
1393 952 1540 1007 vocatus
1557 946 1628 1016 fuero¹

429 1024 566 1102 dirigam
591 1042 771 1084 sermonem
796 1031 831 1085 et
855 1024 957 1085 verba
981 1025 1046 1084 oris
1069 1024 1132 1086 mei
1155 1026 1252 1104 apud
1277 1036 1511 1109 purpuratos
1531 1029 1630 1089 ffloea

429 1108 582 1168 mitratos
596 1125 655 1186 pro
667 1113 709 1167 te.
740 1107 794 1167 Dii
808 1107 974 1168 eradicent
988 1107 1061 1168 illos
1076 1107 1220 1169 infantes
1237 1108 1438 1192 theologos
1449 1120 1489 1175 et
1499 1113 1630 1194 sophistas

385 1216 417 1252 ιο
430 1190 673 1250 verbosissimos
687 1191 745 1269 qui
760 1197 794 1251 te
810 1210 930 1251 vexare
949 1197 1096 1270 possunt,
1116 1191 1174 1252 sed
1192 1194 1398 1257 veritatem
1422 1197 1630 1276 euangelicam,

430 1292 529 1352 quam
546 1273 730 1352 euangelica
749 1272 920 1353 profiteris,
935 1293 1104 1353 nunqnam
1125 1275 1337 1354 oppriment.
1391 1278 1491 1342 Noui
1509 1300 1565 1361 ego
1579 1299 1631 1340 con·

430 1356 538 1417 silium
561 1356 690 1417 illorum
712 1363 747 1417 et
768 1357 847 1435 quid
868 1363 947 1417 ante
968 1376 1025 1417 sex
1047 1376 1150 1418 annos
1169 1358 1443 1439 moliebantur;
1468 1364 1529 1425 sed
1548 1366 1633 1424 initus

430 1459 542 1501 eorum
557 1439 623 1500 fuit
636 1446 773 1500 conatus
788 1442 914 1519 eritque
929 1440 998 1501 Deo
1013 1442 1165 1520 propitio,
1181 1442 1279 1502 cuius
1295 1446 1458 1523 spiritus
1473 1454 1579 1509 mcum
1590 1452 1633 1507 et

471 1522 632 1584 Alcander
648 1530 738 1584 recta
754 1541 794 1583 ex
809 1523 890 1584 vrbe
906 1522 950 1585 ad
966 1521 1092 1603 Spiram
1108 1525 1200 1585 venit
1217 1544 1282 1604 per
1297 1526 1497 1606 Venetias;
1520 1530 1634 1593 Gallim

386 1628 416 1678 15
430 1626 496 1667 uon
510 1608 632 1685 attigit,
647 1607 736 1685 quod
750 1607 830 1667 mihi
843 1612 983 1667 constat.

473 1689 522 1750 De
537 1688 759 1769 Sardanapalo
774 1689 979 1768 leodien<si>
995 1709 1062 1751 nou
1079 1692 1187 1763 miror,
1202 1710 1319 1769 quem,
1337 1695 1372 1756 si
1395 1696 1485 1759 olim
1506 1700 1541 1760 in
1554 1697 1635 1759 uui-

431 1772 556 1833 miliani
584 1792 700 1834 manus
728 1773 903 1847 incidisset,
929 1773 1122 1835 vidissemus
1151 1775 1246 1835 triste
1273 1776 1321 1837 ab
1355 1780 1491 1843 arbore
1517 1781 1635 1863 pendere

432 1876 524 1929 onus,
540 1856 629 1936 quod
648 1858 713 1917 iam
728 1858 869 1917 sustinet
883 1855 990 1930 tellus,
1005 1876 1108 1934 quum
1123 1857 1220 1918 isthic
1235 1859 1283 1919 sit
1297 1878 1318 1920 e
1333 1880 1449 1943 grege
1465 1867 1527 1944 qui
1543 1864 1636 1926 adea

432 1940 569 2012 occinat,
585 1940 637 2001 cui
652 1945 763 2001 tamen
778 1959 837 2019 ego
851 1939 904 2001 hic
919 1941 1026 2001 restiti
1042 1941 1076 2001 in
1091 1940 1208 2002 faciem
1222 1942 1381 2006 triennio
1401 1948 1453 2008 ab
1473 1948 1550 2010 hinc
1563 1967 1636 2029 prae·

385 2047 419 2083 20
432 2029 523 2084 sente
539 2022 707 2084 Rhenano.

474 2105 523 2167 De
538 2105 647 2166 libello
660 2107 843 2185 germanico
856 2106 1067 2185 Argentorati
1081 2106 1171 2169 edito
1190 2106 1272 2168 nihil
1288 2110 1380 2171 mihi
1406 2121 1637 2194 constatque

433 2190 521 2250 niam
542 2190 656 2268 genius
677 2206 769 2250 meus
790 2190 945 2251 abhorret
966 2210 987 2251 a
1006 2190 1192 2252 vernacula.
1236 2191 1311 2253 Nisi
1335 2201 1406 2257 tua
1426 2204 1467 2259 et
1487 2197 1637 2261 Melanch·

433 2274 520 2333 tonis
535 2272 615 2351 lego,
631 2279 759 2333 caetera
773 2280 950 2352 praetereo.

475 2354 616 2435 Scaliger
637 2355 690 2417 ille
709 2356 822 2429 Iulius,
840 2356 966 2436 dignus,
987 2358 1134 2435 quisquis
1151 2362 1212 2430 est,
1230 2356 1412 2423 Gemoniis
1437 2364 1552 2438 scalis,
1574 2364 1639 2427 mihi

386 2463 419 2512 25
434 2440 564 2518 ignotus
578 2446 637 2500 est.
682 2438 716 2500 Si
730 2439 854 2501 rediero
868 2446 1006 2501 vocatus
1020 2440 1064 2501 ad
1078 2441 1212 2513 curiam,
1228 2460 1327 2520 agam
1344 2462 1414 2522 pro
1432 2453 1473 2509 te
1489 2468 1578 2529 quae
1592 2466 1639 2528 pm

433 2542 485 2583 me
507 2524 584 2602 ipse,
606 2524 633 2584 si
654 2522 796 2595 daretur,
816 2530 950 2584 acturus
971 2542 1084 2596 essem,
1107 2525 1196 2584 omni
1217 2543 1292 2585 cum
1314 2528 1502 2592 modestia
1521 2540 1558 2594 et
1577 2551 1639 2614 pm·

433 2606 554 2679 dentia,
569 2606 613 2666 ad
628 2625 727 2685 quam
741 2626 794 2667 me
808 2607 929 2667 inuitas
943 2608 1040 2668 vnico
1054 2606 1199 2668 verbulo.

476 2688 672 2750 Rhenanum
691 2689 752 2751 hoc
767 2689 893 2770 vesperi
912 2691 1124 2763 conueniam;
1146 2710 1223 2751 nam
1241 2689 1422 2755 exhibitor
1438 2703 1582 2760 tuarum
1596 2699 1642 2759 vix

433 2791 645 2851 moramque
662 2792 719 2853 per
738 2773 798 2833 has
820 2773 998 2852 respondeo
1020 2773 1128 2835 voluit
1149 2772 1356 2854 praestolari.
1406 2778 1595 2861 Rogabam
1611 2787 1642 2841 vt

387 2881 420 2929 30
433 2855 494 2916 hoc
510 2858 636 2937 vesperi
650 2864 750 2936 atque
764 2858 870 2917 noctis
884 2876 1012 2918 mecum
1027 2858 1238 2936 transigeret;
1257 2858 1381 2921 noluit.
1416 2862 1575 2928 Proinde
1587 2884 1643 2927 non

432 2959 566 3019 possum
581 2940 624 3001 ad
639 2960 768 3002 omnem
783 2938 958 3002 articulum
974 2947 1053 3002 tuae
1073 2939 1230 3021 epistolae
1248 2943 1473 3022 respondere.
1522 2951 1596 3030 Ago
1611 2948 1644 3010 de

433 3042 506 3084 mea
535 3024 817 3085 commendatione
846 3025 991 3102 ingentes
1020 3026 1142 3104 gratias
1172 3031 1229 3086 tue
1257 3025 1517 3106 Dominationi‚
1542 3053 1643 3113 quam,

433 3106 544 3185 quoad
558 3109 680 3180 vixero,
696 3114 730 3169 et
745 3106 925 3168 obseruabo
940 3114 975 3168 et
989 3127 1049 3187 pro
1064 3127 1136 3169 mea
1150 3108 1236 3168 virili
1254 3107 1438 3173 defendam
1460 3118 1562 3195 apud
1577 3137 1645 3198 pur·

433 3196 578 3287 puratos,
595 3209 734 3270 quorum
749 3192 889 3251 alienare
903 3190 963 3252 abs
978 3197 1012 3252 te
1027 3191 1172 3253 fauorem
1188 3198 1331 3270 querunt
1346 3193 1510 3278 theologi
1523 3201 1644 3261 Aristo

386 3298 418 3347 35
433 3273 601 3418 t'egesheim
616 3377 656 3418 ex
672 3356 860 3431 Selestadio‚
876 3358 927 3418 die
943 3359 1035 3419 xxvii
1050 3357 1272 3436 Decembr<is>
1287 3374 1462 3423 uuxxxn.

1226 3440 1374 3502 Seruitor
1390 3442 1441 3504 Ia.
1459 3445 1610 3530 Spiegel.

475 3548 634 3610 Reueren.
664 3557 699 3611 et
727 3549 905 3611 clarissimo
939 3550 1080 3611 Domino
1108 3551 1159 3610 vti
1191 3569 1264 3611 meo
1291 3551 1382 3629 patri
1417 3553 1648 3631 obseruando,

433 3632 574 3694 Domino
589 3632 726 3694 Erasmo
741 3633 973 3694 Roterodamo.

467 3849 491 3897 5.
509 3834 639 3895 fratrem]
662 3834 762 3893 Maius
786 3849 832 3884 see
855 3834 909 3899 Ep.
931 3847 1005 3898 ²57²·
1057 3832 1323 3898 toowelldisposed.
1344 3832 1650 3897 Ontheotherhand.

434 3916 478 3952 an.
1058 3901 1088 3949 in
1111 3900 1165 3965 Ep.
1190 3903 1257 3960 2629
1284 3899 1456 3964 Campensis
1486 3909 1596 3959 writes
1623 3918 1652 3960 ω

469 3984 508 4018 12.
527 3974 595 4018 ante
611 3983 661 4017 sex
674 3968 776 4029 annos]
792 3968 852 4017 The
866 3968 1006 4017 reference
1057 3967 1193 4016 Erasmus
1203 3966 1269 4016 that
1280 3967 1330 4017 the
1340 3966 1454 4033 Bishop
1466 3973 1584 4026 wishes
1595 3978 1652 4027 him

433 4037 457 4086 is
468 4051 569 4100 vague,
582 4036 636 4084 but
650 4051 717 4099 may
729 4036 764 4084 be
779 4035 867 4084 taken
881 4040 913 4084 ιο
924 4049 1008 4083 cover
1057 4039 1089 4083 to
1106 4033 1265 4083 contradict
1284 4033 1333 4083 the
1351 4037 1500 4087 assertion
1523 4042 1600 4094 that
1619 4045 1652 4093 he

433 4104 483 4153 the
497 4102 610 4153 trouble
624 4103 695 4152 with
708 4101 787 4152 Bada
798 4102 856 4151 and
868 4101 917 4150 the
928 4100 1007 4150 Paris
1057 4100 1115 4149 had
1122 4100 1269 4164 approved
1277 4101 1400 4150 Eustace
1407 4102 1441 4151 of
1449 4102 1585 4168 Sichem,
1595 4110 1651 4160 and

433 4170 550 4234 faculty.
1059 4172 1091 4217 ιο
1105 4182 1156 4231 say
1170 4166 1236 4216 that
1253 4167 1289 4216 he
1305 4164 1399 4216 would
1415 4169 1507 4220 share
1527 4174 1579 4226 his
1597 4176 1652 4226 lm

469 4251 559 4300 14-15.
578 4235 697 4286 Galliam
706 4251 764 4285 non
772 4234 882 4299 attigit]
891 4234 941 4284 See
950 4233 1005 4299 Ep.
1057 4239 1135 4283 crust
1141 4233 1212 4283 vvith
1219 4233 1363 4283 Erasmus.
1382 4233 1500 4287 Forthe
1506 4238 1652 4309 Biahop's

433 4305 508 4364 2565.
521 4319 566 4366 4n.
1057 4300 1192 4350 relations
1203 4299 1651 4375 withhiaximilianseeEp.738

469 4373 508 4418 16.
521 4366 1006 4433 Sardanapalofflrarddelahfarclr,
1056 4367 1163 4418 introd.

433 4435 541 4500 Bishop
549 4436 578 4486 of
585 4435 677 4500 Liege
685 4435 774 4485 about
781 4436 876 4484 whose
882 4434 1008 4485 attitude
1091 4448 1134 4484 21.
1152 4432 1257 4494 libello]
1269 4431 1321 4483 See
1332 4431 1387 4497 Ep.
1399 4435 1479 4498 2587.
1493 4451 1563 4490 2rn.

434 4503 569 4552 Erasmus
583 4503 687 4552 atthis
702 4502 772 4551 time
785 4517 875 4551 seems
890 4508 920 4551 ιο
934 4501 1007 4550 have
1091 4514 1133 4563 32.
1151 4499 1408 4561 commendatione]
1425 4500 1464 4550 In
1483 4502 1543 4569 Ep.
1570 4522 1649 4571 2572·

433 4569 506 4619 been
522 4585 638 4633 unsasy.
674 4568 795 4632 Lypsiua
812 4569 842 4618 in
859 4568 913 4632 Ep.
931 4569 1006 4629 2566.
1058 4568 1125 4629 32-8
1139 4565 1249 4632 Spiegel
1263 4565 1354 4616 asked
1364 4571 1397 4617 to
1413 4566 1450 4617 be
1465 4568 1651 4641 favourably

436 4648 517 4701 124-7
531 4642 660 4701 suggests
677 4636 744 4685 that
759 4634 787 4685 la
802 4635 901 4685 March
916 4635 940 4684 is
955 4638 1008 4684 not
1057 4633 1222 4683 mentioned
1233 4638 1265 4683 ιο
1276 4632 1346 4683 Olea.
