4042 5900
948 637 1147 703 LET‘OERS
1168 637 1225 701 OF
1245 636 1451 702 ERASMUS

925 911 1073 993 2384²4⁰⁸
1117 904 1225 970 Facu
1240 904 1343 971 Jonrr
1357 903 1517 971 cnonas.

659 1037 783 1108 Leipzig
795 1036 860 1091 MS.
1538 1034 1716 1107 Augsburg.

659 1113 724 1167 ΕΕ.
741 1128 803 1183 134.
1456 1123 1491 1163 10
1504 1108 1690 1180 September
1705 1125 1791 1181 1530.

621 1231 714 1349 thlAn
725 1231 844 1359 oggitqql
855 1230 949 1288 letter,
962 1229 1123 1294 autograph
1135 1226 1322 1291 throughout.
1349 1227 1409 1278 The
1420 1228 1569 1293 year-date
1581 1228 1606 1279 is
1617 1228 1801 1282 confirmed}

656 1314 735 1349 econ
767 1314 786 1347 n
818 1335 824 1347 .

663 1404 694 1466 S.
719 1404 755 1465 P.
780 1404 820 1464 D.
873 1401 1005 1483 Optime
1034 1404 1129 1481 egisti
1158 1409 1206 1476 tu,
1236 1404 1324 1483 quod
1353 1408 1441 1463 recte
1469 1402 1685 1464 monentibus
1713 1405 1801 1466 amic

623 1488 909 1568 obtemperaueris,
925 1493 1024 1564 teque
1039 1487 1112 1547 istic
1128 1487 1288 1549 hactenus
1302 1486 1502 1548 continueris
1516 1484 1620 1547 donec
1633 1484 1737 1549 huius
1751 1507 1801 1550 cor

623 1578 743 1632 uentus
758 1571 855 1631 finem
870 1570 1066 1630 viderimus:
1090 1572 1147 1648 qui
1162 1577 1275 1631 tamen
1289 1568 1395 1649 qualis
1414 1569 1548 1630 futurus
1569 1569 1623 1642 sit,
1639 1568 1763 1633 dificile
1776 1591 1801 1633 er

622 1655 774 1716 iudicare.
803 1653 975 1714 Hactenus
989 1652 1071 1714 nihil
1086 1652 1127 1713 ab
1143 1659 1284 1733 vtraque
1299 1660 1393 1733 parte
1407 1652 1654 1732 pretermissum
1668 1660 1723 1715 est
1736 1673 1801 1734 quo

594 1760 609 1811 5
623 1739 666 1799 ad
680 1737 887 1799 concordiam
901 1736 1007 1797 facere
1023 1742 1144 1815 posset.
1189 1736 1494 1798 Reuerendissimus
1508 1735 1694 1816 Episcopus
1712 1744 1801 1800 nostr

622 1820 874 1899 christophorus
888 1819 1150 1897 Augusten<sis>‚
1166 1821 1246 1881 dum
1264 1840 1298 1881 se
1313 1819 1482 1880 commode
1501 1818 1719 1882 mediatorem
1733 1820 1801 1883 iaci·

622 1910 793 1983 suspectus
807 1903 955 1964 redditur
969 1909 1130 1981 tanquam
1146 1904 1318 1965 Luteranis
1337 1904 1438 1963 nimio
1452 1902 1526 1982 plus
1539 1901 1675 1977 ieueat;
1698 1923 1801 1965 cumr

624 2007 701 2049 vera
722 1986 769 2047 nil
790 1988 894 2065 magis
915 1985 969 2046 ille
991 1988 1105 2066 cupiat
1126 2007 1226 2065 quam
1246 2006 1369 2067 pacem,
1390 2005 1496 2065 neque
1517 1985 1600 2047 adeo
1615 1987 1801 2064 quorundn

622 2071 827 2132 Iudaismum
845 2069 984 2149 probare
1002 2071 1107 2149 possit
1124 2071 1181 2148 qui
1196 2091 1217 2131 a
1238 2071 1419 2150 prescripto
1438 2075 1608 2129 vaeterum
1625 2088 1799 2133 caeremon

579 2189 610 2225 xo
623 2174 717 2216 arum
732 2173 773 2214 ne
787 2153 926 2231 digitum
940 2152 1047 2214 latum
1062 2154 1221 2214 dimoueri
1235 2173 1269 2214 se
1283 2154 1467 2233 paciuntur.

665 2237 785 2316 Scripsi
806 2236 868 2297 tibi
890 2237 1046 2315 proximis
1067 2236 1187 2297 litteris
1207 2243 1313 2298 totam
1333 2236 1409 2296 fidei
1423 2236 1682 2297 controuersiam
1697 2236 1743 2298 ad
1757 2238 1801 2299 xii

624 2323 711 2382 viros
736 2319 880 2381 delatam
909 2319 1025 2380 fuisse:
1058 2322 1211 2398 quicum
1237 2322 1346 2380 minus
1374 2320 1548 2381 conuenire
1573 2321 1757 2397 potuerint,
1783 2341 1801 2383 a

624 2406 783 2466 minorem
802 2422 984 2475 numerum,
1007 2403 1050 2463 ad
1072 2423 1129 2464 sex
1151 2407 1319 2480 ta<n>tum
1335 2404 1509 2476 reiectam;
1531 2403 1588 2481 qui
1602 2421 1662 2463 nec
1677 2404 1742 2483 ipsi
1756 2423 1801 2467 rar

623 2507 818 2567 componere
838 2492 983 2566 potuere.
1028 2486 1073 2547 Et
1094 2506 1181 2548 nunc
1201 2488 1286 2549 inter
1305 2487 1467 2567 principes
1482 2491 1615 2546 tantum
1630 2486 1758 2565 agitur3
1780 2507 1801 2550 e*

580 2604 610 2655 15
624 2576 787 2652 quantum
816 2569 973 2649 intelligo,
1002 2571 1156 2631 Vniuersa
1183 2572 1249 2631 iam
1278 2570 1502 2632 controuersia
1529 2570 1563 2629 in
1592 2569 1663 2631 solo
1691 2568 1801 2633 Canon

624 2656 742 2715 missae
757 2660 918 2715 versatur.
962 2652 1044 2714 Mihi
1061 2672 1140 2715 vero
1161 2652 1268 2715 multo
1289 2673 1382 2715 secus
1402 2652 1555 2726 videtur3
1577 2672 1655 2713 narn
1674 2653 1801 2733 planei

624 2739 775 2800 omnibus
797 2737 873 2798 fidei
894 2735 1042 2797 articulis
1065 2739 1239 2798 conuenire
1260 2738 1420 2809 videmur,
1441 2736 1540 2798 modo
1557 2736 1592 2796 in
1613 2738 1801 2801 restitution

625 2822 786 2883 bonorum
800 2821 987 2882 ablatorum
1003 2822 1260 2882 conueniremus.
1304 2821 1356 2881 Ex
1370 2821 1431 2881 hoc
1442 2821 1529 2880 enim
1544 2819 1676 2881 cardine
1690 2839 1801 2900 prorst

625 2907 778 2967 vniuersa
799 2904 982 2985 dependere
1003 2904 1084 2964 mihi
1105 2903 1268 2977 videntur,
1291 2910 1459 2984 vtcunque
1480 2902 1594 2966 Canon
1612 2904 1734 2966 missae
1753 2925 1801 2987 pn

578 3023 612 3060 20
625 2989 791 3051 tendatur.

667 3072 748 3133 Mihi
761 3072 1043 3152 persuasissimum
1058 3076 1109 3131 est
1129 3073 1233 3132 totius
1247 3077 1430 3133 conuentus
1449 3077 1525 3132 acta
1544 3075 1579 3131 et
1592 3076 1686 3150 gesta
1700 3074 1801 3152 passir

625 3157 677 3216 hic
692 3156 734 3216 ab
749 3156 861 3217 amicis
876 3154 938 3216 tibi
957 3154 1131 3234 perscribi;
1153 3161 1192 3215 vt
1213 3161 1325 3216 autem
1346 3155 1502 3216 iudicium
1516 3155 1602 3215 circa
1616 3153 1698 3215 haec
1712 3174 1801 3218 meur

625 3239 755 3312 habeas,
771 3240 820 3300 ita
834 3238 964 3299 habeto.
1002 3237 1121 3298 Omnes
1136 3239 1298 3318 principes
1312 3238 1363 3299 hic
1378 3238 1459 3298 nihil
1474 3239 1577 3316 magis
1591 3243 1708 3317 optare
1722 3258 1801 3318 quar

624 3342 748 3402 pacem,
769 3328 804 3382 et
826 3322 913 3382 inter
932 3341 987 3382 eos
1008 3321 1252 3383 Ferdinandum
1266 3322 1455 3400 Hungariae
1469 3340 1576 3399 regem
1591 3321 1801 3400 potissimum

579 3440 612 3491 25
625 3407 683 3485 qui
696 3406 739 3467 ad
753 3406 955 3484 prepositum
971 3424 1105 3484 scopum
1120 3407 1313 3484 neutiquam
1327 3405 1496 3484 peruenire
1510 3404 1633 3483 poterit
1647 3404 1711 3465 nisi
1724 3405 1801 3467 reba

625 3488 826 3550 Germanicis
854 3488 952 3568 plane
977 3488 1167 3568 compositis
1192 3496 1227 3550 et
1250 3488 1381 3550 sedatis.
1433 3488 1580 3566 Vtraque
1605 3493 1719 3549 autem
1744 3508 1801 3569 par

626 3592 727 3633 vnum
743 3572 804 3633 hoc
819 3578 966 3651 spectare
981 3573 1122 3645 videtur,
1138 3579 1186 3644 vt,
1202 3578 1364 3650 quantum
1379 3571 1448 3631 fieri
1465 3571 1578 3650 possit,
1601 3572 1774 3650 negocium
1789 3574 1801 3634 i

624 3657 758 3735 longum
784 3662 915 3735 tempus
935 3656 1158 3734 protrahatur,
1182 3656 1235 3715 vel
1256 3656 1299 3716 ad
1319 3655 1470 3715 futurum
1492 3653 1626 3733 aliquod
1646 3654 1801 3717 concilius

625 3741 679 3801 vel
693 3740 736 3800 ad
747 3740 888 3800 alterum
899 3745 1099 3800 conuentum
1111 3761 1118 3813 ;
1134 3759 1200 3817 quo
1211 3739 1342 3800 interim
1354 3738 1577 3817 vnusquisque
1587 3737 1709 3798 rectius
1723 3738 1801 3801 rebu

580 3858 613 3908 30
626 3824 692 3884 suis
714 3822 881 3884 consulere
900 3821 1021 3882 valeat.
1065 3822 1290 3883 Ferdinandus
1310 3841 1412 3881 vnum
1433 3819 1546 3882 studet
1565 3825 1605 3880 vt
1619 3819 1682 3880 sibi
1696 3822 1801 3884 auxili

625 3913 741 3968 contra
763 3905 886 3966 Turcas
900 3904 1128 3978 decernantur,
1137 3911 1286 3984 atquevt
1296 3905 1454 3984 proximis
1462 3904 1682 3965 commiciisin
1697 3903 1801 3985 Reger

625 3990 852 4051 Romanorum
872 3988 1034 4067 eligatur;
1067 3989 1156 4067 quod
1175 3994 1319 4068 quantae
1341 3987 1435 4048 molis
1460 3988 1512 4059 sit,
1534 3986 1630 4048 facile
1650 3986 1801 4050 diiudiorn

623 4092 684 4133 nec
706 4072 739 4133 id
761 4073 823 4133 sibi
844 4073 1032 4150 contingere
1051 4091 1144 4151 posse
1162 4074 1225 4133 nisi
1239 4077 1377 4152 paccata
1391 4069 1566 4132 Germania
1580 4076 1614 4130 et
1631 4072 1801 4151 compositi

625 4156 701 4218 fidei
721 4156 951 4217 controuersiis
972 4154 1068 4215 facile
1091 4157 1203 4216 cernit.
1248 4155 1292 4215 Et
1314 4155 1356 4216 ob
1381 4153 1415 4214 id
1440 4155 1529 4215 omni
1554 4153 1665 4214 studio
1690 4160 1726 4216 at
1747 4160 1801 4217 art

580 4274 612 4325 35
625 4241 735 4319 agitur
754 4245 794 4299 vt
815 4238 988 4300 concordia
1009 4238 1171 4316 quaedam
1193 4240 1310 4317 quouis
1328 4238 1404 4298 fuco
1422 4237 1677 4316 conglutinetur,
1693 4244 1754 4299 aut
1768 4257 1801 4301 re

625 4324 752 4402 integra
766 4321 810 4383 ad
823 4323 973 4401 proxima
992 4323 1161 4383 commicia
1176 4322 1227 4384 vel
1241 4321 1376 4399 aliquod
1395 4340 1565 4400 nunquam
1579 4320 1731 4381 futurum
1745 4340 1801 4384 con

625 4406 735 4468 cilium
748 4410 951 4478 reseruetur;
974 4405 1077 4466 donec
1092 4407 1221 4466 interim
1230 4404 1466 4476 Ferdinandus,
1475 4405 1546 4465 voti
1557 4423 1690 4484 compos
1701 4403 1801 4467 factm

624 4488 714 4550 aliud
729 4488 898 4551 consilium
912 4489 1031 4568 capiat.

666 4572 769 4634 Fama
793 4572 858 4633 fuit
881 4571 1051 4633 Gaesarem
1074 4572 1175 4632 alium
1204 4578 1404 4632 conuentum
1433 4570 1474 4631 ad
1498 4570 1656 4631 kalendas
1681 4571 1801 4635 Marcia

578 4693 612 4744 4⁰
625 4654 778 4718 Coloniae
792 4655 990 4734 Agrippinae
1005 4655 1215 4716 indictorum.
1247 4654 1350 4716 Fama
1361 4655 1450 4727 item,
1462 4654 1519 4714 sed
1533 4654 1684 4728 ocultior,
1695 4656 1801 4718 extitit

624 4739 781 4801 Ioannem
797 4738 996 4800 Waiwodam
1006 4742 1116 4818 (quem
1130 4742 1263 4815 vocant)
1275 4739 1376 4799 caesis
1384 4757 1489 4816 nuper
1503 4737 1703 4799 Ferdinandi
1716 4743 1801 4801 omni

659 4937 700 4972 11.
718 4924 855 4988 proximis
866 4923 980 4985 litteris]
992 4922 1052 4974 Not
1063 4928 1174 4974 extant.
1282 4937 1325 4987 41.
1343 4921 1479 4972 Ioannem
1486 4921 1801 4991 Woiwodam]Zapolyr

659 5004 750 5040 11-12.
761 4990 1198 5055 cdxiiiivirosJCi.Ep.24ro.63.
1248 5005 1295 5040 see
1306 4989 1361 5054 Ep.
1376 4990 1449 5038 1810.
1462 5003 1523 5039 zon.
