4042 5900
285 659 380 771 2'583]
620 693 676 757 ro
698 693 827 756 usar
848 692 904 756 or
924 693 1147 757 nuncAsu
1418 698 1477 758 401
1598 699 1600 703 ·

285 852 447 926 Valdesio‚
470 872 530 914 nec
550 853 680 932 ignotus
699 859 759 915 tuo
778 852 914 915 Nioolao
929 852 1020 916 Olao.
1064 852 1098 916 Si
1113 874 1153 916 ex
1171 854 1301 916 illorum
1317 856 1480 916 sententia
1493 870 1526 922 35

285 942 345 997 tua
367 937 549 1015 benignitas
570 936 758 1015 dignabitur
781 936 829 998 illi
851 936 929 998 dara
953 936 1061 998 locum
1083 939 1198 999 intuo
1222 938 1397 1011 famulitio,
1416 940 1480 1000 erit

284 1019 364 1080 mibi
379 1019 590 1080 vehementer
604 1027 734 1099 gratum
750 1026 785 1082 et
798 1021 832 1080 in
847 1040 900 1081 me
914 1019 1071 1082 collatum
1086 1021 1204 1082 ducam
1220 1021 1309 1100 quod
1332 1023 1365 1082 in
1385 1021 1478 1083 illum

283 1102 470 1163 contuleris.
501 1102 665 1181 Inclytam
680 1105 888 1165 maiestatem
903 1109 996 1165 tuam
1012 1105 1208 1166 incolumem
1218 1124 1257 1166 ac
1272 1104 1365 1166 bonis
1376 1106 1477 1166 omni-

284 1185 345 1246 bus
361 1186 530 1246 florentem
545 1193 680 1247 tueatur
693 1186 852 1248 Dominus
867 1186 968 1248 Iesus.

326 1268 450 1329 Datum
479 1269 568 1348 apud
597 1269 792 1349 Friburgum
821 1270 986 1350 Brisgoiaa
1017 1287 1055 1331 12
1085 1271 1137 1331 die
1166 1271 1355 1333 Decembris
1383 1272 1525 1344 Anno4o

285 1366 376 1429 1531.

477 1636 577 1697 2584.
625 1630 678 1697 To
693 1630 795 1697 Jorru
811 1649 888 1697 sun
905 1630 1129 1699 Srsursnsus
1146 1633 1284 1699 Bonna.

320 1769 492 1832 Terentius,
508 1784 590 1837 1532,
605 1767 641 1822 i0.
656 1768 695 1823 α’.
710 1772 749 1837 (α)
1199 1771 1358 1843 Freiburg.

320 1845 360 1898 N.
375 1861 406 1915 p.
424 1848 509 1899 1206:
531 1844 629 1898 Lond.
643 1844 749 1899 xxviii.
762 1858 811 1898 20:
832 1844 897 1899 LB.
915 1847 996 1914 1238.
1126 1860 1159 1900 12
1173 1846 1344 1903 December
1359 1849 1439 1920 rffl.

317 1971 388 2031 [The
400 1971 512 2035 praiaco
523 1977 555 2021 ιο
568 1970 689 2021 Terentii
699 1971 859 2029 comoediae,
871 1986 894 2022 c.
906 1972 1020 2023 scholiis
1031 1987 1063 2021 cc·
1075 1972 1189 2031 Donati,
1202 1974 1312 2037 deperi,
1325 1981 1349 2024 ct
1362 1974 1479 2025 Camerti

282 2039 487 2088 commentariis
497 2038 637 2101 decerptis.
650 2038 743 2097 Basle,
756 2038 877 2096 Froben,
889 2038 986 2089 March
999 2053 1073 2102 153²·
1108 2040 1164 2089 For
1178 2040 1229 2090 the
1240 2041 1348 2092 Boners
1359 2042 1417 2092 and
1428 2042 1478 2093 the

281 2105 499 2155 circumstances
511 2104 541 2155 oi
552 2106 603 2155 the
614 2104 775 2156 dedication
787 2120 833 2156 see
844 2105 920 2172 Epp.
933 2119 1008 2169 2533,
1022 2119 1088 2169 2539
1099 2106 1236 2169 introdd.]

349 2236 422 2281 Dus.
440 2235 594 2281 aalma
608 2236 858 2281 nomonsuvs
873 2236 995 2281 lOANNI
1011 2237 1054 2281 ΕΤ
1067 2236 1250 2283 srsmsuso
1264 2236 1411 2284 nomm

662 2319 849 2365 manumve
863 2320 1006 2365 rotoma
1021 2320 1047 2365 S.
1063 2321 1095 2365 D.

325 2410 367 2471 Iu
390 2413 520 2484 teneris,
546 2413 653 2490 inquit
675 2411 739 2485 ille,
765 2431 975 2474 consuescere
996 2411 1140 2474 multum
1161 2420 1222 2487 est,
1244 2414 1380 2493 proinde
1402 2434 1475 2475 oon-

282 2495 405 2555 sultum
430 2502 481 2556 est
506 2496 655 2575 protinus
676 2496 809 2575 optimis
830 2515 1022 2557 assuescere.
1070 2494 1121 2556 Sic
1142 2497 1228 2557 enim
1253 2496 1311 2558 fiet
1332 2503 1371 2558 vt
1392 2517 1476 2576 quae

282 2585 403 2639 natura
431 2585 510 2639 sunt
537 2580 672 2658 optima,
698 2578 812 2640 eadem
838 2598 899 2640 vsu
928 2578 1011 2640 fiant
1039 2585 1074 2640 et
1102 2580 1342 2642 iucundissima.
1386 2580 1476 2642 Nihil

281 2668 394 2722 autem
415 2668 467 2722 est
488 2662 611 2722 homini
632 2661 747 2723 melius
768 2663 902 2742 pietate,
917 2664 1009 2723 cuius
1031 2664 1249 2724 seminecum
1272 2664 1342 2742 ipso
1361 2666 1476 2726 statim

282 2744 369 2805 lacte
391 2752 468 2805 eunt
487 2744 678 2806 instillanda
699 2745 853 2825 paruulis.
898 2745 1087 2806 Proximum
1108 2744 1214 2807 locum
1238 2745 1361 2807 habant
1382 2747 1505 2826 disci-5

283 2828 391 2907 plinae
416 2828 575 2901 liberales,
597 2848 690 2907 quae,
713 2828 790 2889 licet
811 2847 869 2908 per
893 2848 927 2890 ae
952 2831 1093 2889 virtutes
1116 2848 1180 2890 non
1201 2830 1277 2902 sint,
1300 2835 1411 2891 tamen
1433 2829 1475 2891 ed

283 2913 442 2973 virtutem
466 2917 664 2993 praeparant
688 2912 862 2990 ingenium,
886 2912 965 2973 dum
991 2912 1025 2973 id
1049 2931 1091 2973 ex
1120 2911 1273 2992 syluestri
1297 2919 1332 2975 at
1357 2915 1476 2976 immiti

283 2995 426 3056 reddunt
441 3001 650 3057 mansuetum
665 3015 704 3056 ac
719 2994 901 3057 tractabile.
940 2996 1050 3068 Porro,
1067 2996 1155 3074 quod
1170 2996 1362 3058 Aristoteles
1376 3005 1475 3077 negat

283 3079 504 3140 adolescentes
524 3079 656 3139 idoneos
674 3098 743 3140 esse
762 3078 935 3140 discendae
949 3078 1065 3140 morali
1079 3079 1312 3160 philosophiae,
1327 3080 1475 3142 iomaasis

285 3162 372 3222 baud
390 3164 522 3223 omnino
543 3161 663 3223 falsum
681 3168 742 3224 est.
785 3161 907 3224 Varum
926 3162 960 3223 id
977 3182 1044 3223 non
1064 3169 1132 3224 tam
1148 3163 1406 3236 acciditvelrei,
1423 3163 1521 3231 vel10

284 3245 418 3306 humani
440 3247 560 3324 ingenii
581 3246 673 3318 vitio,
696 3265 795 3323 quam
817 3265 930 3307 eorum
951 3246 1059 3325 culpa,
1085 3247 1142 3325 qui
1167 3245 1220 3306 vel
1244 3266 1315 3307 sero
1337 3246 1475 3308 tradunt

283 3347 355 3388 eam
367 3330 483 3390 animis
498 3330 563 3389 iam
578 3327 771 3390 educatione
785 3348 889 3408 praua
900 3330 1070 3408 corruptis,
1081 3349 1118 3390 ao
1130 3328 1224 3390 malis
1236 3329 1474 3408 cupiditatibus

284 3414 470 3492 occupatis:
493 3412 547 3473 vel
558 3411 694 3473 moleste
709 3419 744 3473 et
755 3431 890 3491 operose
904 3411 1052 3485 tradunt,
1065 3413 1166 3492 magis
1180 3413 1262 3473 illud
1272 3414 1474 3487 affectantes,

282 3502 322 3554 vt
348 3497 410 3575 ipsi
436 3495 609 3556 videantur
634 3497 734 3569 acuti,
760 3515 860 3574 quam
886 3501 926 3556 vt
950 3494 1126 3575 discipulos
1150 3496 1291 3557 reddant
1316 3496 1474 3559 meliores.

282 3578 414 3657 Alioqui
442 3578 523 3639 nihil
551 3579 654 3658 magis
682 3579 860 3640 secundum
890 3584 1045 3640 naturam
1077 3585 1137 3651 est,
1166 3599 1266 3658 quam
1300 3581 1406 3641 virtus
1441 3586 1476 3642 et
1490 3614 1521 3663 15

283 3662 433 3734 eruditio,
445 3682 529 3740 quae
540 3662 606 3723 duo
617 3663 645 3722 si
655 3661 781 3723 adimas
795 3662 928 3734 homiui,
940 3662 1005 3722 iam
1020 3661 1119 3723 homo
1133 3681 1202 3723 ease
1216 3663 1322 3724 desiit.
1352 3663 1474 3725 Vnum·

283 3745 436 3824 quodque
458 3752 570 3806 eutem
596 3744 718 3807 animal
746 3746 815 3806 eius
844 3746 890 3806 rei
918 3746 1061 3806 maxime
1089 3744 1192 3806 docile
1220 3751 1281 3819 ast,
1307 3745 1474 3824 adquam

282 3835 402 3889 natura
412 3830 629 3908 compositum
640 3835 709 3890 est:
732 3829 826 3890 velut
836 3847 939 3907 equus
951 3827 994 3888 ad
1005 3848 1145 3901 cursum,
1155 3829 1296 3890 canisad
1306 3835 1474 3904 venatum,

283 3913 353 3972 auis
368 3912 410 3972 ad
427 3912 614 3984 volandum,
630 3912 742 3973 simius
756 3911 800 3972 ad
814 3910 932 3973 lusum.
961 3911 1037 3972 Non
1046 3918 1097 3973 est
1108 3913 1207 3990 igitur
1218 3913 1307 3990 quod
1320 3920 1474 3974 naturam

282 3996 475 4068 incusemus,
491 3995 548 4055 sed
563 3996 672 4074 magni
686 3994 796 4069 reiert,
811 3995 898 4055 vnde
913 3995 1047 4074 pietatis
1061 4000 1096 4055 et
1109 3994 1300 4056 eruditionis
1314 3996 1475 4058 elementa
1488 4030 1522 4065 20

283 4079 423 4158 primum
438 4078 652 4139 hauriantur:
676 4084 748 4139 tum
764 4097 862 4157 quem
877 4077 920 4138 ed
935 4077 1015 4138 haec
1030 4077 1146 4139 ducem
1160 4079 1369 4140 nanciscatur
1383 4099 1474 4159 puer,

282 4163 473 4241 praesertim
489 4161 625 4222 rudibus
639 4162 703 4223 illis
720 4162 823 4232 annis,
839 4160 957 4240 quibus
972 4161 1136 4239 ingenium
1154 4161 1333 4223 etiamnum
1348 4182 1369 4223 a
1383 4164 1475 4223 viciis

282 4264 410 4324 purum,
434 4245 537 4306 veluti
562 4265 637 4306 cera
657 4244 774 4319 mollis,
796 4245 830 4305 in
855 4263 983 4306 omnem
1005 4243 1156 4324 fingentis
1177 4244 1328 4306 habitum
1350 4265 1474 4325 sequax

280 4335 332 4389 ast
351 4335 385 4388 et
405 4328 640 4389 obsecundans.

324 4411 443 4490 Itaque
465 4412 579 4473 multis
595 4410 781 4473 nominibus
801 4430 861 4472 vos
877 4410 987 4472 felices
1004 4410 1122 4483 iudico,
1144 4412 1342 4472 ornatissimi
1364 4413 1474 4492 pueri:
1488 4444 1521 4494 25

281 4496 423 4574 primum
445 4496 534 4574 quod
556 4495 616 4556 hoo
634 4493 744 4556 seculo
762 4496 834 4555 nati
852 4493 932 4567 sitis,
953 4513 1020 4572 quo
1037 4500 1076 4554 vt
1093 4513 1191 4555 verae
1210 4496 1353 4574 piatatis,
1371 4497 1420 4556 ita
1440 4502 1476 4556 et

280 4578 422 4639 melioris
448 4579 638 4639 literaturae
660 4578 840 4657 synceritas
864 4576 997 4638 mirifice
1018 4576 1149 4638 reuixit.
1193 4577 1279 4638 Nam
1301 4598 1353 4639 me
1374 4597 1475 4659 puero

280 4662 423 4723 multum
443 4662 683 4741 superstitionis
703 4661 848 4722 habebat
865 4660 986 4738 religio,
1005 4667 1042 4721 et
1059 4661 1093 4720 in
1112 4660 1231 4721 scholis
1253 4660 1475 4724 adolescentes

280 4764 408 4806 summo
430 4746 577 4807 cruciatu
596 4743 677 4805 nihil
694 4743 761 4805 iera
779 4743 957 4816 discebant,
975 4744 1038 4803 nisi
1055 4742 1296 4806 dediscendum.
1339 4745 1474 4819 Deinde,

280 4829 369 4906 quod
386 4829 413 4889 is
430 4828 525 4889 vobis
546 4834 640 4908 pater
658 4827 804 4906 contigit,
823 4827 881 4905 qui
898 4826 1017 4887 liberos
1038 4846 1114 4888 suos
1135 4846 1251 4907 parum
1270 4827 1384 4889 beatos
1405 4829 1475 4890 iore
1488 4864 1522 4916 30

313 4981 388 5029 2584.
409 4994 431 5029 1.
450 4979 507 5040 ille]
519 4978 601 5044 Verg.
615 4977 705 5042 (iecra.
717 4992 742 5028 2.
755 4990 814 5041 272.
901 4977 944 5028 Οἱ.
957 4977 1160 5044 Shekaspeare,
1174 4977 1287 5030 Troilus
1299 4992 1323 5030 2.
1336 4993 1360 5029 2.
1375 4982 1432 5031 166.

312 5048 337 5095 8.
350 5046 528 5108 Artatooeles]
536 5045 688 5100 mallia.
697 5059 720 5095 r.
726 5059 751 5114 3.
759 5058 850 5109 10950.

311 5159 389 5210 452e
849 5125 908 5189 ”d
