4042 5900
430 666 494 725 474
779 662 977 726 LETTERS
997 662 1054 726 OF
1075 662 1279 727 ERASMUS
1546 667 1634 742 [1532

431 824 500 902 spei
514 823 649 895 iuuenis,
664 824 721 901 qui
735 829 770 884 et
784 823 846 883 tibi
860 823 983 885 scribit.
1013 821 1197 902 Suoquetus
1212 829 1328 903 petens
1343 822 1485 884 Italiam
1504 822 1634 883 Taurini

432 905 585 967 detentus
599 911 660 978 est,
675 905 794 967 salario
808 912 941 968 centum
955 912 1199 969 coronatorum.

474 989 558 1049 Lens
573 990 608 1049 in
621 988 739 1067 Anglia
750 995 869 1050 vnctus
883 995 933 1051 est
948 989 1217 1070 Archiepiscopus
1232 990 1465 1062 Eboracenais‚
1477 989 1515 1049 in
1530 990 1633 1050 locum

431 1071 623 1133 cardinalis.
667 1072 839 1134 Vulturina
853 1073 1021 1153 Augustae
1039 1079 1157 1134 nactus
1170 1078 1222 1134 est
1236 1092 1373 1153 magnos
1393 1072 1542 1134 fauores.
1585 1073 1632 1133 Ibi

385 1170 419 1230 65
432 1156 644 1217 concionatur
664 1154 791 1235 Capito,
813 1175 872 1217 nec
894 1158 1003 1217 miror.
1047 1156 1263 1218 Ecclesiastae
1284 1176 1384 1218 suum
1407 1162 1520 1235 egunt
1542 1176 1630 1235 nego

432 1240 518 1299 cium
531 1261 539 1311 ;
564 1239 599 1299 ni
613 1238 815 1318 perdiderint
829 1239 1012 1318 complures
1029 1240 1192 1313 ciuitates,
1207 1241 1270 1319 ipsi
1284 1240 1411 1320 perditi
1425 1245 1520 1301 sunt.
1565 1239 1631 1300 Iam

432 1328 544 1383 tamen
558 1328 610 1383 est
621 1323 750 1384 mitior:
773 1322 870 1383 docet
884 1322 1036 1403 Papistas
1050 1342 1117 1384 non
1128 1343 1197 1385 esse
1208 1323 1362 1385 ledendos
1374 1330 1440 1386 aut
1450 1323 1629 1402 cogendos:

432 1410 565 1466 tantum
594 1405 755 1466 orandum
784 1426 804 1466 a
830 1406 900 1467 Deo
927 1411 967 1467 vt
994 1405 1085 1467 afflet
1108 1406 1240 1468 illorum
1264 1413 1412 1486 pectora.
1457 1406 1527 1467 Sed
1552 1406 1630 1467 hunc

432 1489 716 1550 mansuetudinem
738 1488 851 1550 docuit
872 1488 944 1550 illos
964 1489 1146 1550 calamitas.
1191 1490 1298 1551 Multo
1320 1490 1424 1551 uliam
1445 1490 1629 1551 cantionem

386 1595 419 1645 70
432 1571 572 1633 canebat
597 1570 876 1651 Oecolampadius.
928 1572 1109 1652 Episcopus
1134 1573 1349 1653 Augustensis
1375 1574 1469 1653 petit
1493 1592 1627 1634 conuen-

432 1661 523 1715 tum:
556 1654 645 1733 quod
669 1661 780 1716 tamen
803 1674 837 1716 se
858 1654 1025 1716 facturum
1047 1662 1233 1735 negauerat.
1276 1656 1397 1718 Ieniua
1420 1663 1476 1718 est
1500 1657 1628 1736 Pupistc

431 1757 529 1817 quam
545 1737 669 1800 vellent
682 1737 825 1817 quidam.

472 1821 590 1901 Agitur
621 1822 687 1882 iam
718 1841 793 1882 cum
827 1822 963 1883 ciuitate
996 1822 1192 1895 Zweinburt‚
1222 1823 1249 1883 si
1285 1822 1367 1884 velit
1400 1823 1628 1904 obtemperem

430 1903 570 1966 Caesari.
613 1904 806 1983 Purgabunt
826 1911 861 1966 et
880 1905 962 1966 alias
984 1906 1136 1967 ciuitates
1157 1925 1242 1985 quae
1267 1906 1378 1985 palam
1402 1906 1558 1967 nondum
1577 1907 1628 1967 ad·

385 2012 418 2062 75
431 1989 591 2049 miserunt
605 1994 719 2048 sectas.
763 1987 836 2049 Iam
851 2007 938 2049 nnnc
957 1989 1127 2050 minantur
1141 1989 1307 2068 Theologo
1326 2008 1411 2063 meo,
1428 1991 1543 2051 multa
1555 1990 1626 2051 obii-

431 2074 563 2143 cientes‚
579 2071 635 2132 sed
649 2071 716 2132 duo
730 2072 912 2151 praecipue,
927 2071 1017 2150 qnod
1030 2072 1203 2133 caluicium
1218 2072 1319 2133 habet
1333 2092 1395 2152 pro
1410 2092 1541 2147 mura,
1556 2075 1627 2134 item

432 2154 520 2234 quod
535 2155 709 2233 aliquoties
720 2156 846 2234 accepit
860 2154 1102 2216 Eucharistiam
1113 2157 1200 2216 inter
1214 2156 1322 2217 laicos.
1367 2155 1473 2217 Ἀλλὰ
1486 2156 1627 2235 ταῦτάγε

431 2262 586 2394 idriis,
602 2237 1251 2401 Euntffitffittifftc
1265 2238 1627 2401 inimicit

386 2413 420 2462 80
432 2405 591 2485 plurimas
605 2404 707 2465 habet
721 2404 824 2465 dotes.
868 2404 1002 2465 Eccium
1016 2411 1051 2466 et
1066 2405 1209 2466 Fabrum
1224 2407 1321 2467 nosti.

474 2487 524 2549 De
539 2487 638 2548 domo
652 2507 718 2548 non
732 2488 873 2567 amplius
887 2507 1001 2566 agam:
1024 2489 1167 2568 optarim
1187 2494 1299 2550 tamen
1313 2508 1384 2551 esse
1401 2490 1625 2552 commodiori·

432 2571 494 2632 bus
508 2570 750 2631 conditionibus
765 2589 864 2649 quam
880 2572 1043 2651 proposui.

474 2654 508 2716 Si
523 2661 582 2716 tuo
593 2653 765 2715 commodo
779 2654 843 2715 huc
855 2656 991 2727 veneris,
1004 2654 1115 2716 nullus
1127 2656 1244 2735 hospes
1255 2656 1361 2734 possit
1371 2657 1487 2718 venire
1497 2657 1626 2736 gratior.

433 2737 525 2799 Tunc
540 2738 574 2798 in
589 2738 695 2798 sinum
709 2739 829 2799 omnia.
874 2737 1096 2818 Expectamns
1117 2745 1152 2800 et
1165 2739 1367 2812 Anselmum,
1382 2739 1442 2800 sed
1457 2759 1573 2801 vereor
1592 2758 1627 2800 nc

386 2829 419 2891 85
433 2822 543 2882 serius.

474 2903 570 2979 Quod
583 2903 699 2985 Capito
713 2910 812 2984 negat
822 2924 892 2966 esse
906 2904 1067 2985 cogendos
1081 2905 1125 2967 ed
1139 2911 1273 2980 sectam,
1287 2907 1357 2987 ipse
1371 2905 1417 2967 ad
1431 2926 1487 2969 me
1502 2908 1628 2987 scripsit

432 2989 614 3069 Episcopus
642 2989 865 3068 Augustensis.
908 2988 980 3050 Hoc
1014 2995 1244 3068 argumentum
1272 2990 1335 3050 tibi
1363 2990 1516 3070 proderit
1545 2990 1628 3071 apud

432 3073 672 3150 magistratum.
716 3072 781 3133 Per
795 3078 847 3132 est
861 3071 935 3133 illos
949 3072 1010 3133 hoc
1025 3072 1130 3133 facere
1145 3073 1234 3151 quod
1248 3072 1302 3134 ille
1316 3073 1414 3135 docet
1429 3076 1484 3135 cui
1499 3081 1627 3136 tantum

433 3155 594 3216 tribuunt.

386 3260 421 3305 90
474 3238 642 3318 Augustae
677 3239 799 3319 recepti
832 3244 911 3299 aunt
939 3240 973 3299 in
1001 3240 1232 3318 magistratum
1267 3259 1349 3318 quos
1381 3241 1627 3302 submonerent.

433 3322 584 3383 Alterum
607 3327 657 3383 est
683 3323 754 3382 istis
779 3322 974 3394 faciendum,
997 3328 1036 3382 vt
1058 3329 1118 3383 aut
1139 3323 1346 3384 moderandis
1368 3324 1470 3384 rebus
1494 3324 1629 3386 eludant

433 3406 517 3466 hanc
532 3411 773 3484 tempestatem,
789 3411 849 3466 aut
863 3411 935 3467 toto
951 3424 1084 3484 corpore
1099 3425 1133 3466 se
1148 3414 1267 3485 parent
1280 3405 1440 3468 aduersus
1455 3409 1537 3469 vim.
1572 3407 1629 3468 Sed

432 3489 514 3550 illud
529 3490 620 3569 priua
634 3488 714 3549 mihi
729 3488 861 3549 videtur
875 3488 1065 3550 consultius.
1110 3489 1199 3550 Bone
1214 3490 1297 3550 vale.

476 3572 626 3651 Fribnrgi
641 3587 690 3648 25.
706 3571 768 3632 die.
784 3572 904 3633 Martii.

386 3677 419 3725 95
1125 3655 1282 3736 Agnoscis
1296 3663 1394 3717 tuum
1408 3676 1452 3717 ex
1469 3659 1591 3719 animo.

474 3762 602 3824 Clariss.
619 3764 689 3824 viro
703 3763 744 3824 D.
761 3763 928 3825 Boniiacio
943 3764 1168 3825 Amerbachio.
1213 3764 1369 3825 Basileae.

466 3969 508 4015 61.
526 3965 696 4031 Sucquetus]
750 3965 866 4030 Viglius'
919 3965 1004 4015 latter
1054 3971 1086 4015 to
1097 3965 1217 4014 reatrain
1229 3965 1291 4014 Eck
1302 3979 1349 4013 see
1359 3963 1415 4029 Ep.
1428 3977 1507 4029 ²503·

432 4033 536 4098 speaks
545 4032 611 4098 (Ep.
621 4047 697 4097 2594.
706 4032 822 4097 45-6)01
834 4032 959 4096 Suoquet
972 4047 1004 4081 aa
1088 4033 1130 4095 84.
1148 4030 1326 4092 Anselmum]
1348 4030 1489 4081 Erasmus
1511 4031 1571 4082 had
1592 4033 1630 4081 in·

433 4099 566 4149 detained
580 4100 610 4148 in
625 4099 723 4158 Turin,
739 4100 793 4149 but
808 4100 857 4149 the
871 4098 958 4149 detail
974 4099 1004 4148 oi
1054 4097 1134 4147 vited
1145 4098 1308 4163 Ephorinus
1319 4103 1351 4147 to
1359 4097 1415 4147 live
1423 4098 1455 4146 in
1464 4098 1630 4163 thegrormd

433 4167 483 4216 the
503 4166 596 4230 salnry
615 4181 705 4216 seems
727 4171 758 4215 to
777 4166 814 4216 be
831 4165 945 4215 derived
964 4166 1004 4230 by
1054 4164 1165 4214 floorof
1177 4164 1222 4214 his
1233 4180 1296 4214 new
1307 4164 1412 4222 house;
1430 4165 1545 4230 seeEp.
1558 4179 1629 4229 2554·

433 4232 569 4283 Erasmus
580 4233 653 4282 from
665 4232 785 4282 another
797 4232 960 4282 informant.
1055 4246 1130 4295 24-7,
1142 4232 1178 4281 ci.
1191 4231 1246 4296 Ep.
1259 4244 1334 4293 ²535·

466 4300 683 4362 63.1nus]1,00
695 4314 754 4348 was
770 4299 906 4348 anointad
925 4298 1003 4348 arch-
1089 4300 1130 4347 86.
1149 4297 1273 4362 scripsit]
1297 4298 1353 4362 Ep.
1375 4311 1442 4360 ²59²
1470 4299 1572 4348 makes
1596 4313 1631 4347 no

433 4366 535 4432 bishop
547 4367 577 4416 oi
588 4366 667 4416 York
681 4380 712 4415 10
723 4365 790 4415 Dec.
805 4379 878 4427 1531.
1054 4365 1183 4414 mention
1194 4365 1224 4413 oi
1235 4364 1346 4430 Capito.

466 4447 508 4498 73.
527 4431 700 4493 Zweinburt]
735 4432 922 4482 Schwainimt
957 4447 1005 4481 ern
1089 4445 1131 4491 90.
1149 4446 1221 4495 quos
1233 4429 1449 4491 submonerent]
1457 4432 1573 4497 Among
1584 4431 1631 4480 the

433 4499 519 4559 Mein,
531 4515 549 4549 a
561 4500 619 4549 ires
630 4505 708 4549 town
719 4499 749 4548 oi
760 4499 810 4548 the
821 4498 936 4563 empire.
1056 4513 1173 4562 persons
1195 4497 1329 4574 remoped
1352 4498 1426 4547 irom
1451 4498 1504 4547 tha
1529 4498 1631 4548 Senatc

466 4579 507 4683 2⁷³3]
525 4565 670 4694 mii
678 4565 1005 4697 &ostioliss'actempc
1055 4563 1558 4697 {geppgosspppmpparpdprgggam
1588 4579 1631 4614 sea
