4042 5900
516 593 578 654 314
863 590 1061 652 LETTERS
1082 590 1138 653 OF
1158 588 1364 653 ERASMUS
1633 594 1730 670 [1531

516 770 579 830 que
594 750 713 811 litteris
726 750 901 829 praestitit,
917 751 1152 812 successionem
1169 769 1343 829 capessere,
1357 750 1465 811 facere
1483 769 1558 811 non
1577 769 1730 830 possum,

516 836 596 913 quin
609 836 680 895 eius
693 833 940 895 beneuolentiae
952 853 1019 912 qua
1029 852 1156 913 semper
1166 833 1258 894 illum
1273 839 1492 914 prosequutus
1502 852 1583 895 sum
1601 834 1729 895 bonam

473 944 503 993 15
516 917 689 996 partemin
698 923 732 977 te
743 916 948 977 transferam.
985 917 1096 995 Atque
1106 918 1234 977 vtinam
1245 918 1400 977 instituto
1409 923 1469 977 tuo
1477 922 1622 978 tantum
1634 917 1728 977 adiu-

517 1002 619 1061 menti
633 1001 753 1079 possim
765 1000 902 1072 adferre,
914 1006 1076 1078 quantum
1088 1006 1123 1060 et
1133 1000 1186 1060 hic
1197 1002 1290 1079 cupit
1300 1001 1437 1070 animus,
1449 1006 1485 1061 et
1495 1005 1560 1061 tua
1570 1001 1643 1061 ista
1654 1019 1728 1080 pro·

517 1089 660 1144 meretur
668 1084 784 1143 virtus.
820 1082 883 1144 Sed
892 1083 972 1143 haec
980 1090 1081 1156 aetas,
1091 1082 1170 1144 haec
1182 1082 1348 1156 valetudo,
1358 1083 1552 1144 iamdudum
1565 1102 1587 1143 a
1595 1084 1727 1145 studio·

517 1186 590 1226 rum
607 1165 783 1239 laboribus,
799 1168 826 1225 si
845 1168 952 1226 minus
972 1165 1095 1238 rudem,
1116 1173 1203 1226 certe
1223 1167 1442 1227 remissionem
1462 1166 1606 1245 flagitat,
1624 1167 1729 1246 idque

517 1269 577 1310 suo
591 1251 669 1309 iure.
707 1249 846 1310 Proinde
861 1269 926 1309 non
941 1257 993 1310 est
1003 1249 1093 1327 quod
1104 1268 1163 1309 vos
1174 1247 1384 1327 ἐργοδιῶκται,
1396 1248 1516 1327 quibus
1525 1249 1728 1329 frequenter

472 1360 505 1395 20
518 1332 749 1410 obsequentior
763 1332 811 1392 fui
826 1351 925 1410 quam
941 1332 1021 1392 mihi
1035 1333 1100 1393 fuit
1111 1351 1202 1412 opus,
1214 1334 1395 1412 expectetis
1406 1352 1426 1392 a
1437 1351 1489 1393 me
1499 1334 1597 1411 paria
1607 1352 1727 1411 pensa.

560 1415 632 1475 Hoc
654 1435 732 1476 vero
753 1422 900 1495 tempore
921 1435 993 1476 sum
1016 1417 1049 1475 in
1068 1434 1107 1475 eo
1126 1435 1234 1476 rerum
1253 1421 1345 1476 statu
1359 1422 1408 1487 vt,
1428 1417 1455 1475 si
1473 1417 1622 1476 maxime
1638 1416 1729 1477 desit

518 1500 638 1559 aetatis
659 1506 718 1559 aut
739 1498 938 1559 valetudinis
958 1500 1136 1571 excusatio,
1158 1498 1201 1559 ab
1222 1500 1311 1559 omni
1332 1517 1500 1559 musarum
1523 1500 1729 1560 commercio

518 1584 579 1642 sim
604 1581 828 1643 alienissimus.
873 1581 1027 1661 Rogabis,
1053 1582 1133 1659 quid
1161 1600 1267 1642 nouae
1295 1583 1364 1642 rei?
1406 1581 1495 1642 Num
1520 1589 1556 1642 et
1583 1600 1728 1643 vxorem

519 1666 690 1726 duxerim?
735 1665 886 1726 Profecto
905 1685 974 1725 rem
993 1663 1079 1725 facio
1093 1684 1177 1743 quaa
1194 1664 1274 1725 mihi
1293 1684 1352 1725 nec
1371 1666 1478 1725 minus
1497 1664 1643 1726 molesta
1664 1672 1728 1738 est,

474 1774 505 1822 25
518 1767 577 1809 nec
601 1750 707 1808 minus
730 1767 874 1827 operosa,
898 1767 957 1809 nec
980 1749 1087 1808 minus
1108 1748 1215 1808 aliena
1236 1747 1279 1808 ab
1300 1750 1427 1826 ingenio
1451 1748 1615 1826 genioque
1638 1768 1726 1809 meo.

519 1831 625 1892 Aedes
639 1831 691 1891 hic
706 1838 868 1891 mercatus
882 1851 954 1891 sum
969 1830 1099 1891 bonesti
1112 1831 1245 1909 quidem
1259 1833 1408 1905 nominis,
1420 1831 1476 1891 sed
1490 1831 1597 1909 iniqui
1611 1833 1727 1910 precii.

520 1914 639 1993 Itaque
660 1915 815 1975 Erasmus
836 1913 900 1987 ille,
919 1933 1029 1974 rerum
1050 1916 1196 1975 omnium
1217 1914 1388 1993 dispendio
1408 1914 1591 1975 literarium
1613 1916 1728 1975 ocium

520 1998 675 2058 redimere
694 1998 820 2070 solitus,
839 2016 926 2058 nunc
944 1997 1100 2070 licitatur,
1121 1998 1296 2069 contrahit,
1316 1997 1505 2076 stipulatur,
1520 2003 1630 2070 oauet,
1646 2017 1727 2059 oon·

520 2081 608 2153 sulit,
625 2081 809 2154 demolitur,
824 2082 959 2154 extruit,
974 2100 1043 2141 rem
1058 2080 1159 2141 habet
1173 2100 1248 2141 cum
1262 2079 1364 2141 fabris
1378 2080 1553 2160 lapidariis,
1564 2080 1727 2160 lignariis,

475 2191 509 2239 3⁰
520 2164 670 2236 ferrariis,
682 2165 834 2237 vitrariis,
845 2165 932 2224 nosti
943 2183 1045 2243 genus
1057 2164 1234 2235 hominum,
1247 2170 1343 2225 tanto
1354 2183 1429 2224 cum
1444 2163 1541 2236 tedio,
1553 2170 1594 2225 vt
1609 2164 1726 2225 malim

521 2253 630 2308 totum
649 2249 823 2308 triennium
841 2249 876 2307 in
890 2245 1072 2325 quamlibet
1086 2248 1206 2325 iniquis
1220 2246 1403 2307 studiorum
1419 2246 1586 2307 laboribus
1598 2249 1727 2308 versari

522 2349 620 2409 quam
644 2332 776 2390 vnicum
801 2349 944 2392 mensem
969 2330 1030 2391 hoc
1053 2349 1168 2409 genere
1189 2349 1339 2390 curarum
1361 2331 1487 2409 agitari.
1531 2329 1601 2390 Nec
1623 2337 1728 2391 antea

523 2433 665 2492 unquam
675 2414 807 2492 perinde
818 2420 919 2492 atque
930 2433 1016 2473 nunc
1027 2412 1173 2474 intellexi
1185 2419 1386 2492 quantopere
1397 2414 1542 2492 sapuerit
1550 2412 1726 2492 Diogenes,

522 2499 579 2575 qui
599 2496 751 2557 maluerit
771 2496 814 2557 ad
833 2496 956 2557 dolium
976 2497 1148 2575 confugere
1170 2516 1269 2575 quam
1289 2515 1364 2556 cum
1386 2495 1509 2556 talibus
1530 2496 1725 2557 conflictari.

477 2604 509 2655 35
522 2580 596 2640 Huc
611 2581 813 2641 miseriarum
828 2600 879 2640 me
894 2580 1018 2659 redegit
1032 2580 1128 2640 huius
1147 2579 1246 2640 seculi
1263 2579 1445 2652 infelicitas,
1460 2587 1495 2641 et
1514 2580 1726 2657 quorundam

522 2663 636 2724 fucate
663 2663 866 2742 improbitas,
892 2683 974 2742 quos
1003 2662 1180 2741 aliquando
1209 2663 1347 2723 fortasse
1376 2682 1443 2723 non
1470 2661 1635 2723 fraudabo
1665 2683 1726 2724 sua

523 2746 628 2807 laude.
672 2746 781 2825 Atque
795 2748 829 2806 in
844 2746 894 2806 his
908 2746 1002 2806 malis
1014 2747 1147 2806 minima
1158 2746 1381 2806 molestiarum
1392 2746 1500 2825 portio
1510 2750 1562 2806 est
1573 2765 1725 2807 nummo·

524 2850 596 2891 rum
611 2829 741 2890 assidua
756 2829 910 2909 profusio.
955 2830 1005 2890 Tu
1021 2830 1171 2890 coniicito
1186 2837 1323 2890 caetera.

566 2913 656 2974 Haec
670 2932 708 2974 eo
726 2932 952 2985 commemoro,
968 2914 1013 2974 mi
1031 2913 1183 2993 Heruagi,
1200 2919 1238 2973 vt
1259 2912 1335 2973 boni
1353 2912 1503 2974 consulas
1524 2911 1614 2992 quod
1636 2931 1726 2974 nuno

477 2999 631 3074 4omitto,
657 3017 723 3057 non
749 2997 929 3057 cuiusmodi
954 2997 1041 3068 volo,
1067 2995 1124 3056 sed
1153 2995 1334 3056 cuiusmodi
1362 3016 1504 3076 possum.
1548 2995 1637 3057 Nam
1663 2996 1726 3057 hoc

524 3080 723 3141 mittendum
735 3087 815 3152 erat,
828 3087 887 3140 aut
902 3080 992 3140 nihil.
1027 3080 1126 3139 Mitto
1140 3087 1251 3140 autem
1263 3079 1417 3158 epistolas
1431 3079 1558 3158 aliquot
1572 3079 1725 3140 florulen-

525 3171 586 3224 tas.
631 3163 703 3224 Soio
719 3169 751 3222 te
766 3165 877 3223 mirari
892 3163 971 3242 quid
986 3163 1047 3222 hoc
1063 3162 1220 3223 sittituli.
1265 3161 1328 3222 Sed
1346 3163 1427 3223 nihil
1444 3182 1581 3242 magnae
1599 3164 1646 3223 rei
1664 3171 1725 3235 est,

525 3266 565 3307 ne
581 3247 660 3325 quid
675 3246 770 3306 fallas
785 3248 935 3325 teipsum.
973 3246 1035 3307 Vix
1051 3245 1113 3305 hoc
1124 3246 1248 3325 opellae
1259 3265 1316 3325 per
1327 3247 1535 3307 turbulentas
1545 3246 1727 3324 emigrandi

525 3337 559 3390 et
574 3329 779 3408 immigrandi
794 3331 1023 3408 occupationes
1037 3329 1129 3389 licuit
1145 3349 1280 3402 sumere,
1293 3335 1331 3388 vt
1343 3349 1384 3389 ex
1399 3331 1557 3389 immenso
1571 3329 1725 3409 epistola·

480 3438 512 3490 45
525 3433 597 3473 rum
620 3433 736 3473 aceruo
758 3413 898 3474 flosculis
920 3419 1069 3474 notarem
1091 3431 1174 3490 quas
1195 3412 1363 3490 expediret
1385 3413 1511 3485 excudi,
1534 3431 1725 3491 quanquam

526 3499 582 3557 vix
605 3497 688 3556 vllas
710 3498 743 3556 in
765 3497 826 3557 hoc
848 3497 986 3556 scribere
1009 3495 1106 3556 soleo.
1151 3495 1223 3555 Hoc
1245 3496 1400 3574 quicquid
1422 3502 1473 3556 est
1494 3494 1606 3568 libelli,
1627 3495 1727 3573 quale

526 3579 622 3658 quale
644 3586 703 3652 est,
726 3580 788 3640 tibi
809 3586 897 3640 certe
914 3580 1038 3640 bonum
1059 3599 1127 3639 esse
1147 3580 1261 3658 cupio:
1285 3579 1347 3639 erit
1366 3585 1487 3651 autem,
1506 3580 1533 3638 si
1553 3579 1586 3638 in
1608 3578 1726 3639 distra-

526 3663 633 3724 hendo
651 3665 785 3723 senseris
803 3670 899 3723 tuum
916 3661 1099 3741 τρικέφαλον
1120 3661 1238 3740 Ἑρμῆν
1259 3663 1321 3722 tibi
1338 3662 1437 3722 fuisse
1456 3663 1646 3742 propitium,
1669 3663 1728 3740 qui

526 3766 639 3825 precor
660 3753 699 3806 vt
720 3747 782 3806 tibi
804 3748 891 3807 viam
912 3751 1147 3806 commonstret
1166 3746 1441 3824 compendiariam
1460 3744 1537 3823 πρὸς
1556 3743 1614 3823 τὴν
1632 3744 1727 3806 πλου-

481 3828 661 3904 5οτόπολιν,
688 3849 753 3908 quo
778 3849 864 3889 nuno
890 3830 957 3890 fere
979 3834 1157 3908 properant
1180 3848 1301 3901 omnes,
1324 3837 1361 3890 at
1384 3849 1450 3889 non
1471 3829 1543 3908 pari
1564 3847 1727 3890 successu.

527 3911 589 3973 Sed
604 3919 699 3973 extra
714 3915 830 3985 iocum,
845 3932 959 3991 precor
974 3919 1012 3972 vt
1027 3912 1195 3984 Dominus,
1208 3914 1385 3991 sospitator
1396 3931 1492 3972 verus
1504 3931 1542 3971 ac
1556 3930 1727 3991 prospera·

527 4002 580 4056 tor
602 3998 755 4069 omnium,
779 4003 928 4056 sanctum
951 3995 1040 4056 istud
1060 3996 1249 4056 institutum
1271 4003 1366 4055 tuum
1386 3995 1468 4055 bene
1484 3994 1651 4055 fortunat:
1674 3997 1729 4056 cui

528 4099 593 4140 non
615 4099 726 4139 sumus
747 4099 807 4158 pro
829 4086 942 4140 nostra
963 4078 1251 4157 quantulacunque
1270 4081 1421 4158 portione
1439 4078 1593 4149 defuturi,
1614 4079 1727 4138 simul-

527 4169 628 4241 atque
652 4164 809 4242 pristinae
834 4162 1069 4241 tranquillitati
1094 4162 1213 4222 redditi
1234 4162 1400 4222 fuerimus.
1445 4161 1533 4222 Bene
1555 4160 1629 4221 vale
1651 4181 1729 4223 cum

481 4272 514 4322 55
528 4246 590 4307 tibi
605 4246 808 4306 charissimis.

569 4329 667 4408 Apud
682 4329 875 4408 Friburgum
891 4329 1064 4408 Brisgoiae,
1079 4328 1182 4408 pridie
1198 4328 1365 4389 Laurentii
1379 4343 1549 4388 arraxxxl.

564 4496 604 4541 19.
622 4479 928 4598 misangprffxodus
940 4495 964 4542 3.
977 4494 1001 4543 7.
1152 4479 1316 4594 iperssresas
1322 4477 1533 4595 Irlpcsrlpegilohswsee
1545 4477 1727 4594 &ffb

562 4553 605 4680 13:
623 4548 781 4678 ,tlibi
804 4551 1101 4678 seilisas„
1152 4562 1216 4675 ξφ,
1233 4553 1450 4670 tibist,
1467 4545 1597 4675 altit:
1613 4563 1732 4677 2231&

529 4681 800 4732 introducedanew
809 4681 943 4746 printer's
952 4681 1050 4730 device
1059 4681 1103 4730 for
1153 4681 1211 4729 and
1233 4679 1374 4737 Gaisford,
1397 4678 1511 4736 Suidus,
1535 4695 1592 4729 aa.
1642 4678 1730 4730 From

530 4749 581 4799 the
592 4748 682 4799 books
693 4748 722 4797 of
734 4748 778 4798 his
789 4747 861 4806 firm
871 4761 889 4796 a
900 4746 1103 4797 three-headed
1153 4746 1208 4810 Ep.
1230 4758 1296 4809 2524
1316 4747 1340 4794 it
1362 4761 1484 4810 appears
1504 4746 1570 4796 that
1592 4745 1731 4799 Erasmus

531 4815 666 4866 Hermes:
685 4815 730 4865 for
751 4815 802 4865 tha
824 4813 1050 4878 representation
1072 4811 1103 4862 of
1153 4812 1211 4862 had
1222 4812 1374 4876 suggested
1386 4828 1403 4861 a
1414 4812 1548 4863 different
1559 4811 1666 4863 device.
