4042 5900
525 664 587 726 332
852 662 1050 726 LETTERS
1071 663 1127 726 OF
1148 660 1353 725 ERASMUS
1630 664 1731 740 [1531

524 841 657 883 causam
683 841 782 902 quem
808 823 940 885 subiicis
964 842 1033 884 non
1057 824 1139 883 satis
1164 820 1329 901 intelligo:
1359 840 1426 883 non
1451 820 1540 900 quod
1562 820 1732 881 inuidiam

525 907 684 980 timerem,
710 907 829 985 inquis,
855 906 913 967 scd
937 906 1027 985 quod
1055 925 1110 967 eas
1138 905 1242 986 pluris
1270 905 1419 978 iacerem,
1446 923 1545 984 quem
1574 910 1616 964 vt
1643 903 1732 964 mihi

525 988 658 1049 inscribi
682 989 857 1051 deberent:
891 991 1070 1069 opteuique
1094 990 1215 1069 potius,
1241 995 1280 1049 vt
1308 1008 1422 1050 verum
1450 988 1592 1049 amicum
1618 987 1730 1061 decet,

524 1090 637 1133 earum
654 1073 900 1134 immortalitati
916 1092 1017 1152 quam
1034 1092 1125 1134 meoe
1145 1072 1299 1151 gloriolae
1320 1072 1509 1133 consultum
1527 1089 1608 1131 esse.
1653 1070 1729 1131 Vti-

479 1176 511 1228 55
525 1174 603 1216 nam
626 1175 716 1217 meae
740 1155 984 1218 lucubrationes
1005 1162 1116 1217 essent
1138 1155 1298 1216 eiusmodi
1319 1162 1359 1216 vt
1379 1154 1457 1216 talis
1481 1155 1578 1215 amici
1601 1172 1730 1215 nomen

524 1246 660 1319 possent
687 1239 731 1300 ad
759 1247 909 1319 posteros
937 1241 1173 1301 transmittere.
1216 1236 1279 1299 Sed
1308 1238 1518 1300 vehementer
1542 1256 1643 1311 erres,
1674 1239 1731 1297 vir

524 1322 763 1396 candidissime,
790 1324 894 1383 sime
919 1328 1018 1402 putas
1043 1322 1104 1384 hoc
1128 1341 1199 1384 esse
1223 1323 1342 1395 enimc,
1367 1328 1406 1382 vt
1430 1321 1616 1383 existimem
1642 1322 1730 1382 meis

524 1406 655 1484 scriptis
682 1425 723 1466 ex
752 1405 926 1467 cuiuslibet
954 1406 1115 1485 Principis
1140 1405 1241 1466 titulo
1264 1405 1340 1486 plus
1364 1405 1489 1467 decoris
1514 1422 1729 1465 accessurum

524 1507 624 1567 quem
645 1508 685 1549 ex
708 1488 851 1551 Valdesii
871 1490 1012 1551 nomine.
1055 1488 1168 1551 Hebes
1189 1496 1229 1551 tu
1249 1488 1381 1568 quidem
1403 1489 1438 1549 in
1459 1495 1493 1549 te
1514 1506 1580 1566 quo
1601 1506 1730 1548 nornen

478 1594 512 1644 4ο
524 1578 621 1633 tuum
642 1591 809 1634 consecres
831 1573 1084 1646 immortalitati,
1104 1591 1165 1634 nec
1183 1573 1304 1635 eximia
1323 1573 1431 1633 virtus
1450 1576 1599 1633 moratur
1619 1570 1729 1632 homi·

525 1674 604 1716 num
619 1654 760 1729 laudem,
772 1662 923 1718 attamen
933 1658 1019 1717 istuc
1030 1657 1170 1718 eliorum
1185 1656 1294 1729 refert,
1306 1661 1346 1716 vt
1357 1674 1432 1717 rare
1443 1655 1627 1733 virtutique
1641 1659 1730 1715 nata

524 1739 655 1817 ingenia
668 1740 857 1818 posteritati
870 1739 1057 1802 tradantur.

566 1820 673 1895 Quum
689 1829 763 1884 tota
777 1823 917 1902 epistola
930 1829 990 1884 tua
1004 1822 1105 1884 fuerit
1119 1821 1253 1883 mirifice
1270 1821 1423 1895 iucunda,
1440 1820 1588 1881 clausule
1607 1826 1729 1882 tamen

524 1905 593 1966 eius
615 1905 723 1967 multo
747 1906 812 1966 fuit
836 1906 1081 1979 iucundissima,
1106 1925 1173 1984 qua
1195 1904 1275 1965 mihi
1297 1924 1388 1984 spem
1412 1904 1567 1977 ostendis,
1590 1903 1663 1965 iore
1685 1912 1730 1965 vt

477 2008 511 2061 45
524 1987 617 2049 breui
631 1990 779 2050 cominus
794 1990 880 2050 inter
895 2009 955 2051 nos
969 1989 1203 2068 colloquamur.
1247 1987 1319 2062 Qua
1333 2008 1367 2049 re
1382 1989 1439 2048 vix
1457 1986 1547 2050 aliud
1565 1987 1730 2048 ceciderit

523 2073 724 2152 exoptatius.
766 2070 830 2133 Sed
845 2073 930 2134 mele
944 2078 1057 2135 metuo
1070 2092 1112 2133 ne
1126 2078 1257 2133 tantam
1271 2071 1463 2133 felicitatem
1481 2072 1564 2131 istae
1583 2070 1728 2151 inexpli-

523 2154 645 2216 cabiles
674 2155 879 2234 negociorum
908 2156 1067 2218 cathenae
1094 2155 1189 2218 nobis
1217 2154 1399 2217 inuideant.
1441 2154 1579 2215 Interim
1608 2159 1729 2215 tamen

523 2236 586 2298 tibi
599 2238 790 2317 parabimus
804 2237 993 2318 hospitium.

565 2320 642 2400 Age,
655 2322 767 2401 siquis
781 2321 844 2383 tibi
855 2324 1028 2384 nunciaret
1042 2322 1217 2384 Erasmum
1228 2322 1433 2394 semiuiuum,
1445 2339 1484 2381 ac
1495 2339 1578 2399 pene
1589 2325 1727 2399 septua-

478 2426 512 2475 5ο
522 2405 692 2482 genarium
706 2405 838 2467 duxisse
852 2425 998 2480 vxorem,
1014 2424 1122 2468 nonne
1136 2424 1238 2467 manu
1252 2406 1399 2486 pingeres
1412 2423 1567 2483 magnam
1581 2422 1726 2477 crucem,

523 2486 756 2567 clamoresque,
779 2489 905 2570 Papae!
949 2489 1137 2569 Prodigium
1158 2489 1274 2550 audio!
1317 2488 1421 2567 Atqui
1441 2507 1483 2549 ne
1504 2488 1549 2548 sis
1569 2487 1726 2561 insciens,

523 2589 592 2631 rem
613 2571 675 2632 feci
697 2590 802 2651 neque
821 2573 929 2633 minus
949 2572 1123 2634 molestam
1145 2591 1250 2651 neque
1270 2573 1379 2632 minus
1398 2571 1539 2633 alienam
1558 2589 1579 2631 e
1600 2571 1726 2631 studiis

523 2654 717 2733 ingenioque
744 2674 826 2718 meo.
878 2655 1023 2735 Rogabis
1051 2656 1132 2735 quid
1159 2656 1219 2717 ait:
1252 2656 1317 2717 emi
1344 2655 1479 2716 domum
1507 2654 1559 2714 hic
1587 2653 1725 2732 quidem

522 2736 652 2799 honesti
675 2740 824 2812 rumoris,
848 2738 906 2801 sed
930 2740 1062 2819 iniquae
1087 2738 1302 2800 indicaturae.
1345 2738 1451 2811 Dices,
1475 2737 1554 2816 quid
1576 2736 1725 2798 accidit?

478 2841 510 2891 55
523 2819 636 2900 Longa
659 2826 719 2895 est,
745 2823 857 2895 amice,
883 2821 1006 2896 fabula,
1030 2841 1130 2902 quam
1151 2828 1300 2902 praestat
1321 2822 1356 2882 in
1380 2827 1529 2882 nostrum
1554 2839 1725 2881 reseruare

523 2904 730 2983 colloquium.
774 2904 920 2968 Tantum
943 2925 1057 2969 vereor
1079 2925 1121 2967 ne
1143 2906 1206 2968 loci
1228 2906 1370 2979 nouitas,
1392 2911 1428 2966 ct
1450 2904 1599 2966 insolitae
1622 2923 1724 2966 curae

522 3007 678 3067 magnum
706 2988 841 3067 aliquod
869 2989 991 3050 malum
1020 2996 1191 3051 accersant
1219 2989 1410 3050 valetudini.
1454 2989 1526 3049 Iam
1554 2989 1652 3060 enim,
1682 2995 1725 3049 vt

522 3073 675 3133 omittam
690 3073 764 3146 alie,
780 3072 889 3134 lenum
905 3074 1022 3152 pedem
1037 3074 1196 3153 corripuit
1211 3073 1365 3154 podagra.
1409 3071 1573 3133 Nimirum
1590 3070 1624 3130 hi
1641 3078 1724 3132 sunt

522 3160 579 3215 τοῦ
599 3154 731 3216 θανάτου
751 3155 1000 3234 παντοκράτορος
1022 3157 1190 3218 veredarii.
1234 3156 1379 3217 Accessit
1400 3156 1497 3217 hodie
1519 3154 1721 3234 dysenteria.

475 3251 509 3298 60
522 3237 665 3299 Leuinus
696 3258 788 3299 meus
821 3240 1034 3320 Panagathus
1065 3240 1171 3301 ambit
1203 3241 1312 3301 nescio
1345 3239 1425 3318 quid
1456 3239 1599 3299 muneris
1630 3238 1723 3317 apud

522 3321 683 3400 Reginam
698 3322 844 3385 Mariam.
889 3323 993 3384 Velim
1009 3324 1090 3384 mihi
1105 3323 1264 3403 significes
1283 3323 1363 3402 quid
1382 3322 1422 3383 de
1442 3323 1570 3383 iuuenis
1589 3322 1722 3401 ingenio

522 3407 653 3466 sentias.
697 3405 829 3466 Liberet
843 3413 953 3467 tecum
969 3406 1119 3487 pluribus
1136 3406 1350 3480 confabulari,
1366 3406 1423 3467 sed
1439 3405 1553 3466 eodem
1571 3411 1721 3484 tempore

521 3487 670 3569 plurimis
685 3489 892 3550 scribendum
908 3497 968 3551 est.
1013 3489 1101 3551 Vale.
1143 3490 1294 3569 Friburgi
1307 3507 1337 3569 4.
1352 3488 1420 3551 Cel.
1437 3487 1525 3568 Sept.
1543 3501 1633 3565 1531.

562 3572 719 3651 Agnoscis
734 3579 769 3634 et
782 3592 917 3635 manum
931 3581 965 3635 et
979 3575 1127 3635 animum
1141 3575 1201 3636 tui.

831 3841 931 3904 2529.
978 3838 1032 3904 To
1048 3837 1200 3905 Gnoacn
1216 3840 1414 3906 Acnrcom.

557 3971 718 4042 Epistolee
730 3972 943 4039 Paloeonaeoi,
957 3991 988 4046 p.
1003 3978 1031 4030 6.
1463 3975 1622 4046 Freiburg.

557 4047 597 4102 N.
612 4063 643 4118 p.
657 4063 730 4119 944:
751 4047 850 4104 Lond.
864 4050 948 4107 xxiv.
965 4052 1017 4106 18:
1038 4050 1102 4106 LB.
1119 4052 1200 4118 1198.
1408 4067 1445 4117 29
1458 4052 1581 4121 August
1596 4064 1679 4119 1531.

554 4173 622 4234 [For
640 4175 770 4242 Agricola
786 4191 833 4227 see
847 4177 901 4243 Ep.
920 4192 993 4242 1594.
1013 4192 1097 4240 ro5n;
1115 4179 1152 4229 ci.
1167 4178 1249 4229 Gran.
1268 4179 1303 4229 Ε.
1321 4179 1376 4244 Ep.
1396 4192 1453 4243 154.
1472 4194 1502 4243 41
1522 4195 1571 4238 n.;
1588 4179 1633 4228 hia
1650 4177 1717 4228 Ber·

519 4256 642 4291 mannua
653 4243 714 4292 siue
727 4243 759 4292 de
774 4259 802 4293 re
815 4245 953 4295 metallico
963 4260 1022 4294 was
1037 4245 1188 4310 publiahed
1202 4247 1242 4310 by
1257 4245 1369 4296 Froben
1383 4260 1455 4308 153⁰·
1491 4244 1645 4295 Plateanus
1659 4245 1718 4294 had

520 4306 648 4359 solicited
664 4308 809 4360 Erasmus’
825 4311 900 4374 good
916 4312 1011 4362 offices
1027 4313 1097 4363 with
1109 4312 1221 4363 Froben
1237 4313 1295 4363 and
1312 4312 1370 4362 had
1381 4314 1496 4363 written
1511 4327 1529 4362 a
1543 4312 1656 4376 preiacc
1671 4312 1719 4362 tor

520 4375 553 4425 it.
587 4374 723 4426 Erasmus
735 4376 848 4427 himself
858 4378 951 4428 added
963 4394 1000 4429 en
1012 4379 1210 4444 introductcry
1220 4379 1315 4438 letter,
1326 4380 1382 4444 Ep.
1395 4393 1477 4444 ²²74?
1496 4395 1542 4429 see
1554 4378 1609 4443 Ep.
1621 4381 1699 4429 2216.

553 4490 628 4568 2528.
647 4506 688 4555 41.
708 4492 830 4544 iatudK.
882 4497 958 4557 46-7.
976 4495 1186 4560 inexplicabiles
1193 4496 1268 4546 cN¹2
1286 4495 1556 4562 inexplebileassw.
1607 4495 1716 4559 47.1n·

519 4562 604 4688 amp
605 4576 661 4689 ἐκ)
662 4560 716 4676 ⁸102ss
728 4559 834 4677 ‘liam
845 4563 910 4677 miti
909 4567 980 4678 int
996 4562 1105 4627 aliquid
1120 4563 1263 4628 podagrae
1277 4563 1361 4615 affine
1373 4570 1437 4629 port
1453 4563 1578 4629 podagra
1594 4562 1658 4613 add.
1676 4562 1716 4612 Κ.

519 4756 655 4808 Erasmus
670 4773 761 4808 seems
778 4765 810 4809 to
821 4774 914 4809 ronow
925 4761 969 4811 his
980 4761 1051 4811 offer
1062 4762 1093 4812 oi
1142 4763 1233 4814 about
1244 4764 1388 4830 marrying
1399 4764 1429 4814 in
1437 4764 1481 4814 his
1490 4764 1536 4815 old
1546 4778 1597 4829 age
1609 4762 1645 4812 ei.
1659 4762 1714 4828 Ep.

518 4838 538 4873 a
555 4823 726 4882 dedication,
739 4839 777 4876 no
788 4826 867 4876 work
879 4826 910 4876 oi
920 4827 966 4878 his
977 4829 1001 4878 is
1013 4828 1091 4879 dedi·
1142 4831 1217 4892 1508.
1232 4845 1263 4895 14
1274 4846 1313 4880 n..

519 4889 603 4941 cated
623 4898 655 4942 to
678 4891 792 4952 Voldes,
814 4894 944 5008 perhaps
972 4895 1092 4946 because
1175 4910 1217 4961 55.
1235 4896 1630 4963 domum]Ci.Ep.2506.1n.

519 4956 803 5009 Valdesdiedinthe
826 4958 956 5026 ollowing
966 4976 1043 5026 year.
1175 4967 1217 5014 60.
1235 4964 1426 5027 Leuinus101.
1439 4965 1494 5030 Ep.
1506 4967 1582 5029 ²4⁶9·
1594 4977 1670 5029 4²·3·

551 5024 627 5074 2528.
644 5037 686 5087 5ο.
701 5025 1092 5094 vxorem1Foraaimilnrjeat
