4042 5900
389 678 486 756 ²404]
713 672 837 736 FROM
858 673 1005 737 PETER
1029 672 1274 737 BAEBIRIUS
1549 677 1588 735 77

387 832 549 906 liberasti,
565 832 729 895 dormiisti
742 839 778 894 et
792 833 946 913 vigilasti.
989 833 1059 895 Nec
1073 833 1161 895 enim
1176 853 1228 895 res
1242 833 1313 914 ipsa
1327 834 1482 895 canonice
1497 852 1590 895 secus

387 917 460 978 fieri
469 922 622 997 poterat;
645 935 712 977 non
726 917 814 978 enim
828 916 997 997 prebenda
1005 916 1091 978 ferre
1105 923 1238 997 poterat
1253 923 1383 979 tantam
1398 918 1589 996 pensionem

389 1020 451 1062 nec
471 1019 531 1080 ego
545 998 708 1061 habebam
724 999 955 1074 sacerdotium,
971 1020 1070 1080 super
1089 1002 1182 1062 ouius
1201 1000 1365 1062 fructibus
1383 1000 1445 1062 tibi
1459 1019 1589 1081 possem

387 1085 564 1163 assignare.
608 1083 659 1144 De
684 1083 876 1145 sacerdotiis
901 1103 965 1163 que
988 1085 1121 1145 nomine
1147 1103 1358 1165 recompensa
1383 1085 1503 1163 accepi,
1529 1102 1636 1157 nec4o

388 1167 560 1246 quibusuis
576 1166 648 1227 aliis
662 1186 748 1246 quae
762 1172 836 1228 toto
856 1166 935 1229 orbe
950 1168 1146 1240 consutunt,
1162 1169 1339 1247 quicquam
1354 1186 1501 1246 vnquam
1515 1186 1590 1228 meo

388 1250 566 1312 decanatui
589 1251 723 1311 annecti
746 1251 860 1330 petiui.
904 1249 1014 1312 Niohil
1034 1252 1201 1312 numerari
1226 1252 1324 1325 nosti,
1348 1250 1448 1311 nichil
1473 1250 1590 1312 cedula

388 1333 450 1395 abs
476 1340 510 1395 te
534 1332 655 1394 abhinc
678 1332 847 1394 biennium
871 1334 970 1394 miehi
991 1340 1216 1395 monstratum
1237 1340 1298 1407 est,
1324 1334 1382 1395 sed
1405 1352 1465 1394 nec
1490 1352 1587 1394 nunc.

389 1416 531 1478 Sernota
545 1424 618 1478 erat
636 1418 776 1495 pecunia
790 1418 896 1478 totius
915 1416 982 1477 iere
1002 1417 1100 1478 huius
1115 1419 1273 1497 temporis
1288 1416 1377 1497 apud
1392 1415 1534 1477 eundem
1548 1416 1590 1477 de

389 1500 510 1561 Hondt
533 1519 637 1580 vsque
660 1500 704 1561 ad
722 1519 868 1561 mensem
895 1500 991 1561 Iunii.
1036 1501 1121 1562 Tum
1145 1507 1357 1579 egrotauerat
1379 1500 1423 1561 ad
1448 1506 1590 1562 mortem
1602 1519 1636 1573 4⁵

389 1584 514 1656 fratem
537 1584 590 1644 cui
607 1589 737 1663 partem
754 1582 1013 1645 sacerdotiorum
1039 1584 1128 1645 credi
1147 1583 1291 1645 voluisti.
1344 1583 1438 1644 Tunc
1459 1584 1528 1663 ipse
1550 1602 1591 1644 ne

389 1668 523 1747 periret,
539 1674 639 1746 capta
657 1672 709 1727 est
727 1668 868 1747 pecunie
886 1667 929 1727 ab
949 1666 1065 1728 eodem
1080 1668 1120 1728 de
1141 1667 1277 1740 Hondt;
1299 1668 1451 1748 exposita
1465 1672 1591 1738 estnec

390 1769 480 1811 nunc
510 1751 676 1811 numerari
699 1756 819 1829 potest,
843 1751 968 1829 poterit
996 1757 1110 1812 autem
1134 1752 1220 1812 circa
1248 1749 1372 1811 festum
1402 1750 1591 1811 natiuitatis

390 1832 523 1906 Christi,
539 1833 657 1894 saltem
672 1852 732 1913 pro
747 1833 835 1894 bona
845 1840 950 1912 parte,
966 1840 1005 1894 vt
1020 1833 1196 1896 Morillono
1210 1833 1325 1895 scribsi
1339 1838 1374 1894 et
1388 1840 1428 1894 vt
1442 1852 1518 1894 eum
1529 1832 1592 1894 tibi

390 1918 593 1997 scripturum
613 1936 726 1995 spero;
750 1936 827 1978 nam
847 1918 874 1977 is
894 1917 993 1978 michi
1013 1918 1188 1978 scribserat
1201 1923 1280 1978 ante
1295 1918 1378 1978 duos
1393 1935 1523 1978 menses
1537 1916 1591 1976 vel
1604 1936 1638 1987 5ο

391 2000 511 2061 saltem
523 2019 626 2060 vnum
638 1999 744 2061 abste
758 1999 806 2060 illi
821 2001 981 2079 scriptum
999 2019 1074 2061 oum
1090 2002 1187 2062 certis
1202 2002 1423 2080 querimoniis,
1435 2019 1518 2079 quas
1532 2018 1591 2060 nec

391 2085 427 2144 in
451 2102 504 2144 me
528 2101 679 2163 agnosco,
696 2083 759 2144 nisi
776 2083 866 2162 quod
891 2083 997 2144 eidem
1023 2083 1137 2145 scribsi
1162 2104 1281 2164 rogans
1305 2082 1466 2155 eumdem,
1492 2088 1532 2143 vt
1557 2087 1592 2143 te

391 2173 513 2239 oraret,
534 2172 574 2227 vt
595 2184 669 2227 meo
690 2166 734 2227 ad
755 2186 831 2227 eum
853 2186 1009 2246 responso
1033 2167 1193 2243 (nondum
1208 2168 1296 2228 enim
1311 2174 1388 2229 tuas
1401 2185 1592 2246 acceperam

391 2250 507 2312 literas
522 2269 581 2311 nec
596 2256 630 2311 te
650 2250 816 2329 scripsisse
836 2250 880 2311 ad
899 2270 951 2311 me
966 2251 1122 2327 sciebam)
1137 2250 1238 2312 vehes
1252 2270 1322 2311 esse
1341 2257 1536 2313 contentus:
1557 2248 1593 2309 id

391 2332 483 2413 quod
498 2340 532 2394 et
548 2351 635 2393 nuno
650 2352 708 2394 oro
724 2339 766 2405 te,
783 2333 914 2394 domine
929 2334 975 2393 mi
990 2334 1135 2395 Erasme.
1179 2333 1248 2396 Nec
1267 2335 1355 2396 euim
1370 2335 1471 2395 etiam
1487 2332 1593 2394 milies
1606 2353 1638 2402 55

391 2416 565 2478 adiuratus
578 2435 707 2496 possem
721 2416 813 2477 aliud
828 2416 889 2477 tibi
904 2417 1108 2496 respondere.

436 2500 485 2560 De
500 2498 676 2579 nepotibus
691 2519 759 2560 non
770 2518 902 2578 possum
914 2499 1005 2560 aliud
1016 2500 1156 2562 scribere
1165 2520 1265 2579 quam
1277 2500 1367 2580 quod
1378 2507 1459 2562 tuno
1468 2500 1591 2579 scripsi.

392 2583 445 2644 De
464 2582 553 2644 mille
575 2582 705 2644 ducatis
728 2584 806 2655 tuis,
830 2583 872 2644 de
893 2582 1014 2663 quibus
1036 2603 1088 2644 me
1108 2586 1210 2645 iocari
1231 2584 1321 2657 diois,
1340 2584 1402 2645 hoc
1421 2590 1510 2645 certe
1524 2582 1592 2643 dixi

393 2673 539 2740 tantum,
554 2673 594 2727 vt
608 2667 706 2727 homo
721 2667 854 2727 minime
869 2666 1018 2746 indigens
1030 2686 1097 2728 non
1108 2667 1182 2748 plus
1191 2687 1276 2746 equo
1285 2674 1416 2746 vrgeret
1427 2667 1593 2727 hominem

393 2751 465 2811 sine
484 2769 574 2811 more
593 2748 806 2829 indigentem,
825 2756 860 2811 et
878 2751 1050 2830 presertim
1071 2770 1202 2812 seruum
1223 2751 1279 2829 qui
1300 2751 1387 2811 bona
1404 2749 1468 2811 fide
1482 2742 1594 2811 omnia
1605 2758 1640 2806 60

393 2853 480 2913 quae
502 2832 601 2894 debet
622 2853 697 2894 oum
715 2834 878 2914 patientia
896 2834 1065 2913 promittit
1084 2854 1119 2895 se
1138 2834 1335 2896 soluturum.
1378 2833 1470 2895 Alias
1484 2833 1545 2894 abs
1559 2840 1594 2893 te

393 2917 517 2989 literae,
533 2916 623 2997 quod
638 2918 749 2991 sciam,
765 2923 841 2997 post
855 2936 911 2978 eas
926 2917 1048 2997 quibus
1062 2936 1122 2998 ego
1139 2917 1269 2994 (aliena,
1286 2924 1325 2979 vt
1339 2917 1463 2990 scribis,
1478 2921 1593 2993 manu)

395 3003 464 3063 tuis
481 3001 644 3081 respondi,
660 3007 695 3062 et
712 3020 853 3080 quarum
868 3002 935 3063 tuis
951 3002 1160 3082 presentibus
1173 3002 1366 3081 perstringis
1380 3001 1539 3081 pauculis,
1555 3007 1594 3061 vt

394 3085 537 3157 videtur,
559 3091 802 3164 argumentum,
829 3084 937 3146 nullas
962 3086 1083 3165 accepi,
1107 3085 1165 3146 sed
1190 3104 1250 3146 neo
1273 3086 1448 3165 quisquam
1473 3084 1594 3145 abhinc

395 3169 639 3248 sesquiennium
669 3167 722 3229 vel
752 3169 854 3229 etiam
883 3168 1053 3229 biennium
1086 3169 1139 3229 hio
1171 3175 1231 3230 tuo
1259 3169 1392 3230 nomine
1420 3168 1593 3247 pecuniam
1606 3176 1640 3236 65

395 3253 535 3332 petiuit;
558 3253 615 3331 qui
635 3252 662 3312 si
683 3249 809 3323 fuisset,
826 3251 974 3331 proiecto
995 3252 1118 3313 bonam
1137 3259 1267 3331 partem
1281 3252 1419 3331 pecunie
1434 3270 1536 3330 reque
1551 3251 1595 3312 ad

396 3353 543 3396 mensem
572 3334 660 3395 Iunii
687 3335 865 3396 nouissime
894 3336 1057 3395 transacti
1086 3335 1147 3395 tibi
1176 3343 1343 3396 seruatam
1372 3335 1594 3414 comperisset,

396 3417 569 3496 eidemque
584 3418 665 3479 data
679 3417 795 3479 cedula
810 3419 975 3478 numerari
990 3418 1147 3479 iecissem.

438 3501 503 3562 Hic
525 3503 665 3562 nuncius
686 3501 770 3562 adeo
791 3500 938 3574 festinat,
960 3507 996 3562 et
1019 3520 1080 3563 nos
1104 3520 1207 3581 vsque
1231 3502 1315 3563 adeo
1339 3501 1400 3563 hoc
1424 3520 1517 3562 sacro
1542 3501 1595 3562 die

396 3585 518 3646 diuinis
532 3584 656 3646 fuimus
669 3584 830 3664 impediti,
842 3590 882 3645 vt
895 3603 963 3646 non
977 3584 1107 3646 licuerit
1121 3585 1182 3646 hae
1197 3586 1380 3658 rescribere,
1393 3584 1451 3645 sed
1465 3603 1525 3645 nec
1540 3603 1595 3645 ees
1608 3603 1642 3654 70

396 3669 478 3730 satis
493 3675 655 3730 correctas
670 3666 814 3729 reddere.

440 3750 588 3813 Tandem
613 3751 703 3830 quod
724 3752 849 3812 inuitus
872 3751 996 3813 recedis
1017 3771 1039 3813 a
1059 3771 1140 3832 pace
1161 3750 1355 3825 Christiana,
1376 3752 1515 3812 emoriar
1536 3770 1596 3830 ego

396 3835 508 3977 ἔξω
528 3853 630 3913 quam
652 3835 695 3895 ab
717 3853 756 3895 ca
776 3835 885 3914 patiar
903 3854 956 3896 me
977 3835 1090 3897 diuelli
1111 3837 1212 3897 etiam
1233 3854 1308 3897 cum
1331 3835 1428 3914 plane
1447 3835 1594 3895 inimicis.

396 3999 441 4060 ali
463 3964 471 3989 ,
486 3936 610 3997 precor,
626 3918 742 3979 metire
757 3937 808 3978 res
823 3937 890 3979 non
904 3938 945 3979 ex
961 3919 1032 3980 solo
1047 3925 1106 3981 tuo
1122 3919 1251 3992 iudicio,
1267 3918 1439 3979 sedetiam
1455 3918 1596 3979 admitte

441 4019 550 4062 enum.
1609 4016 1642 4071 75

659 4114 699 4163 52.
718 4103 773 4153 nisi
783 4102 861 4168 quod
872 4103 1053 4168 scripsimus:
1071 4104 1149 4170 quod
1161 4105 1215 4155 nisi
1228 4109 1261 4154 vt
1272 4103 1337 4154 Me.

431 4249 474 4300 4ο.
492 4234 667 4297 sacerdotiis]
684 4235 735 4287 See
750 4237 805 4302 Ep.
821 4250 895 4300 1094,
910 4239 973 4297 28n,
1024 4239 1188 4299 adcedam).

397 4316 460 4364 zon.
1057 4320 1099 4370 49.
1117 4305 1275 4366 Morillono]
1288 4306 1339 4356 See
1350 4305 1404 4370 Ep.
1417 4320 1465 4369 532
1477 4306 1582 4356 introd.

432 4382 474 4435 42.
492 4368 655 4430 decanatui]
667 4369 751 4420 From
763 4369 817 4436 Ep.
830 4383 972 4434 1471,7-9,
1058 4386 1099 4436 57.
1117 4373 1282 4438 nepotibus]
1299 4372 1351 4424 See
1370 4372 1424 4437 Ep.
1443 4386 1517 4436 2239,
1536 4387 1595 4438 4-9,

398 4436 424 4486 it
462 4449 552 4486 seems
591 4435 677 4501 likely
715 4437 782 4487 that
817 4437 972 4488 Barbirius’
1023 4440 1117 4489 where
1146 4440 1197 4490 the
1225 4455 1288 4490 sum
1318 4439 1523 4505 appropriated
1552 4438 1598 4489 ior

397 4509 597 4567 sumgement
619 4503 689 4554 with
711 4504 754 4553 De
780 4503 882 4555 Hondt
908 4519 972 4554 oon·
1023 4506 1178 4557 Barbirius'
1193 4507 1326 4571 nephews
1341 4507 1365 4557 is
1378 4506 1596 4571 givenasonde·

398 4574 459 4619 tem
480 4568 558 4619 lsted
569 4569 759 4636 thesecuring
772 4571 817 4620 ior
828 4571 973 4621 Bsrbirius
1023 4573 1078 4624 cim
1105 4573 1190 4623 libros
1216 4589 1370 4637 grossorum
1394 4573 1455 4633 (220
1480 4572 1597 4633 florina),

399 4636 430 4686 oi
441 4584 820 4714 thedeaneryoiqTournay.
1022 4639 1210 4705 probablyen
1224 4655 1301 4690 error
1313 4641 1357 4690 ior
1373 4638 1498 4689 tredecim
1511 4638 1597 4689 librae

433 4704 476 4766 46.
494 4702 593 4763 irater]
638 4703 771 4754 Nicolsus
816 4704 970 4754 Bsrbirius.
1022 4722 1175 4770 grossorum
1192 4707 1235 4767 (xi
1256 4707 1301 4756 ior
1317 4707 1393 4765 aiii),
1411 4706 1461 4755 the
1480 4720 1545 4755 sum
1566 4705 1597 4756 oi

400 4768 453 4820 See
480 4768 555 4834 Epp.
581 4772 632 4832 613
657 4770 772 4829 introd.,
800 4785 811 4820 1
865 4807 873 4829 ,
899 4785 971 4831 29n.,
1022 4774 1103 4823 three
1114 4771 1597 4839 hali-yearpensions,whichisthe

402 4849 477 4899 1245.
489 4837 615 4899 3ο,1862.
628 4836 721 4895 8,and
729 4842 846 4888 noteon
877 4851 970 4888 ,21-2.
1022 4844 1142 4890 amount
1164 4840 1327 4890 mentioned
1350 4839 1390 4902 by
1409 4838 1544 4888 Erasmus
1566 4838 1596 4889 in

468 4902 678 4965 credivoluisti]
687 4902 881 4968 SeeEp.1245,
891 4917 974 4967 3⁰·50
1023 4905 1078 4971 Ep.
1091 4908 1166 4971 2487.

400 4968 559 5029 (Barbirius
578 4969 718 5035 probably
732 4976 820 5022 wrote
839 4971 912 5022 credi
928 4985 973 5021 ec·
1057 4976 1099 5023 62.
1117 4988 1165 5024 ess
1181 4973 1286 5039 quibus
1302 4970 1365 5038 ego]
1382 4985 1420 5021 sc.
1440 4969 1495 5036 Ep.
1519 4985 1595 5035 2239,

399 5035 671 5102 cidentsllyiorceds'
682 5039 739 5098 (aee
746 5037 800 5103 Ep.
813 5052 886 5103 1245,
894 5051 925 5102 32
937 5037 974 5088 od
1024 5041 1139 5092 written
1150 5053 1167 5104 7
1177 5041 1244 5091 Deo.
1259 5052 1332 5102 1529.
