<?xml version="1.0" encoding="UTF-8"?>
<!DOCTYPE html PUBLIC "-//W3C//DTD XHTML 1.0 Transitional//EN"
    "http://www.w3.org/TR/xhtml1/DTD/xhtml1-transitional.dtd">
<html xmlns="http://www.w3.org/1999/xhtml" xml:lang="en" lang="en">
 <head>
  <title>
</title>
<meta http-equiv="Content-Type" content="text/html;charset=utf-8" />
  <meta name='ocr-system' content='tesseract 3.04.00' />
  <meta name='ocr-capabilities' content='ocr_page ocr_carea ocr_par ocr_line ocrx_word'/>
</head>
<body>
  <div class='ocr_page' id='page_1' title='image "./opusepistolarum02garrgoog_0153.png"; bbox 0 0 4042 5900; ppageno 0'>
   <div class='ocr_carea' id='block_1_1' title="bbox 326 679 1520 763">
    <p class='ocr_par' dir='ltr' id='par_1_1' title="bbox 326 679 1520 763">
     <span class='ocr_line' id='line_1_1' title="bbox 326 679 1520 763; baseline 0.002 -20"><span class='ocrx_word' id='word_1_1' title='bbox 326 682 422 763; x_wconf 85' lang='lat'><strong>2424]</strong></span> <span class='ocrx_word' id='word_1_2' title='bbox 620 679 744 744; x_wconf 79' lang='lat' dir='ltr'>naon</span> <span class='ocrx_word' id='word_1_3' title='bbox 764 679 949 745; x_wconf 69' lang='lat' dir='ltr'>ursonis</span> <span class='ocrx_word' id='word_1_4' title='bbox 971 681 1228 748; x_wconf 78' lang='lat' dir='ltr'>naamams</span> <span class='ocrx_word' id='word_1_5' title='bbox 1459 682 1520 746; x_wconf 82' lang='lat' dir='ltr'>na</span> 
     </span>
    </p>
   </div>
   <div class='ocr_carea' id='block_1_2' title="bbox 324 839 1587 4672">
    <p class='ocr_par' dir='ltr' id='par_1_2' title="bbox 324 839 1584 1503">
     <span class='ocr_line' id='line_1_2' title="bbox 325 839 1522 923; baseline 0.003 -20"><span class='ocrx_word' id='word_1_6' title='bbox 325 844 480 921; x_wconf 78' lang='grc' dir='ltr'>ὑπεροχῆς</span> <span class='ocrx_word' id='word_1_7' title='bbox 504 839 582 920; x_wconf 80' lang='grc' dir='ltr'>πρὸς</span> <span class='ocrx_word' id='word_1_8' title='bbox 606 840 742 920; x_wconf 79' lang='grc' dir='ltr'>μοναχὸν</span> <span class='ocrx_word' id='word_1_9' title='bbox 768 839 913 902; x_wconf 80' lang='grc' dir='ltr'>Ἰωάννου</span> <span class='ocrx_word' id='word_1_10' title='bbox 936 840 1160 922; x_wconf 79' lang='grc' dir='ltr'>Χρυσοοτόμον</span> <span class='ocrx_word' id='word_1_11' title='bbox 1185 842 1344 905; x_wconf 80' lang='lat' dir='ltr'>hactenus</span> <span class='ocrx_word' id='word_1_12' title='bbox 1369 863 1522 923; x_wconf 81' lang='lat' dir='ltr'>graecum</span> 
     </span>
     <span class='ocr_line' id='line_1_3' title="bbox 325 924 1521 1007; baseline 0.002 -21"><span class='ocrx_word' id='word_1_13' title='bbox 325 925 574 1004; x_wconf 89' lang='lat' dir='ltr'>sit;quod1n</span> <span class='ocrx_word' id='word_1_14' title='bbox 603 944 644 986; x_wconf 93' lang='lat' dir='ltr'>eo</span> <span class='ocrx_word' id='word_1_15' title='bbox 671 924 832 986; x_wconf 88' lang='lat' dir='ltr'>vertendo</span> <span class='ocrx_word' id='word_1_16' title='bbox 860 926 1003 1005; x_wconf 89' lang='lat' dir='ltr'>primum</span> <span class='ocrx_word' id='word_1_17' title='bbox 1031 928 1137 987; x_wconf 77' lang='lat' dir='ltr'>nostri</span> <span class='ocrx_word' id='word_1_18' title='bbox 1166 927 1319 1006; x_wconf 88' lang='lat' dir='ltr'>tyrocinii</span> <span class='ocrx_word' id='word_1_19' title='bbox 1348 929 1521 1007; x_wconf 73' lang='lat' dir='ltr'><strong>specimen,</strong></span> 
     </span>
     <span class='ocr_line' id='line_1_4' title="bbox 324 1007 1521 1090; baseline 0.002 -20"><span class='ocrx_word' id='word_1_20' title='bbox 324 1007 536 1088; x_wconf 89' lang='lat' dir='ltr'>qualequale</span> <span class='ocrx_word' id='word_1_21' title='bbox 555 1008 905 1081; x_wconf 74' lang='lat' dir='ltr'>fueritaediderimus.</span> <span class='ocrx_word' id='word_1_22' title='bbox 949 1008 1036 1070; x_wconf 91' lang='lat' dir='ltr'>Nam</span> <span class='ocrx_word' id='word_1_23' title='bbox 1056 1011 1083 1070; x_wconf 90' lang='lat' dir='ltr'>si</span> <span class='ocrx_word' id='word_1_24' title='bbox 1103 1011 1169 1071; x_wconf 91' lang='lat' dir='ltr'>iam</span> <span class='ocrx_word' id='word_1_25' title='bbox 1184 1029 1315 1072; x_wconf 89' lang='lat' dir='ltr'>versum</span> <span class='ocrx_word' id='word_1_26' title='bbox 1329 1029 1521 1090; x_wconf 90' lang='lat' dir='ltr'>cognouero,</span> 
     </span>
     <span class='ocr_line' id='line_1_5' title="bbox 325 1083 1521 1189; baseline 0.002 -37"><span class='ocrx_word' id='word_1_27' title='bbox 325 1092 416 1154; x_wconf 92' lang='lat' dir='ltr'>haud</span> <span class='ocrx_word' id='word_1_28' title='bbox 436 1091 573 1153; x_wconf 92' lang='lat' dir='ltr'>dubium</span> <span class='ocrx_word' id='word_1_29' title='bbox 594 1093 673 1189; x_wconf 83' lang='lat' dir='ltr'>quin</span> <span class='ocrx_word' id='word_1_30' title='bbox 693 1092 727 1152; x_wconf 95' lang='lat' dir='ltr'>in</span> <span class='ocrx_word' id='word_1_31' title='bbox 745 1093 914 1171; x_wconf 76' lang='lat' dir='ltr'>spongiam</span> <span class='ocrx_word' id='word_1_32' title='bbox 934 1111 1009 1153; x_wconf 88' lang='lat' dir='ltr'>oum</span> <span class='ocrx_word' id='word_1_33' title='bbox 1027 1091 1125 1154; x_wconf 84' lang='lat' dir='ltr'>Aiace</span> <span class='ocrx_word' id='word_1_34' title='bbox 1145 1083 1291 1173; x_wconf 87' lang='lat' dir='ltr'>Augusti</span> <span class='ocrx_word' id='word_1_35' title='bbox 1303 1095 1521 1173; x_wconf 91' lang='lat' dir='ltr'>protinusin·</span> 
     </span>
     <span class='ocr_line' id='line_1_6' title="bbox 324 1175 1584 1273; baseline 0.003 -37"><span class='ocrx_word' id='word_1_36' title='bbox 324 1175 470 1248; x_wconf 80' lang='lat' dir='ltr'>cumbet,</span> <span class='ocrx_word' id='word_1_37' title='bbox 493 1175 690 1273; x_wconf 83' lang='lat' dir='ltr'>quominus</span> <span class='ocrx_word' id='word_1_38' title='bbox 710 1193 844 1254; x_wconf 90' lang='lat' dir='ltr'>operam</span> <span class='ocrx_word' id='word_1_39' title='bbox 869 1175 985 1236; x_wconf 79' lang='lat' dir='ltr'>lusisse</span> <span class='ocrx_word' id='word_1_40' title='bbox 1005 1176 1186 1237; x_wconf 86' lang='lat' dir='ltr'>videamur.</span> <span class='ocrx_word' id='word_1_41' title='bbox 1230 1176 1333 1237; x_wconf 87' lang='lat' dir='ltr'>Malui</span> <span class='ocrx_word' id='word_1_42' title='bbox 1353 1178 1497 1238; x_wconf 91' lang='lat' dir='ltr'>tamen</span> <span class='ocrx_word' id='word_1_43' title='bbox 1487 1190 1584 1242; x_wconf 80' lang='lat' dir='ltr'>1n335</span> 
     </span>
     <span class='ocr_line' id='line_1_7' title="bbox 325 1258 1522 1339; baseline 0.001 -20"><span class='ocrx_word' id='word_1_44' title='bbox 325 1259 388 1320; x_wconf 90' lang='lat' dir='ltr'>hac</span> <span class='ocrx_word' id='word_1_45' title='bbox 412 1260 604 1338; x_wconf 76' lang='lat' dir='ltr'>graecanica</span> <span class='ocrx_word' id='word_1_46' title='bbox 627 1259 897 1319; x_wconf 77' lang='lat' dir='ltr'>exercitatione</span> <span class='ocrx_word' id='word_1_47' title='bbox 888 1259 1007 1338; x_wconf 90' lang='lat' dir='ltr'>mgenii</span> <span class='ocrx_word' id='word_1_48' title='bbox 1036 1258 1216 1339; x_wconf 90' lang='lat' dir='ltr'>periculum</span> <span class='ocrx_word' id='word_1_49' title='bbox 1244 1259 1351 1321; x_wconf 87' lang='lat' dir='ltr'>facere</span> <span class='ocrx_word' id='word_1_50' title='bbox 1376 1279 1415 1322; x_wconf 90' lang='lat' dir='ltr'>ac</span> <span class='ocrx_word' id='word_1_51' title='bbox 1440 1259 1522 1320; x_wconf 93' lang='lat' dir='ltr'>nihil</span> 
     </span>
     <span class='ocr_line' id='line_1_8' title="bbox 325 1342 1522 1423; baseline 0.002 -21"><span class='ocrx_word' id='word_1_52' title='bbox 325 1343 460 1403; x_wconf 90' lang='lat' dir='ltr'>omnino</span> <span class='ocrx_word' id='word_1_53' title='bbox 474 1342 615 1421; x_wconf 84' lang='lat' dir='ltr'>aggredi.</span> <span class='ocrx_word' id='word_1_54' title='bbox 659 1342 813 1403; x_wconf 76' lang='lat' dir='ltr'>Praestat</span> <span class='ocrx_word' id='word_1_55' title='bbox 827 1342 986 1420; x_wconf 88' lang='lat' dir='ltr'>siquidem</span> <span class='ocrx_word' id='word_1_56' title='bbox 1002 1362 1130 1423; x_wconf 90' lang='lat' dir='ltr'>semper</span> <span class='ocrx_word' id='word_1_57' title='bbox 1145 1362 1318 1423; x_wconf 92' lang='lat' dir='ltr'>operosum</span> <span class='ocrx_word' id='word_1_58' title='bbox 1337 1362 1522 1422; x_wconf 89' lang='lat' dir='ltr'>essequam</span> 
     </span>
     <span class='ocr_line' id='line_1_9' title="bbox 325 1425 1096 1503; baseline 0.001 -17"><span class='ocrx_word' id='word_1_59' title='bbox 325 1425 535 1497; x_wconf 90' lang='lat' dir='ltr'>desidiosum,</span> <span class='ocrx_word' id='word_1_60' title='bbox 551 1431 586 1486; x_wconf 92' lang='lat' dir='ltr'>et</span> <span class='ocrx_word' id='word_1_61' title='bbox 601 1425 800 1487; x_wconf 90' lang='lat' dir='ltr'>inuidiosum</span> <span class='ocrx_word' id='word_1_62' title='bbox 816 1443 916 1503; x_wconf 89' lang='lat' dir='ltr'>quam</span> <span class='ocrx_word' id='word_1_63' title='bbox 932 1427 1096 1487; x_wconf 88' lang='lat' dir='ltr'>miserum.</span> 
     </span>
    </p>

    <p class='ocr_par' dir='ltr' id='par_1_3' title="bbox 324 1506 1586 4005">
     <span class='ocr_line' id='line_1_10' title="bbox 367 1506 1522 1589; baseline 0.001 -20"><span class='ocrx_word' id='word_1_64' title='bbox 367 1506 541 1569; x_wconf 84' lang='lat' dir='ltr'>Caeterum</span> <span class='ocrx_word' id='word_1_65' title='bbox 559 1527 626 1569; x_wconf 92' lang='lat' dir='ltr'>non</span> <span class='ocrx_word' id='word_1_66' title='bbox 646 1508 841 1570; x_wconf 89' lang='lat' dir='ltr'>mediocrem</span> <span class='ocrx_word' id='word_1_67' title='bbox 861 1508 951 1588; x_wconf 87' lang='lat' dir='ltr'>apud</span> <span class='ocrx_word' id='word_1_68' title='bbox 969 1528 1081 1570; x_wconf 90' lang='lat' dir='ltr'>omnes</span> <span class='ocrx_word' id='word_1_69' title='bbox 1100 1509 1149 1570; x_wconf 93' lang='lat' dir='ltr'>tui</span> <span class='ocrx_word' id='word_1_70' title='bbox 1167 1515 1366 1588; x_wconf 89' lang='lat' dir='ltr'>tuorumque</span> <span class='ocrx_word' id='word_1_71' title='bbox 1386 1528 1522 1589; x_wconf 89' lang='lat' dir='ltr'>operum</span> 
     </span>
     <span class='ocr_line' id='line_1_11' title="bbox 325 1591 1585 1671; baseline 0.002 -19"><span class='ocrx_word' id='word_1_72' title='bbox 325 1599 477 1653; x_wconf 86' lang='lat' dir='ltr'>amantes</span> <span class='ocrx_word' id='word_1_73' title='bbox 492 1591 657 1653; x_wconf 89' lang='lat' dir='ltr'>substines</span> <span class='ocrx_word' id='word_1_74' title='bbox 671 1592 942 1671; x_wconf 84' lang='lat' dir='ltr'>expectationem,</span> <span class='ocrx_word' id='word_1_75' title='bbox 959 1592 1100 1653; x_wconf 91' lang='lat' dir='ltr'>simodo</span> <span class='ocrx_word' id='word_1_76' title='bbox 1114 1612 1193 1654; x_wconf 85' lang='lat' dir='ltr'>vera</span> <span class='ocrx_word' id='word_1_77' title='bbox 1212 1594 1279 1653; x_wconf 93' lang='lat' dir='ltr'>sint</span> <span class='ocrx_word' id='word_1_78' title='bbox 1294 1611 1378 1671; x_wconf 90' lang='lat' dir='ltr'>quae</span> <span class='ocrx_word' id='word_1_79' title='bbox 1395 1593 1466 1654; x_wconf 88' lang='lat' dir='ltr'>heio</span> <span class='ocrx_word' id='word_1_80' title='bbox 1480 1592 1521 1654; x_wconf 88' lang='lat' dir='ltr'>de</span> <span class='ocrx_word' id='word_1_81' title='bbox 1535 1606 1585 1658; x_wconf 80' lang='lat'>340</span> 
     </span>
     <span class='ocr_line' id='line_1_12' title="bbox 324 1674 1522 1756; baseline 0.002 -21"><span class='ocrx_word' id='word_1_82' title='bbox 324 1681 360 1736; x_wconf 90' lang='lat' dir='ltr'>te</span> <span class='ocrx_word' id='word_1_83' title='bbox 381 1681 568 1736; x_wconf 85' lang='lat' dir='ltr'>narrantur.</span> <span class='ocrx_word' id='word_1_84' title='bbox 612 1675 773 1753; x_wconf 86' lang='lat' dir='ltr'>Equidem</span> <span class='ocrx_word' id='word_1_85' title='bbox 795 1674 894 1736; x_wconf 91' lang='lat' dir='ltr'>audio</span> <span class='ocrx_word' id='word_1_86' title='bbox 915 1682 949 1736; x_wconf 92' lang='lat' dir='ltr'>te</span> <span class='ocrx_word' id='word_1_87' title='bbox 970 1694 1049 1755; x_wconf 90' lang='lat' dir='ltr'>prae</span> <span class='ocrx_word' id='word_1_88' title='bbox 1071 1675 1223 1737; x_wconf 89' lang='lat' dir='ltr'>manibus</span> <span class='ocrx_word' id='word_1_89' title='bbox 1244 1676 1377 1737; x_wconf 89' lang='lat' dir='ltr'>iamiam</span> <span class='ocrx_word' id='word_1_90' title='bbox 1402 1695 1522 1756; x_wconf 87' lang='lat' dir='ltr'>magna</span> 
     </span>
     <span class='ocr_line' id='line_1_13' title="bbox 324 1756 1521 1839; baseline 0.001 -20"><span class='ocrx_word' id='word_1_91' title='bbox 324 1777 406 1819; x_wconf 88' lang='lat' dir='ltr'>cura</span> <span class='ocrx_word' id='word_1_92' title='bbox 435 1758 524 1819; x_wconf 86' lang='lat' dir='ltr'>vltro</span> <span class='ocrx_word' id='word_1_93' title='bbox 553 1757 660 1818; x_wconf 88' lang='lat' dir='ltr'>moliri</span> <span class='ocrx_word' id='word_1_94' title='bbox 689 1756 865 1836; x_wconf 84' lang='lat' dir='ltr'>Augustini</span> <span class='ocrx_word' id='word_1_95' title='bbox 891 1757 1042 1839; x_wconf 90' lang='lat' dir='ltr'>exemplo</span> <span class='ocrx_word' id='word_1_96' title='bbox 1070 1758 1191 1820; x_wconf 90' lang='lat' dir='ltr'>librum</span> <span class='ocrx_word' id='word_1_97' title='bbox 1214 1777 1311 1837; x_wconf 90' lang='lat' dir='ltr'>quem</span> <span class='ocrx_word' id='word_1_98' title='bbox 1336 1758 1452 1821; x_wconf 89' lang='lat' dir='ltr'>dicunt</span> <span class='ocrx_word' id='word_1_99' title='bbox 1473 1778 1521 1820; x_wconf 90' lang='lat' dir='ltr'>re·</span> 
     </span>
     <span class='ocr_line' id='line_1_14' title="bbox 324 1841 1522 1923; baseline 0.001 -21"><span class='ocrx_word' id='word_1_100' title='bbox 324 1843 574 1915; x_wconf 84' lang='lat' dir='ltr'>tractationum,</span> <span class='ocrx_word' id='word_1_101' title='bbox 600 1842 808 1920; x_wconf 89' lang='lat' dir='ltr'>quorundam</span> <span class='ocrx_word' id='word_1_102' title='bbox 833 1860 917 1920; x_wconf 88' lang='lat' dir='ltr'>quae</span> <span class='ocrx_word' id='word_1_103' title='bbox 940 1841 993 1902; x_wconf 91' lang='lat' dir='ltr'>vel</span> <span class='ocrx_word' id='word_1_104' title='bbox 1018 1844 1192 1903; x_wconf 86' lang='lat' dir='ltr'>memoriae</span> <span class='ocrx_word' id='word_1_105' title='bbox 1217 1842 1383 1923; x_wconf 70' lang='lat' dir='ltr'>lapsuri</span> <span class='ocrx_word' id='word_1_106' title='bbox 1409 1862 1522 1904; x_wconf 89' lang='lat' dir='ltr'>sumus</span> 
     </span>
     <span class='ocr_line' id='line_1_15' title="bbox 325 1924 1522 2004; baseline 0.001 -19"><span class='ocrx_word' id='word_1_107' title='bbox 325 1924 484 1998; x_wconf 87' lang='lat' dir='ltr'>homines,</span> <span class='ocrx_word' id='word_1_108' title='bbox 505 1924 594 1985; x_wconf 91' lang='lat' dir='ltr'>haud</span> <span class='ocrx_word' id='word_1_109' title='bbox 615 1925 696 1985; x_wconf 89' lang='lat' dir='ltr'>satis</span> <span class='ocrx_word' id='word_1_110' title='bbox 718 1930 814 1985; x_wconf 88' lang='lat' dir='ltr'>caute</span> <span class='ocrx_word' id='word_1_111' title='bbox 836 1926 946 1986; x_wconf 91' lang='lat' dir='ltr'>animo</span> <span class='ocrx_word' id='word_1_112' title='bbox 967 1925 1116 1987; x_wconf 89' lang='lat' dir='ltr'>excidere</span> <span class='ocrx_word' id='word_1_113' title='bbox 1137 1925 1190 1987; x_wconf 88' lang='lat' dir='ltr'>vel</span> <span class='ocrx_word' id='word_1_114' title='bbox 1212 1944 1296 2004; x_wconf 86' lang='lat' dir='ltr'>quae</span> <span class='ocrx_word' id='word_1_115' title='bbox 1315 1926 1423 1986; x_wconf 89' lang='lat' dir='ltr'>minus</span> <span class='ocrx_word' id='word_1_116' title='bbox 1439 1925 1522 1987; x_wconf 91' lang='lat' dir='ltr'>lucis</span> 
     </span>
     <span class='ocr_line' id='line_1_16' title="bbox 326 2006 1584 2087; baseline 0.002 -19"><span class='ocrx_word' id='word_1_117' title='bbox 326 2007 497 2081; x_wconf 90' lang='lat' dir='ltr'>haberent,</span> <span class='ocrx_word' id='word_1_118' title='bbox 513 2007 556 2069; x_wconf 94' lang='lat' dir='ltr'>ob</span> <span class='ocrx_word' id='word_1_119' title='bbox 571 2007 669 2086; x_wconf 91' lang='lat' dir='ltr'>idque</span> <span class='ocrx_word' id='word_1_120' title='bbox 683 2006 839 2068; x_wconf 87' lang='lat' dir='ltr'>lectorem</span> <span class='ocrx_word' id='word_1_121' title='bbox 855 2007 1067 2081; x_wconf 81' lang='lat' dir='ltr'>offenderent,</span> <span class='ocrx_word' id='word_1_122' title='bbox 1078 2015 1139 2069; x_wconf 90' lang='lat' dir='ltr'>aut</span> <span class='ocrx_word' id='word_1_123' title='bbox 1158 2010 1293 2070; x_wconf 91' lang='lat' dir='ltr'>omnino</span> <span class='ocrx_word' id='word_1_124' title='bbox 1306 2007 1419 2070; x_wconf 86' lang='lat' dir='ltr'>forsan</span> <span class='ocrx_word' id='word_1_125' title='bbox 1433 2008 1522 2087; x_wconf 91' lang='lat' dir='ltr'>stylo</span> <span class='ocrx_word' id='word_1_126' title='bbox 1535 2020 1584 2073; x_wconf 78' lang='lat'>345</span> 
     </span>
     <span class='ocr_line' id='line_1_17' title="bbox 325 2090 1522 2171; baseline 0.001 -20"><span class='ocrx_word' id='word_1_127' title='bbox 325 2090 498 2171; x_wconf 86' lang='lat' dir='ltr'>&lt;in&gt;digna</span> <span class='ocrx_word' id='word_1_128' title='bbox 512 2091 711 2153; x_wconf 85' lang='lat' dir='ltr'>viderentur.</span> <span class='ocrx_word' id='word_1_129' title='bbox 754 2090 916 2171; x_wconf 84' lang='lat' dir='ltr'>Coeptum</span> <span class='ocrx_word' id='word_1_130' title='bbox 931 2090 1030 2152; x_wconf 91' lang='lat' dir='ltr'>laudo</span> <span class='ocrx_word' id='word_1_131' title='bbox 1048 2091 1261 2153; x_wconf 87' lang='lat' dir='ltr'>christianum</span> <span class='ocrx_word' id='word_1_132' title='bbox 1279 2092 1522 2171; x_wconf 88' lang='lat' dir='ltr'>christiancque</span> 
     </span>
     <span class='ocr_line' id='line_1_18' title="bbox 326 2173 1521 2256; baseline -0.001 -20"><span class='ocrx_word' id='word_1_133' title='bbox 326 2174 459 2236; x_wconf 92' lang='lat' dir='ltr'>homine</span> <span class='ocrx_word' id='word_1_134' title='bbox 481 2173 577 2235; x_wconf 88' lang='lat' dir='ltr'>valde</span> <span class='ocrx_word' id='word_1_135' title='bbox 599 2174 743 2254; x_wconf 91' lang='lat' dir='ltr'>dignum,</span> <span class='ocrx_word' id='word_1_136' title='bbox 758 2181 798 2235; x_wconf 89' lang='lat' dir='ltr'>vt</span> <span class='ocrx_word' id='word_1_137' title='bbox 819 2175 876 2253; x_wconf 90' lang='lat' dir='ltr'>qui</span> <span class='ocrx_word' id='word_1_138' title='bbox 897 2173 979 2235; x_wconf 93' lang='lat' dir='ltr'>nihil</span> <span class='ocrx_word' id='word_1_139' title='bbox 997 2176 1059 2236; x_wconf 94' lang='lat' dir='ltr'>nisi</span> <span class='ocrx_word' id='word_1_140' title='bbox 1080 2176 1304 2255; x_wconf 88' lang='lat' dir='ltr'>pietat[at]em</span> <span class='ocrx_word' id='word_1_141' title='bbox 1322 2176 1427 2256; x_wconf 87' lang='lat' dir='ltr'>ipsam</span> <span class='ocrx_word' id='word_1_142' title='bbox 1445 2194 1521 2255; x_wconf 88' lang='lat' dir='ltr'>syn·</span> 
     </span>
     <span class='ocr_line' id='line_1_19' title="bbox 325 2257 1521 2338; baseline 0.001 -19"><span class='ocrx_word' id='word_1_143' title='bbox 325 2277 502 2337; x_wconf 83' lang='lat' dir='ltr'>carumque</span> <span class='ocrx_word' id='word_1_144' title='bbox 516 2257 592 2319; x_wconf 88' lang='lat' dir='ltr'>fidei</span> <span class='ocrx_word' id='word_1_145' title='bbox 606 2257 782 2319; x_wconf 87' lang='lat' dir='ltr'>candorem</span> <span class='ocrx_word' id='word_1_146' title='bbox 797 2263 889 2319; x_wconf 90' lang='lat' dir='ltr'>totns</span> <span class='ocrx_word' id='word_1_147' title='bbox 904 2258 1016 2338; x_wconf 90' lang='lat' dir='ltr'>spiret.</span> <span class='ocrx_word' id='word_1_148' title='bbox 1060 2257 1147 2320; x_wconf 91' lang='lat' dir='ltr'>Nam</span> <span class='ocrx_word' id='word_1_149' title='bbox 1161 2278 1264 2338; x_wconf 92' lang='lat' dir='ltr'>quum</span> <span class='ocrx_word' id='word_1_150' title='bbox 1277 2258 1404 2320; x_wconf 88' lang='lat' dir='ltr'>nullam</span> <span class='ocrx_word' id='word_1_151' title='bbox 1419 2259 1521 2320; x_wconf 91' lang='lat' dir='ltr'>homi·</span> 
     </span>
     <span class='ocr_line' id='line_1_20' title="bbox 325 2341 1523 2422; baseline 0.001 -19"><span class='ocrx_word' id='word_1_152' title='bbox 325 2361 408 2403; x_wconf 92' lang='lat' dir='ltr'>num</span> <span class='ocrx_word' id='word_1_153' title='bbox 430 2348 490 2402; x_wconf 91' lang='lat' dir='ltr'>aut</span> <span class='ocrx_word' id='word_1_154' title='bbox 511 2342 731 2402; x_wconf 89' lang='lat' dir='ltr'>conditionem</span> <span class='ocrx_word' id='word_1_155' title='bbox 753 2348 813 2402; x_wconf 87' lang='lat' dir='ltr'>aut</span> <span class='ocrx_word' id='word_1_156' title='bbox 837 2347 982 2402; x_wconf 89' lang='lat' dir='ltr'>aetatem</span> <span class='ocrx_word' id='word_1_157' title='bbox 1005 2348 1076 2403; x_wconf 91' lang='lat' dir='ltr'>tam</span> <span class='ocrx_word' id='word_1_158' title='bbox 1102 2341 1306 2422; x_wconf 86' lang='lat' dir='ltr'>praeclarum</span> <span class='ocrx_word' id='word_1_159' title='bbox 1331 2343 1523 2404; x_wconf 89' lang='lat' dir='ltr'>institutum</span> 
     </span>
     <span class='ocr_line' id='line_1_21' title="bbox 326 2424 1585 2504; baseline 0.001 -18"><span class='ocrx_word' id='word_1_160' title='bbox 326 2424 493 2498; x_wconf 89' lang='lat' dir='ltr'>dedeceat,</span> <span class='ocrx_word' id='word_1_161' title='bbox 519 2431 592 2486; x_wconf 92' lang='lat' dir='ltr'>tum</span> <span class='ocrx_word' id='word_1_162' title='bbox 618 2425 693 2486; x_wconf 92' lang='lat' dir='ltr'>huic</span> <span class='ocrx_word' id='word_1_163' title='bbox 716 2425 769 2486; x_wconf 88' lang='lat' dir='ltr'>vel</span> <span class='ocrx_word' id='word_1_164' title='bbox 795 2425 938 2486; x_wconf 90' lang='lat' dir='ltr'>maxime</span> <span class='ocrx_word' id='word_1_165' title='bbox 962 2426 1117 2486; x_wconf 90' lang='lat' dir='ltr'>conuenit</span> <span class='ocrx_word' id='word_1_166' title='bbox 1141 2426 1246 2486; x_wconf 89' lang='lat' dir='ltr'>aetati</span> <span class='ocrx_word' id='word_1_167' title='bbox 1266 2444 1341 2504; x_wconf 90' lang='lat' dir='ltr'>qua,</span> <span class='ocrx_word' id='word_1_168' title='bbox 1367 2425 1520 2504; x_wconf 88' lang='lat' dir='ltr'>quemad·</span> <span class='ocrx_word' id='word_1_169' title='bbox 1536 2449 1585 2499; x_wconf 77' lang='lat'>35⁰</span> 
     </span>
     <span class='ocr_line' id='line_1_22' title="bbox 326 2506 1522 2589; baseline 0 -19"><span class='ocrx_word' id='word_1_170' title='bbox 326 2507 462 2570; x_wconf 91' lang='lat' dir='ltr'>modum</span> <span class='ocrx_word' id='word_1_171' title='bbox 477 2507 555 2569; x_wconf 92' lang='lat' dir='ltr'>olim</span> <span class='ocrx_word' id='word_1_172' title='bbox 569 2509 744 2589; x_wconf 86' lang='lat' dir='ltr'>primarius</span> <span class='ocrx_word' id='word_1_173' title='bbox 758 2507 813 2569; x_wconf 92' lang='lat' dir='ltr'>ille</span> <span class='ocrx_word' id='word_1_174' title='bbox 828 2506 1033 2569; x_wconf 84' lang='lat' dir='ltr'>Christianae</span> <span class='ocrx_word' id='word_1_175' title='bbox 1046 2507 1209 2588; x_wconf 89' lang='lat' dir='ltr'>religionis</span> <span class='ocrx_word' id='word_1_176' title='bbox 1220 2510 1360 2570; x_wconf 82' lang='lat' dir='ltr'>antistes</span> <span class='ocrx_word' id='word_1_177' title='bbox 1370 2508 1414 2570; x_wconf 91' lang='lat' dir='ltr'>ad</span> <span class='ocrx_word' id='word_1_178' title='bbox 1428 2528 1522 2570; x_wconf 87' lang='lat' dir='ltr'>suam</span> 
     </span>
     <span class='ocr_line' id='line_1_23' title="bbox 325 2590 1521 2671; baseline 0.001 -18"><span class='ocrx_word' id='word_1_179' title='bbox 325 2597 363 2653; x_wconf 90' lang='lat' dir='ltr'>et</span> <span class='ocrx_word' id='word_1_180' title='bbox 387 2592 533 2653; x_wconf 92' lang='lat' dir='ltr'>omnium</span> <span class='ocrx_word' id='word_1_181' title='bbox 561 2590 742 2653; x_wconf 79' lang='lat' dir='ltr'>vtilitatsm</span> <span class='ocrx_word' id='word_1_182' title='bbox 771 2592 859 2664; x_wconf 89' lang='lat' dir='ltr'>lecit,</span> <span class='ocrx_word' id='word_1_183' title='bbox 885 2599 1003 2671; x_wconf 78' lang='lat' dir='ltr'>sponte</span> <span class='ocrx_word' id='word_1_184' title='bbox 1033 2591 1145 2653; x_wconf 91' lang='lat' dir='ltr'>delens</span> <span class='ocrx_word' id='word_1_185' title='bbox 1166 2598 1226 2653; x_wconf 89' lang='lat' dir='ltr'>aut</span> <span class='ocrx_word' id='word_1_186' title='bbox 1249 2592 1412 2671; x_wconf 90' lang='lat' dir='ltr'>corrigens</span> <span class='ocrx_word' id='word_1_187' title='bbox 1433 2593 1521 2671; x_wconf 88' lang='lat' dir='ltr'>quic·</span> 
     </span>
     <span class='ocr_line' id='line_1_24' title="bbox 327 2673 1522 2755; baseline 0.001 -19"><span class='ocrx_word' id='word_1_188' title='bbox 327 2675 408 2754; x_wconf 93' lang='lat' dir='ltr'>quid</span> <span class='ocrx_word' id='word_1_189' title='bbox 423 2673 685 2755; x_wconf 91' lang='lat' dir='ltr'>dispungendum</span> <span class='ocrx_word' id='word_1_190' title='bbox 700 2674 977 2754; x_wconf 88' lang='lat' dir='ltr'>deprehendisset.</span> <span class='ocrx_word' id='word_1_191' title='bbox 1022 2675 1115 2736; x_wconf 92' lang='lat' dir='ltr'>Idem</span> <span class='ocrx_word' id='word_1_192' title='bbox 1134 2682 1169 2736; x_wconf 91' lang='lat' dir='ltr'>et</span> <span class='ocrx_word' id='word_1_193' title='bbox 1186 2675 1249 2736; x_wconf 92' lang='lat' dir='ltr'>tibi</span> <span class='ocrx_word' id='word_1_194' title='bbox 1266 2676 1368 2736; x_wconf 91' lang='lat' dir='ltr'>amice</span> <span class='ocrx_word' id='word_1_195' title='bbox 1388 2674 1522 2737; x_wconf 90' lang='lat' dir='ltr'>consulo</span> 
     </span>
     <span class='ocr_line' id='line_1_25' title="bbox 326 2756 1523 2837; baseline 0.002 -19"><span class='ocrx_word' id='word_1_196' title='bbox 326 2757 525 2830; x_wconf 84' lang='lat' dir='ltr'>faciendum,</span> <span class='ocrx_word' id='word_1_197' title='bbox 549 2758 592 2819; x_wconf 85' lang='lat' dir='ltr'>ad</span> <span class='ocrx_word' id='word_1_198' title='bbox 615 2757 713 2837; x_wconf 91' lang='lat' dir='ltr'>idque</span> <span class='ocrx_word' id='word_1_199' title='bbox 736 2756 787 2818; x_wconf 80' lang='grc' dir='ltr'>διὰ</span> <span class='ocrx_word' id='word_1_200' title='bbox 811 2764 867 2818; x_wconf 82' lang='grc' dir='ltr'>τοῦ</span> <span class='ocrx_word' id='word_1_201' title='bbox 890 2757 996 2837; x_wconf 85' lang='grc' dir='ltr'>Ἰησοῦ</span> <span class='ocrx_word' id='word_1_202' title='bbox 1018 2758 1155 2836; x_wconf 80' lang='grc' dir='ltr'>Χριστοῦ</span> <span class='ocrx_word' id='word_1_203' title='bbox 1175 2758 1385 2819; x_wconf 91' lang='lat' dir='ltr'>obnixissime</span> <span class='ocrx_word' id='word_1_204' title='bbox 1409 2759 1523 2820; x_wconf 90' lang='lat' dir='ltr'>hortor</span> 
     </span>
     <span class='ocr_line' id='line_1_26' title="bbox 326 2839 1584 2920; baseline 0.002 -19"><span class='ocrx_word' id='word_1_205' title='bbox 326 2840 542 2920; x_wconf 85' lang='lat' dir='ltr'>obtestorque</span> <span class='ocrx_word' id='word_1_206' title='bbox 557 2842 659 2902; x_wconf 89' lang='lat' dir='ltr'>vnice.</span> <span class='ocrx_word' id='word_1_207' title='bbox 703 2839 798 2914; x_wconf 87' lang='lat' dir='ltr'>Quod</span> <span class='ocrx_word' id='word_1_208' title='bbox 811 2847 847 2902; x_wconf 91' lang='lat' dir='ltr'>et</span> <span class='ocrx_word' id='word_1_209' title='bbox 862 2841 954 2902; x_wconf 89' lang='lat' dir='ltr'>breui</span> <span class='ocrx_word' id='word_1_210' title='bbox 969 2840 1136 2902; x_wconf 85' lang='lat' dir='ltr'>facturum</span> <span class='ocrx_word' id='word_1_211' title='bbox 1151 2860 1218 2903; x_wconf 92' lang='lat' dir='ltr'>non</span> <span class='ocrx_word' id='word_1_212' title='bbox 1232 2841 1359 2915; x_wconf 87' lang='lat' dir='ltr'>dubito,</span> <span class='ocrx_word' id='word_1_213' title='bbox 1375 2842 1473 2903; x_wconf 91' lang='lat' dir='ltr'>modo</span> <span class='ocrx_word' id='word_1_214' title='bbox 1487 2847 1522 2904; x_wconf 89' lang='lat' dir='ltr'>te</span> <span class='ocrx_word' id='word_1_215' title='bbox 1536 2864 1584 2916; x_wconf 78' lang='lat'>355</span> 
     </span>
     <span class='ocr_line' id='line_1_27' title="bbox 327 2924 1522 3005; baseline 0.001 -19"><span class='ocrx_word' id='word_1_216' title='bbox 327 2926 467 3005; x_wconf 88' lang='lat' dir='ltr'>sospitet</span> <span class='ocrx_word' id='word_1_217' title='bbox 486 2930 659 3004; x_wconf 83' lang='lat' dir='ltr'>seruatque</span> <span class='ocrx_word' id='word_1_218' title='bbox 674 2924 763 2986; x_wconf 91' lang='lat' dir='ltr'>Deus</span> <span class='ocrx_word' id='word_1_219' title='bbox 783 2944 911 3005; x_wconf 89' lang='lat' dir='ltr'>semper</span> <span class='ocrx_word' id='word_1_220' title='bbox 929 2924 1067 2987; x_wconf 87' lang='lat' dir='ltr'>felicem.</span> <span class='ocrx_word' id='word_1_221' title='bbox 1110 2924 1180 2987; x_wconf 89' lang='lat' dir='ltr'>Nec</span> <span class='ocrx_word' id='word_1_222' title='bbox 1194 2924 1237 2987; x_wconf 91' lang='lat' dir='ltr'>ob</span> <span class='ocrx_word' id='word_1_223' title='bbox 1252 2924 1286 2986; x_wconf 94' lang='lat' dir='ltr'>id</span> <span class='ocrx_word' id='word_1_224' title='bbox 1301 2931 1413 2988; x_wconf 89' lang='lat' dir='ltr'>tamen</span> <span class='ocrx_word' id='word_1_225' title='bbox 1427 2924 1522 2987; x_wconf 91' lang='lat' dir='ltr'>nobis</span> 
     </span>
     <span class='ocr_line' id='line_1_28' title="bbox 327 3009 1523 3089; baseline 0.001 -20"><span class='ocrx_word' id='word_1_226' title='bbox 327 3027 519 3070; x_wconf 86' lang='lat' dir='ltr'>succenseas</span> <span class='ocrx_word' id='word_1_227' title='bbox 533 3009 642 3081; x_wconf 86' lang='lat' dir='ltr'>velim,</span> <span class='ocrx_word' id='word_1_228' title='bbox 658 3010 882 3070; x_wconf 88' lang='lat' dir='ltr'>amantissime</span> <span class='ocrx_word' id='word_1_229' title='bbox 896 3009 1042 3071; x_wconf 84' lang='lat' dir='ltr'>Erasme.</span> <span class='ocrx_word' id='word_1_230' title='bbox 1087 3009 1132 3070; x_wconf 90' lang='lat' dir='ltr'>Vt</span> <span class='ocrx_word' id='word_1_231' title='bbox 1145 3010 1231 3071; x_wconf 92' lang='lat' dir='ltr'>enim</span> <span class='ocrx_word' id='word_1_232' title='bbox 1246 3028 1313 3070; x_wconf 92' lang='lat' dir='ltr'>non</span> <span class='ocrx_word' id='word_1_233' title='bbox 1328 3015 1439 3089; x_wconf 91' lang='lat' dir='ltr'>potest</span> <span class='ocrx_word' id='word_1_234' title='bbox 1456 3028 1523 3071; x_wconf 92' lang='lat' dir='ltr'>non</span> 
     </span>
     <span class='ocr_line' id='line_1_29' title="bbox 326 3091 1523 3172; baseline 0.001 -19"><span class='ocrx_word' id='word_1_235' title='bbox 326 3097 460 3172; x_wconf 88' lang='lat' dir='ltr'>gratum</span> <span class='ocrx_word' id='word_1_236' title='bbox 483 3112 552 3153; x_wconf 92' lang='lat' dir='ltr'>esse</span> <span class='ocrx_word' id='word_1_237' title='bbox 574 3093 679 3153; x_wconf 87' lang='lat' dir='ltr'>nostri</span> <span class='ocrx_word' id='word_1_238' title='bbox 703 3112 780 3172; x_wconf 86' lang='lat' dir='ltr'>erga</span> <span class='ocrx_word' id='word_1_239' title='bbox 805 3099 839 3156; x_wconf 83' lang='lat' dir='ltr'>ta</span> <span class='ocrx_word' id='word_1_240' title='bbox 861 3094 1002 3172; x_wconf 84' lang='lat' dir='ltr'>pectoris</span> <span class='ocrx_word' id='word_1_241' title='bbox 1027 3093 1174 3154; x_wconf 91' lang='lat' dir='ltr'>studium</span> <span class='ocrx_word' id='word_1_242' title='bbox 1200 3098 1235 3154; x_wconf 90' lang='lat' dir='ltr'>et</span> <span class='ocrx_word' id='word_1_243' title='bbox 1259 3111 1362 3166; x_wconf 88' lang='lat' dir='ltr'>amor,</span> <span class='ocrx_word' id='word_1_244' title='bbox 1383 3094 1433 3154; x_wconf 90' lang='lat' dir='ltr'>ita</span> <span class='ocrx_word' id='word_1_245' title='bbox 1453 3091 1523 3154; x_wconf 89' lang='lat' dir='ltr'>lieri</span> 
     </span>
     <span class='ocr_line' id='line_1_30' title="bbox 326 3175 1521 3256; baseline 0.002 -20"><span class='ocrx_word' id='word_1_246' title='bbox 326 3176 444 3254; x_wconf 90' lang='lat' dir='ltr'>nequit</span> <span class='ocrx_word' id='word_1_247' title='bbox 463 3175 525 3237; x_wconf 91' lang='lat' dir='ltr'>tibi</span> <span class='ocrx_word' id='word_1_248' title='bbox 545 3177 674 3255; x_wconf 88' lang='lat' dir='ltr'>ingrata</span> <span class='ocrx_word' id='word_1_249' title='bbox 692 3176 751 3237; x_wconf 93' lang='lat' dir='ltr'>hec</span> <span class='ocrx_word' id='word_1_250' title='bbox 770 3177 825 3255; x_wconf 92' lang='lat' dir='ltr'>pia</span> <span class='ocrx_word' id='word_1_251' title='bbox 842 3175 1033 3249; x_wconf 90' lang='lat' dir='ltr'>admonitio,</span> <span class='ocrx_word' id='word_1_252' title='bbox 1049 3183 1088 3237; x_wconf 84' lang='lat' dir='ltr'>vt</span> <span class='ocrx_word' id='word_1_253' title='bbox 1107 3196 1192 3256; x_wconf 87' lang='lat' dir='ltr'>quae</span> <span class='ocrx_word' id='word_1_254' title='bbox 1212 3177 1274 3237; x_wconf 94' lang='lat' dir='ltr'>nisi</span> <span class='ocrx_word' id='word_1_255' title='bbox 1291 3175 1335 3238; x_wconf 89' lang='lat' dir='ltr'>ab</span> <span class='ocrx_word' id='word_1_256' title='bbox 1351 3177 1521 3238; x_wconf 87' lang='lat' dir='ltr'>amantiss.</span> 
     </span>
     <span class='ocr_line' id='line_1_31' title="bbox 326 3258 1586 3339; baseline 0.001 -19"><span class='ocrx_word' id='word_1_257' title='bbox 326 3265 460 3339; x_wconf 90' lang='lat' dir='ltr'>pectore</span> <span class='ocrx_word' id='word_1_258' title='bbox 474 3262 577 3338; x_wconf 89' lang='lat' dir='ltr'>&lt;non&gt;</span> <span class='ocrx_word' id='word_1_259' title='bbox 596 3258 839 3339; x_wconf 86' lang='lat' dir='ltr'>proficiscatur:</span> <span class='ocrx_word' id='word_1_260' title='bbox 863 3259 946 3321; x_wconf 90' lang='lat' dir='ltr'>adeo</span> <span class='ocrx_word' id='word_1_261' title='bbox 964 3267 1058 3321; x_wconf 88' lang='lat' dir='ltr'>arcta</span> <span class='ocrx_word' id='word_1_262' title='bbox 1074 3261 1258 3321; x_wconf 88' lang='lat' dir='ltr'>intercessit</span> <span class='ocrx_word' id='word_1_263' title='bbox 1275 3261 1381 3321; x_wconf 90' lang='lat' dir='ltr'>nostri</span> <span class='ocrx_word' id='word_1_264' title='bbox 1402 3261 1523 3321; x_wconf 87' lang='lat' dir='ltr'>amoris</span> <span class='ocrx_word' id='word_1_265' title='bbox 1536 3272 1586 3334; x_wconf 83' lang='lat'>360</span> 
     </span>
     <span class='ocr_line' id='line_1_32' title="bbox 327 3342 1523 3423; baseline 0.001 -20"><span class='ocrx_word' id='word_1_266' title='bbox 327 3342 543 3404; x_wconf 84' lang='lat' dir='ltr'>necessitudo.</span> <span class='ocrx_word' id='word_1_267' title='bbox 587 3342 691 3403; x_wconf 86' lang='lat' dir='ltr'>Dabis</span> <span class='ocrx_word' id='word_1_268' title='bbox 721 3344 834 3421; x_wconf 91' lang='lat' dir='ltr'>itaque</span> <span class='ocrx_word' id='word_1_269' title='bbox 864 3361 1005 3423; x_wconf 88' lang='lat' dir='ltr'>operam,</span> <span class='ocrx_word' id='word_1_270' title='bbox 1036 3344 1082 3404; x_wconf 92' lang='lat' dir='ltr'>mi</span> <span class='ocrx_word' id='word_1_271' title='bbox 1114 3343 1260 3416; x_wconf 87' lang='lat' dir='ltr'>Erasme,</span> <span class='ocrx_word' id='word_1_272' title='bbox 1294 3344 1393 3422; x_wconf 91' lang='lat' dir='ltr'>idque</span> <span class='ocrx_word' id='word_1_273' title='bbox 1423 3343 1523 3404; x_wconf 87' lang='lat' dir='ltr'>facies</span> 
     </span>
     <span class='ocr_line' id='line_1_33' title="bbox 327 3424 1523 3506; baseline 0.002 -20"><span class='ocrx_word' id='word_1_274' title='bbox 327 3425 451 3499; x_wconf 91' lang='lat' dir='ltr'>sedulo,</span> <span class='ocrx_word' id='word_1_275' title='bbox 464 3432 502 3486; x_wconf 88' lang='lat' dir='ltr'>vt</span> <span class='ocrx_word' id='word_1_276' title='bbox 517 3424 654 3505; x_wconf 89' lang='lat' dir='ltr'>posthac</span> <span class='ocrx_word' id='word_1_277' title='bbox 668 3425 749 3486; x_wconf 93' lang='lat' dir='ltr'>nihil</span> <span class='ocrx_word' id='word_1_278' title='bbox 765 3425 905 3487; x_wconf 91' lang='lat' dir='ltr'>habeam</span> <span class='ocrx_word' id='word_1_279' title='bbox 913 3426 1002 3504; x_wconf 92' lang='lat' dir='ltr'>quod</span> <span class='ocrx_word' id='word_1_280' title='bbox 1017 3433 1125 3488; x_wconf 78' lang='lat' dir='ltr'>tecum</span> <span class='ocrx_word' id='word_1_281' title='bbox 1136 3428 1206 3488; x_wconf 88' lang='lat' dir='ltr'>iure</span> <span class='ocrx_word' id='word_1_282' title='bbox 1217 3426 1380 3506; x_wconf 90' lang='lat' dir='ltr'>postulem</span> <span class='ocrx_word' id='word_1_283' title='bbox 1394 3427 1523 3488; x_wconf 87' lang='lat' dir='ltr'>etiamsi</span> 
     </span>
     <span class='ocr_line' id='line_1_34' title="bbox 327 3508 1523 3590; baseline 0.001 -21"><span class='ocrx_word' id='word_1_284' title='bbox 327 3509 448 3575; x_wconf 65' lang='lat' dir='ltr'>velim.⁴</span> <span class='ocrx_word' id='word_1_285' title='bbox 468 3509 508 3570; x_wconf 94' lang='lat' dir='ltr'>Id</span> <span class='ocrx_word' id='word_1_286' title='bbox 523 3517 635 3570; x_wconf 88' lang='lat' dir='ltr'>autem</span> <span class='ocrx_word' id='word_1_287' title='bbox 650 3508 707 3570; x_wconf 89' lang='lat' dir='ltr'>liet</span> <span class='ocrx_word' id='word_1_288' title='bbox 722 3509 775 3570; x_wconf 90' lang='lat' dir='ltr'>vel</span> <span class='ocrx_word' id='word_1_289' title='bbox 789 3509 894 3583; x_wconf 87' lang='lat' dir='ltr'>facile,</span> <span class='ocrx_word' id='word_1_290' title='bbox 907 3510 934 3569; x_wconf 91' lang='lat' dir='ltr'>si</span> <span class='ocrx_word' id='word_1_291' title='bbox 948 3509 1024 3570; x_wconf 91' lang='lat' dir='ltr'>huic</span> <span class='ocrx_word' id='word_1_292' title='bbox 1039 3516 1171 3571; x_wconf 87' lang='lat' dir='ltr'>nostrae</span> <span class='ocrx_word' id='word_1_293' title='bbox 1186 3509 1344 3590; x_wconf 88' lang='lat' dir='ltr'>epistolae</span> <span class='ocrx_word' id='word_1_294' title='bbox 1355 3528 1523 3570; x_wconf 90' lang='lat' dir='ltr'>musarum</span> 
     </span>
     <span class='ocr_line' id='line_1_35' title="bbox 326 3591 1524 3673; baseline 0 -20"><span class='ocrx_word' id='word_1_295' title='bbox 326 3611 518 3671; x_wconf 87' lang='lat' dir='ltr'>graecarum</span> <span class='ocrx_word' id='word_1_296' title='bbox 540 3592 762 3671; x_wconf 87' lang='lat' dir='ltr'>apologeticae</span> <span class='ocrx_word' id='word_1_297' title='bbox 783 3592 873 3653; x_wconf 91' lang='lat' dir='ltr'>haud</span> <span class='ocrx_word' id='word_1_298' title='bbox 894 3599 1030 3672; x_wconf 85' lang='lat' dir='ltr'>grauate</span> <span class='ocrx_word' id='word_1_299' title='bbox 1055 3594 1268 3673; x_wconf 90' lang='lat' dir='ltr'>responderis.</span> <span class='ocrx_word' id='word_1_300' title='bbox 1312 3591 1407 3666; x_wconf 87' lang='lat' dir='ltr'>Quod</span> <span class='ocrx_word' id='word_1_301' title='bbox 1433 3594 1460 3653; x_wconf 95' lang='lat' dir='ltr'>si</span> <span class='ocrx_word' id='word_1_302' title='bbox 1484 3600 1524 3653; x_wconf 88' lang='lat' dir='ltr'>vt</span> 
     </span>
     <span class='ocr_line' id='line_1_36' title="bbox 327 3674 1586 3755; baseline 0.001 -20"><span class='ocrx_word' id='word_1_303' title='bbox 327 3693 424 3754; x_wconf 90' lang='lat' dir='ltr'>spero</span> <span class='ocrx_word' id='word_1_304' title='bbox 446 3675 554 3748; x_wconf 86' lang='lat' dir='ltr'>facies,</span> <span class='ocrx_word' id='word_1_305' title='bbox 581 3694 650 3736; x_wconf 92' lang='lat' dir='ltr'>rem</span> <span class='ocrx_word' id='word_1_306' title='bbox 673 3678 756 3737; x_wconf 91' lang='lat' dir='ltr'>scito</span> <span class='ocrx_word' id='word_1_307' title='bbox 780 3675 861 3736; x_wconf 91' lang='lat' dir='ltr'>mihi</span> <span class='ocrx_word' id='word_1_308' title='bbox 882 3675 976 3754; x_wconf 91' lang='lat' dir='ltr'>longe</span> <span class='ocrx_word' id='word_1_309' title='bbox 997 3678 1218 3755; x_wconf 87' lang='lat' dir='ltr'>gratissimam</span> <span class='ocrx_word' id='word_1_310' title='bbox 1239 3675 1318 3738; x_wconf 86' lang='lat' dir='ltr'>lore.</span> <span class='ocrx_word' id='word_1_311' title='bbox 1362 3674 1450 3749; x_wconf 89' lang='lat' dir='ltr'>Vale,</span> <span class='ocrx_word' id='word_1_312' title='bbox 1473 3677 1524 3737; x_wconf 88' lang='lat' dir='ltr'>tui</span> <span class='ocrx_word' id='word_1_313' title='bbox 1536 3688 1586 3750; x_wconf 80' lang='lat'>3⁶5</span> 
     </span>
     <span class='ocr_line' id='line_1_37' title="bbox 329 3757 1524 3839; baseline 0.002 -21"><span class='ocrx_word' id='word_1_314' title='bbox 329 3757 470 3819; x_wconf 83' lang='lat' dir='ltr'>Mellarii</span> <span class='ocrx_word' id='word_1_315' title='bbox 485 3777 618 3820; x_wconf 90' lang='lat' dir='ltr'>memor.</span> <span class='ocrx_word' id='word_1_316' title='bbox 663 3757 727 3820; x_wconf 89' lang='lat' dir='ltr'>Sed</span> <span class='ocrx_word' id='word_1_317' title='bbox 740 3778 806 3821; x_wconf 91' lang='lat' dir='ltr'>non</span> <span class='ocrx_word' id='word_1_318' title='bbox 821 3760 912 3839; x_wconf 91' lang='lat' dir='ltr'>prius</span> <span class='ocrx_word' id='word_1_319' title='bbox 927 3758 1092 3820; x_wconf 90' lang='lat' dir='ltr'>calamum</span> <span class='ocrx_word' id='word_1_320' title='bbox 1107 3761 1231 3832; x_wconf 90' lang='lat' dir='ltr'>sistam,</span> <span class='ocrx_word' id='word_1_321' title='bbox 1248 3759 1351 3820; x_wconf 89' lang='lat' dir='ltr'>donec</span> <span class='ocrx_word' id='word_1_322' title='bbox 1365 3758 1524 3838; x_wconf 89' lang='lat' dir='ltr'>epistolae</span> 
     </span>
     <span class='ocr_line' id='line_1_38' title="bbox 327 3841 1523 3922; baseline 0.002 -21"><span class='ocrx_word' id='word_1_323' title='bbox 327 3841 515 3902; x_wconf 90' lang='lat' dir='ltr'>coronidem</span> <span class='ocrx_word' id='word_1_324' title='bbox 538 3841 598 3903; x_wconf 92' lang='lat' dir='ltr'>hoc</span> <span class='ocrx_word' id='word_1_325' title='bbox 620 3842 770 3915; x_wconf 87' lang='lat' dir='ltr'>disticho,</span> <span class='ocrx_word' id='word_1_326' title='bbox 789 3842 877 3921; x_wconf 91' lang='lat' dir='ltr'>quod</span> <span class='ocrx_word' id='word_1_327' title='bbox 898 3848 1077 3922; x_wconf 89' lang='lat' dir='ltr'>perpetuae</span> <span class='ocrx_word' id='word_1_328' title='bbox 1098 3841 1228 3904; x_wconf 86' lang='lat' dir='ltr'>Eresmi</span> <span class='ocrx_word' id='word_1_329' title='bbox 1249 3843 1424 3904; x_wconf 80' lang='lat' dir='ltr'>memorias</span> <span class='ocrx_word' id='word_1_330' title='bbox 1446 3842 1523 3904; x_wconf 90' lang='lat' dir='ltr'>olim</span> 
     </span>
     <span class='ocr_line' id='line_1_39' title="bbox 328 3924 821 4005; baseline 0.002 -20"><span class='ocrx_word' id='word_1_331' title='bbox 328 3924 418 3986; x_wconf 91' lang='lat' dir='ltr'>dicat</span> <span class='ocrx_word' id='word_1_332' title='bbox 433 3924 612 3998; x_wconf 82' lang='lat' dir='ltr'>Mellarius,</span> <span class='ocrx_word' id='word_1_333' title='bbox 629 3926 821 4005; x_wconf 90' lang='lat' dir='ltr'>imposuero.</span> 
     </span>
    </p>

    <p class='ocr_par' dir='ltr' id='par_1_4' title="bbox 369 4008 1587 4672">
     <span class='ocr_line' id='line_1_40' title="bbox 827 4008 1022 4070; baseline 0.005 -1"><span class='ocrx_word' id='word_1_334' title='bbox 827 4008 943 4070; x_wconf 87' lang='lat' dir='ltr'>Latine</span> <span class='ocrx_word' id='word_1_335' title='bbox 958 4010 1022 4070; x_wconf 91' lang='lat' dir='ltr'>sic:</span> 
     </span>
     <span class='ocr_line' id='line_1_41' title="bbox 526 4091 1587 4171; baseline 0.001 -19"><span class='ocrx_word' id='word_1_336' title='bbox 526 4091 555 4152; x_wconf 91' lang='lat' dir='ltr'>A</span> <span class='ocrx_word' id='word_1_337' title='bbox 572 4093 725 4171; x_wconf 90' lang='lat' dir='ltr'>streperis</span> <span class='ocrx_word' id='word_1_338' title='bbox 741 4098 835 4154; x_wconf 90' lang='lat' dir='ltr'>tutus</span> <span class='ocrx_word' id='word_1_339' title='bbox 850 4092 974 4154; x_wconf 89' lang='lat' dir='ltr'>rabulis</span> <span class='ocrx_word' id='word_1_340' title='bbox 989 4099 1140 4154; x_wconf 89' lang='lat' dir='ltr'>seruetur</span> <span class='ocrx_word' id='word_1_341' title='bbox 1155 4091 1322 4167; x_wconf 81' lang='lat' dir='ltr'>Erasmus,</span> <span class='ocrx_word' id='word_1_342' title='bbox 1537 4115 1587 4166; x_wconf 78' lang='lat'>370</span> 
     </span>
     <span class='ocr_line' id='line_1_42' title="bbox 611 4175 1240 4255; baseline 0.003 -19"><span class='ocrx_word' id='word_1_343' title='bbox 611 4176 657 4237; x_wconf 91' lang='lat' dir='ltr'>Vt</span> <span class='ocrx_word' id='word_1_344' title='bbox 671 4175 783 4255; x_wconf 87' lang='lat' dir='ltr'>longos</span> <span class='ocrx_word' id='word_1_345' title='bbox 797 4175 899 4237; x_wconf 87' lang='lat' dir='ltr'>ducat</span> <span class='ocrx_word' id='word_1_346' title='bbox 913 4177 1001 4237; x_wconf 90' lang='lat' dir='ltr'>laeta</span> <span class='ocrx_word' id='word_1_347' title='bbox 1016 4183 1147 4238; x_wconf 86' lang='lat' dir='ltr'>senecta</span> <span class='ocrx_word' id='word_1_348' title='bbox 1161 4176 1240 4238; x_wconf 90' lang='lat' dir='ltr'>dies.</span> 
     </span>
     <span class='ocr_line' id='line_1_43' title="bbox 786 4258 1062 4338; baseline 0.007 -20"><span class='ocrx_word' id='word_1_349' title='bbox 786 4258 939 4338; x_wconf 79' lang='grc' dir='ltr'>ἑλληνιστὶ</span> <span class='ocrx_word' id='word_1_350' title='bbox 954 4259 1062 4326; x_wconf 84' lang='grc' dir='ltr'>οὕτως·</span> 
     </span>
     <span class='ocr_line' id='line_1_44' title="bbox 527 4340 1346 4422; baseline -0.001 -19"><span class='ocrx_word' id='word_1_351' title='bbox 527 4340 674 4403; x_wconf 82' lang='grc' dir='ltr'>Ἔκδικον</span> <span class='ocrx_word' id='word_1_352' title='bbox 687 4343 724 4404; x_wconf 82' lang='grc' dir='ltr'>ἂν</span> <span class='ocrx_word' id='word_1_353' title='bbox 737 4349 861 4421; x_wconf 86' lang='grc' dir='ltr'>μουσῶν</span> <span class='ocrx_word' id='word_1_354' title='bbox 876 4342 996 4421; x_wconf 82' lang='grc' dir='ltr'>νέμεσις</span> <span class='ocrx_word' id='word_1_355' title='bbox 1008 4341 1098 4421; x_wconf 81' lang='grc' dir='ltr'>ῥῦσαι</span> <span class='ocrx_word' id='word_1_356' title='bbox 1112 4341 1167 4404; x_wconf 78' lang='grc' dir='ltr'>τὸν</span> <span class='ocrx_word' id='word_1_357' title='bbox 1182 4342 1346 4422; x_wconf 87' lang='grc' dir='ltr'>Ἐροσμόν,</span> 
     </span>
     <span class='ocr_line' id='line_1_45' title="bbox 607 4425 1245 4507; baseline 0.005 -22"><span class='ocrx_word' id='word_1_358' title='bbox 607 4427 650 4492; x_wconf 84' lang='grc' dir='ltr'>ὡς</span> <span class='ocrx_word' id='word_1_359' title='bbox 664 4432 762 4504; x_wconf 81' lang='grc' dir='ltr'>γῆρας</span> <span class='ocrx_word' id='word_1_360' title='bbox 775 4425 805 4486; x_wconf 84' lang='grc' dir='ltr'>κ’</span> <span class='ocrx_word' id='word_1_361' title='bbox 820 4425 940 4505; x_wconf 70' lang='grc' dir='ltr'>εὔφρων</span> <span class='ocrx_word' id='word_1_362' title='bbox 954 4425 1054 4505; x_wconf 78' lang='grc' dir='ltr'>ἤγαγε</span> <span class='ocrx_word' id='word_1_363' title='bbox 1067 4426 1245 4507; x_wconf 81' lang='grc' dir='ltr'>μακρόβιον.</span> 
     </span>
     <span class='ocr_line' id='line_1_46' title="bbox 370 4508 734 4571; baseline 0 -2"><span class='ocrx_word' id='word_1_364' title='bbox 370 4508 450 4570; x_wconf 89' lang='lat' dir='ltr'>Vale</span> <span class='ocrx_word' id='word_1_365' title='bbox 465 4509 586 4571; x_wconf 88' lang='lat' dir='ltr'>iterum</span> <span class='ocrx_word' id='word_1_366' title='bbox 600 4515 635 4571; x_wconf 90' lang='lat' dir='ltr'>et</span> <span class='ocrx_word' id='word_1_367' title='bbox 649 4511 734 4570; x_wconf 85' lang='lat' dir='ltr'>viue.</span> 
     </span>
     <span class='ocr_line' id='line_1_47' title="bbox 369 4591 1058 4672; baseline 0.003 -20"><span class='ocrx_word' id='word_1_368' title='bbox 369 4591 469 4672; x_wconf 90' lang='lat' dir='ltr'>Apud</span> <span class='ocrx_word' id='word_1_369' title='bbox 480 4600 632 4654; x_wconf 88' lang='lat' dir='ltr'>sanctum</span> <span class='ocrx_word' id='word_1_370' title='bbox 644 4591 772 4653; x_wconf 91' lang='lat' dir='ltr'>Bellum</span> <span class='ocrx_word' id='word_1_371' title='bbox 787 4591 854 4654; x_wconf 79' lang='lat' dir='ltr'>Cal.</span> <span class='ocrx_word' id='word_1_372' title='bbox 870 4593 951 4654; x_wconf 85' lang='lat' dir='ltr'>febr.</span> <span class='ocrx_word' id='word_1_373' title='bbox 967 4608 1058 4670; x_wconf 84' lang='lat'>1530.</span> 
     </span>
    </p>
   </div>
   <div class='ocr_carea' id='block_1_3' title="bbox 369 4700 1296 4784">
    <p class='ocr_par' dir='ltr' id='par_1_5' title="bbox 369 4700 1296 4784">
     <span class='ocr_line' id='line_1_48' title="bbox 369 4700 1296 4784; baseline 0.002 -22"><span class='ocrx_word' id='word_1_374' title='bbox 369 4701 507 4763; x_wconf 88' lang='lat' dir='ltr'>Erasmo</span> <span class='ocrx_word' id='word_1_375' title='bbox 522 4702 628 4763; x_wconf 90' lang='lat' dir='ltr'>modis</span> <span class='ocrx_word' id='word_1_376' title='bbox 643 4701 795 4763; x_wconf 89' lang='lat' dir='ltr'>omnibns</span> <span class='ocrx_word' id='word_1_377' title='bbox 809 4720 938 4784; x_wconf 87' lang='lat' dir='ltr'>magno.</span> <span class='ocrx_word' id='word_1_378' title='bbox 955 4700 1107 4782; x_wconf 85' lang='lat' dir='ltr'>Friburgi</span> <span class='ocrx_word' id='word_1_379' title='bbox 1121 4701 1296 4782; x_wconf 87' lang='lat' dir='ltr'>Brisgoiae</span> 
     </span>
    </p>
   </div>
   <div class='ocr_carea' id='block_1_4' title="bbox 326 4832 1525 5105">
    <p class='ocr_par' dir='ltr' id='par_1_6' title="bbox 326 4832 1525 5105">
     <span class='ocr_line' id='line_1_49' title="bbox 362 4832 1524 4900; baseline -0.002 -14"><span class='ocrx_word' id='word_1_380' title='bbox 362 4850 420 4900; x_wconf 84' lang='lat'>334.</span> <span class='ocrx_word' id='word_1_381' title='bbox 439 4837 709 4898; x_wconf 82' lang='lat' dir='ltr'>Aiace]Suetonius,</span> <span class='ocrx_word' id='word_1_382' title='bbox 723 4836 794 4900; x_wconf 74' lang='lat' dir='ltr'>Aug.</span> <span class='ocrx_word' id='word_1_383' title='bbox 807 4838 848 4900; x_wconf 82' lang='lat'>85.</span> <span class='ocrx_word' id='word_1_384' title='bbox 950 4835 1126 4900; x_wconf 73' lang='grc' dir='ltr'>σοοιοοσι..</span> <span class='ocrx_word' id='word_1_385' title='bbox 1140 4837 1310 4895; x_wconf 53' lang='lat' dir='ltr'>amendata,</span> <span class='ocrx_word' id='word_1_386' title='bbox 1322 4832 1524 4885; x_wconf 76' lang='lat' dir='ltr'>whichhadin</span> 
     </span>
     <span class='ocr_line' id='line_1_50' title="bbox 362 4901 1525 4968; baseline -0.001 -16"><span class='ocrx_word' id='word_1_387' title='bbox 362 4917 420 4968; x_wconf 82' lang='lat'>342</span> <span class='ocrx_word' id='word_1_388' title='bbox 439 4904 602 4968; x_wconf 79' lang='lat' dir='ltr'>Augustini]</span> <span class='ocrx_word' id='word_1_389' title='bbox 618 4904 838 4963; x_wconf 77' lang='lat' dir='ltr'>Ratrootnticncs,</span> <span class='ocrx_word' id='word_1_390' title='bbox 851 4904 900 4954; x_wconf 90' lang='lat' dir='ltr'>lib.</span> <span class='ocrx_word' id='word_1_391' title='bbox 951 4904 1011 4953; x_wconf 82' lang='lat' dir='ltr'>lact</span> <span class='ocrx_word' id='word_1_392' title='bbox 1034 4903 1105 4952; x_wconf 91' lang='lat' dir='ltr'>been</span> <span class='ocrx_word' id='word_1_393' title='bbox 1148 4904 1270 4954; x_wconf 87' lang='lat' dir='ltr'>rinted</span> <span class='ocrx_word' id='word_1_394' title='bbox 1263 4920 1292 4953; x_wconf 90' lang='grc' dir='ltr'>ιιι</span> <span class='ocrx_word' id='word_1_395' title='bbox 1314 4902 1365 4952; x_wconf 86' lang='lat' dir='ltr'>the</span> <span class='ocrx_word' id='word_1_396' title='bbox 1383 4901 1464 4966; x_wconf 80' lang='lat' dir='ltr'>Apol.</span> <span class='ocrx_word' id='word_1_397' title='bbox 1488 4901 1525 4952; x_wconf 80' lang='lat' dir='ltr'>od</span> 
     </span>
     <span class='ocr_line' id='line_1_51' title="bbox 326 4967 1524 5035; baseline -0.003 -14"><span class='ocrx_word' id='word_1_398' title='bbox 326 4969 530 5034; x_wconf 44' lang='lat' dir='ltr'>duoWOpOm</span> <span class='ocrx_word' id='word_1_399' title='bbox 537 4970 841 5034; x_wconf 82' lang='lat' dir='ltr'>Paris1836„vol.i22-</span> <span class='ocrx_word' id='word_1_400' title='bbox 824 4985 900 5022; x_wconf 87' lang='lat'>-·.122</span> <span class='ocrx_word' id='word_1_401' title='bbox 951 4969 1098 5022; x_wconf 73' lang='lat' dir='ltr'>monachos</span> <span class='ocrx_word' id='word_1_402' title='bbox 1131 4967 1524 5035; x_wconf 73' lang='lat' dir='ltr'>iapomsin1529.seeEpp</span> 
     </span>
     <span class='ocr_line' id='line_1_52' title="bbox 394 5036 1524 5105; baseline -0.003 -17"><span class='ocrx_word' id='word_1_403' title='bbox 394 5037 509 5100; x_wconf 87' lang='lat' dir='ltr'>librum]</span> <span class='ocrx_word' id='word_1_404' title='bbox 542 5037 722 5105; x_wconf 81' lang='lat' dir='ltr'>Apparently</span> <span class='ocrx_word' id='word_1_405' title='bbox 749 5038 799 5090; x_wconf 87' lang='lat' dir='ltr'>the</span> <span class='ocrx_word' id='word_1_406' title='bbox 830 5038 902 5090; x_wconf 81' lang='lat' dir='ltr'>Loca</span> <span class='ocrx_word' id='word_1_407' title='bbox 952 5036 1524 5103; x_wconf 69' lang='lat' dir='ltr'>aeasintrod.,2443.55-8,2466.165·71.</span> 
     </span>
    </p>
   </div>
   <div class='ocr_carea' id='block_1_5' title="bbox 0 0 2028 5900">
    <p class='ocr_par' dir='ltr' id='par_1_7' title="bbox 0 0 2028 5900">
     <span class='ocr_line' id='line_1_53' title="bbox 0 0 2028 5900; baseline 0 0"><span class='ocrx_word' id='word_1_408' title='bbox 0 0 2028 5900; x_wconf 95' lang='lat' dir='ltr'> </span> 
     </span>
    </p>
   </div>
  </div>
 </body>
</html>
