4042 5900
494 648 554 709 104
818 643 1016 708 LETTERS
1037 643 1093 708 OF
1113 641 1319 707 ERASMUS
1594 644 1691 721 [1531

533 805 624 867 Istuc
638 824 705 866 non
718 806 780 865 nisi
794 824 922 866 summo
937 806 1027 865 vitae
1041 804 1224 865 discrimine
1234 801 1393 882 proficisci
1403 801 1559 876 licuisset,
1574 803 1690 883 itsque

490 887 592 949 melui
620 889 738 949 viuere.
783 888 868 949 Tum
896 888 1059 949 habebam
1087 893 1303 967 perspectum,
1332 886 1360 946 si
1388 886 1560 959 venissem,
1589 886 1689 948 citius

490 971 640 1033 futurum
654 978 694 1032 vt
707 971 852 1050 eliquam
866 990 988 1032 nouam
1003 970 1204 1049 tragoediam
1219 970 1251 1030 in
1266 988 1375 1030 meum
1390 973 1492 1048 caput
1505 970 1688 1031 excitarem

490 1073 590 1133 quam
605 1061 644 1114 vt
658 1061 783 1115 veteres
798 1055 962 1116 tumultus
980 1054 1135 1114 sederem.
1179 1052 1345 1114 Noueram
1364 1071 1542 1131 equorum
1565 1053 1688 1114 iudicio

446 1159 476 1209 1⁵
489 1138 646 1217 penderet
659 1136 785 1210 Caesar,
801 1157 859 1198 nec
874 1158 925 1199 me
945 1137 1074 1198 latebat
1094 1135 1208 1216 quales
1229 1135 1326 1196 isthic
1347 1136 1499 1196 adessent
1520 1135 1687 1217 theologi:

489 1221 609 1300 quibus
623 1221 697 1282 ilico
712 1221 884 1300 plusquam
899 1221 1083 1282 Luteranus
1097 1226 1148 1281 est
1163 1220 1220 1299 qui
1234 1238 1293 1299 pro
1307 1220 1440 1298 negocio
1451 1220 1586 1299 pietatis
1596 1221 1688 1282 ausit

489 1304 619 1366 hiscere.
664 1305 709 1365 Et
737 1324 810 1365 sum
835 1311 955 1365 natura
979 1304 1129 1365 fucorum
1151 1304 1335 1383 impatiens,
1361 1301 1490 1382 linguae
1515 1302 1687 1365 liberioris.

488 1386 582 1460 Quod
597 1390 625 1448 si
639 1407 691 1448 me
705 1387 749 1448 ad
763 1388 969 1467 quorundum
978 1387 1116 1448 affectus
1130 1391 1409 1465 attemperassem,
1424 1385 1531 1448 multa
1546 1385 1688 1449 dicenda

487 1478 583 1532 erant
616 1472 773 1532 aduersus
804 1491 911 1532 meam
939 1472 1041 1550 ipsius
1069 1470 1308 1530 conscientiam.
1352 1469 1471 1548 Itaque
1500 1468 1688 1531 valetudini

441 1575 475 1612 20
487 1573 677 1634 quanquam
691 1554 906 1634 permolestae
923 1554 1158 1634 propemodum
1178 1552 1239 1613 hoc
1258 1553 1388 1613 nomine
1407 1553 1548 1631 gratiam
1566 1552 1686 1627 habeo,

487 1637 576 1715 quod
597 1658 654 1718 per
677 1638 767 1699 illam
790 1638 884 1699 licuit
908 1638 1027 1698 isthinc
1049 1637 1171 1697 abesse.
1215 1636 1375 1697 Dominus
1395 1655 1462 1696 non
1483 1637 1570 1697 sinet
1590 1639 1686 1698 naui·

486 1720 593 1782 culam
622 1741 715 1782 suam
744 1722 839 1782 obrui
863 1720 1027 1793 fluctibus,
1051 1726 1218 1798 vtcunque
1240 1719 1357 1781 fremet
1380 1719 1441 1780 hoc
1464 1738 1563 1781 mare.
1607 1719 1687 1782 Non

486 1801 1572 1959 hh‘h.iiii.3.l¹.t⁰{{t³⁰l3hi⁰⁰..3·.iss¹¹t.ft...titii
1581 1804 1687 1949 dih

440 1991 473 2040 25
486 1978 675 2050 tempestas,
704 1991 771 2033 non
798 1971 931 2050 perinde
965 1970 1064 2030 liceat
1093 1969 1203 2048 lugere
1235 1976 1335 2048 atque
1364 1969 1449 2041 hinc,
1473 1970 1516 2031 ob
1539 1970 1685 2031 vicinam

485 2052 636 2128 Galliam,
662 2061 697 2115 et
719 2055 894 2133 procliuem
920 2055 954 2114 in
979 2053 1192 2113 Brabantiam
1216 2053 1367 2125 reditum,
1387 2052 1541 2113 nimirum
1564 2052 1686 2116 Rheno

485 2138 636 2199 secundo.
681 2138 752 2198 Hoc
778 2157 885 2198 rerum
914 2143 1007 2197 statu
1034 2135 1162 2197 difficile
1186 2140 1238 2196 est
1262 2135 1387 2215 aliquid
1412 2136 1492 2196 certi
1515 2140 1684 2211 statuere;

484 2240 587 2300 quum
602 2223 726 2282 incerta
741 2222 807 2282 sint
822 2221 940 2293 omnia,
955 2227 994 2281 vt
1009 2219 1173 2298 gladiator
1190 2220 1224 2280 in
1244 2219 1375 2291 harene,
1391 2219 1439 2279 ita
1457 2237 1517 2297 ego
1539 2239 1580 2281 ex
1598 2227 1684 2281 tem·

483 2322 561 2383 pore
576 2304 745 2364 consilium
761 2306 886 2384 capiam
903 2309 1043 2383 oportet.
1088 2302 1234 2375 Interim,
1250 2300 1463 2381 Guolphange
1481 2301 1683 2377 charissime,

437 2407 471 2457 30
483 2389 608 2448 mutuis
622 2387 741 2449 litteris
755 2388 849 2447 nohis
863 2388 1003 2448 inuicem
1018 2386 1172 2447 fruemur.
1206 2386 1338 2446 Petrem
1354 2392 1449 2446 tuum
1464 2384 1683 2447 clarissimum

483 2472 590 2531 virum
605 2472 685 2531 meis
699 2472 807 2532 verbis
822 2489 943 2551 quaeso
960 2475 1000 2529 vt
1021 2468 1143 2529 salutes
1162 2468 1342 2549 diligenter.
1386 2466 1420 2529 Si
1441 2467 1683 2548 Polyphemum

482 2554 604 2614 inuitas
618 2554 661 2614 ed
680 2554 872 2634 potandum,
888 2553 984 2633 plane
1001 2551 1056 2612 τὸν
1070 2552 1164 2611 ἵππον
1178 2551 1223 2617 εἷς
1237 2550 1352 2611 πεδίον.
1396 2550 1431 2613 Si
1444 2553 1571 2612 coneris
1586 2552 1684 2614 illum

482 2636 612 2716 explere
638 2639 724 2711 vino,
747 2638 843 2717 plane
868 2637 903 2698 id
926 2637 995 2715 agis
1020 2636 1110 2715 quod
1132 2636 1223 2716 apud
1246 2634 1365 2696 inferos
1387 2634 1562 2696 Danaides.
1607 2634 1683 2698 Hoc

482 2726 614 2782 tantum
630 2720 723 2781 licuit
737 2722 771 2781 in
785 2722 978 2800 praesentia.

434 2823 467 2873 35
523 2803 610 2864 Bene
625 2805 709 2878 vale,
725 2804 874 2884 Friburgi
888 2803 1024 2884 postrid.
1040 2800 1148 2863 Galen.
1164 2802 1235 2864 Ian.
1251 2817 1421 2863 mnxm.

711 3019 857 3102 242οΜ
903 3014 1010 3079 Feou
1027 3013 1213 3079 Bonmscn
1230 3012 1449 3078 Annesson.

518 3142 610 3197 Baele
623 3142 686 3197 MS.
701 3143 732 3198 Ο.
749 3144 818 3198 VIe.
834 3157 880 3212 73.
895 3157 930 3215 45
945 3150 989 3198 v0.
1445 3141 1547 3196 Basle.

1347 3229 1383 3285 27
1395 3215 1542 3288 January
1556 3231 1640 3286 1531.

513 3335 571 3397 [An
582 3337 741 3402 autograph
754 3336 943 3401 mogh-dreit,
956 3337 1070 3386 written
1083 3336 1180 3386 laires
1192 3335 1236 3385 ior
1246 3335 1388 3400 diepatch,
1400 3335 1455 3386 but
1466 3335 1536 3386 than
1548 3351 1580 3386 so
1590 3337 1681 3388 much

478 3404 621 3453 corrected
639 3405 705 3454 that
724 3405 846 3454 another
864 3419 937 3468 copy
956 3404 1072 3453 became
1092 3417 1249 3466 necessary.
1284 3401 1344 3451 The
1362 3402 1540 3467 manuscript
1562 3403 1632 3454 date
1654 3405 1682 3455 is

478 3470 633 3520 confirmed
650 3471 689 3534 by
706 3470 756 3521 the
774 3470 880 3520 bundle
902 3470 932 3519 oi
949 3469 1049 3519 letters
1066 3470 1180 3519 written
1204 3474 1235 3519 to
1258 3468 1338 3519 Paris
1360 3469 1447 3534 (Epp.
1464 3482 1575 3533 2421-3,
1598 3472 1679 3536 ²4²7)

478 3536 624 3602 evidently
635 3553 672 3587 on
684 3538 790 3602 receipt
801 3537 831 3587 of
843 3537 923 3598 this]

521 3641 552 3704 S.
579 3644 614 3704 P.
642 3642 787 3705 Sadoleti
816 3664 921 3724 nuper
949 3643 992 3704 ad
1018 3649 1052 3704 te
1080 3643 1192 3703 literas
1221 3643 1304 3715 misi,
1328 3642 1505 3704 clarissime
1527 3642 1676 3706 Erasme,

478 3725 573 3787 Nunc
593 3746 680 3798 vero,
697 3728 873 3800 sacerdote,
893 3729 985 3807 qu<i>
1005 3726 1155 3798 feliciore,
1173 3733 1213 3786 vt
1233 3725 1446 3787 iureconsulti
1467 3726 1568 3787 verbo
1588 3733 1676 3801 vtar,

478 3809 658 3889 diplomate
672 3812 757 3871 istuc
773 3810 977 3890 proiecturus
995 3817 1077 3883 erat,
1095 3809 1208 3871 oblato
1226 3809 1444 3882 commodum,
1462 3814 1497 3871 et
1511 3810 1678 3873 eLutetia

477 3892 672 3954 adferuntur
695 3894 786 3955 aliae.
830 3893 883 3954 Ad
906 3913 988 3973 quas
1013 3894 1040 3953 si
1061 3892 1254 3972 respondere
1276 3892 1375 3965 voles,
1396 3894 1484 3954 intra
1505 3899 1581 3954 octo
1604 3893 1675 3955 dies

448 3976 608 4050 §licebit;
630 3996 707 4037 nem
721 3978 859 4038 nuncius
873 3978 1000 4038 tamdiu
1016 3977 1067 4037 hic
1082 3996 1116 4037 se
1130 3996 1378 4057 permansurum
1393 3976 1556 4038 adfirmat.
1579 3975 1676 4051 Quod

476 4065 645 4137 praeterea
659 4061 799 4121 scribam
814 4059 895 4121 nihil
908 4080 995 4121 nunc
1010 4062 1166 4140 temporis
1181 4061 1331 4131 occurrit,
1343 4061 1403 4120 nisi
1415 4066 1559 4121 veterem
1570 4062 1674 4121 canti-

475 4141 583 4202 lenam
598 4143 711 4204 audire
725 4143 815 4216 velis,
831 4143 941 4205 ‘Tuus
961 4163 1043 4217 sum,
1059 4149 1137 4204 tuus
1156 4163 1226 4204 esse
1243 4143 1360 4223 cupio'
1403 4142 1494 4204 Nihil
1512 4148 1564 4204 est
1583 4144 1674 4222 quod

476 4244 542 4286 non
564 4230 623 4286 tua
642 4245 741 4287 causa
758 4227 896 4288 libenter
912 4234 947 4288 et
966 4247 1007 4287 ex
1027 4229 1136 4288 animo
1157 4227 1306 4288 tacturus
1328 4245 1410 4287 sum.
1455 4226 1575 4288 Verum
1597 4246 1674 4288 cum

476 4308 668 4370 iamdudum
684 4310 763 4370 haec
778 4310 849 4383 tibi,
865 4316 905 4370 vt
919 4329 1023 4390 spero,
1033 4311 1278 4390 persuasissimis
1292 4309 1423 4382 fuerint,
1439 4309 1547 4371 denuo
1557 4309 1673 4372 eadem

432 4403 464 4440 ¹⁰
475 4392 714 4454 inconculcasse
729 4392 852 4472 relligio
867 4395 929 4466 sit;
952 4399 1014 4454 πᾶν
1027 4393 1087 4472 γὰρ
1101 4392 1138 4453 τὸ
1152 4392 1296 4470 περιττὸν
1310 4392 1446 4470 ἄκαιρον.

518 4475 605 4537 Bene
620 4475 703 4548 vale,
718 4476 893 4538 clarissime
908 4477 1053 4550 Erasme,
1068 4484 1102 4538 et
1117 4497 1178 4550 me,
1194 4477 1283 4556 quod
1298 4476 1387 4548 facis,
1403 4496 1488 4537 ama.

517 4558 663 4621 Basilcae
677 4558 778 4620 Sexto
792 4558 859 4620 Cal.
876 4560 1031 4621 Februar.
1047 4560 1142 4622 Anno
1156 4576 1326 4621 mcxxxi.
1353 4557 1514 4621 Glareano
1529 4559 1671 4622 salutem

474 4641 658 4721 plurimam.

897 4726 987 4789 Tuus
1001 4747 1043 4789 ex
1058 4727 1167 4789 animo
1182 4726 1369 4788 Bonifeoius
1383 4726 1627 4789 Amerbachius.

506 4925 580 4976 2419.
599 4941 640 4990 3²·
657 4925 701 4977 τόν
712 4924 799 4989 ἵππον]
811 4926 899 4990 Adeo.
912 4928 970 4992 782.
1128 4942 1153 4978 2.
1171 4927 1482 4990 sacerdote1Boniiace
1501 4928 1565 4980 first
1581 4933 1674 4980 wrote

506 4992 581 5044 2420.
601 5008 625 5044 r.
642 4993 751 5057 literae]
761 4994 816 5060 Ep.
829 4995 904 5060 2385.
1095 4994 1239 5045 Fictcrdc.
