4042 5900
319 696 414 772 2500]
667 690 723 754 ΤΟ
744 690 940 754 ANDREW
963 690 1170 754 RESENDE
1456 692 1516 752 277

319 871 509 932 quanquam
523 851 688 930 ingenium
702 856 737 911 et
751 849 893 912 indolem
909 857 1001 912 tuam
1017 870 1058 912 ex
1073 849 1220 912 versibus
1234 850 1301 911 tuis
1314 849 1395 911 mihi
1405 849 1519 911 videor

319 937 400 997 satis
412 934 531 995 habere
540 940 753 1014 perspectam.
783 933 873 995 Illud
884 933 946 995 tibi
955 933 1134 995 videndum
1143 939 1203 1006 est,
1213 939 1252 993 vt
1260 940 1295 994 et
1306 934 1406 994 istum
1417 934 1518 994 animi

320 1017 495 1080 candorem
520 1024 554 1078 et
579 1017 700 1096 eloquii
724 1036 842 1078 venam
868 1016 951 1078 bene
976 1016 1122 1078 colloces.
1166 1016 1247 1077 Mihi
1268 1016 1400 1095 quidem
1422 1016 1518 1077 vehe-

320 1107 448 1163 menter
469 1100 647 1162 iucundum
667 1106 718 1161 est
736 1099 796 1160 abs
813 1106 847 1160 te
867 1100 920 1161 vel
937 1102 1050 1173 amari,
1071 1099 1124 1161 vel
1141 1100 1330 1179 praedicari,
1348 1099 1405 1161 sed
1424 1098 1520 1160 doleo

321 1183 401 1245 nihil
416 1203 485 1245 esse
499 1185 534 1244 in
548 1203 600 1244 me
615 1184 682 1244 tuis
696 1182 830 1262 dignum
845 1183 1028 1245 affectibus.
1532 1207 1566 1244 2ο

363 1268 511 1347 Longum
525 1267 618 1327 illum
632 1265 828 1339 Stentorem,
848 1285 946 1345 quem
965 1266 1046 1328 mihi
1064 1266 1198 1346 quidem
1214 1265 1326 1345 pulcre
1345 1265 1519 1338 deliniasti,

321 1352 378 1412 sed
398 1352 467 1430 ipse
486 1351 628 1429 seipsum
649 1351 683 1409 in
705 1369 765 1411 suo
784 1349 896 1411 libello
917 1369 984 1411 non
1002 1351 1111 1411 minus
1125 1350 1259 1411 indocto
1273 1368 1373 1428 quam
1393 1349 1520 1409 infante

322 1436 367 1494 sic
390 1434 542 1494 omnibus
566 1434 725 1511 expressit
749 1432 920 1506 coloribus,
944 1438 983 1493 vt
1006 1432 1133 1494 nullum
1159 1432 1326 1512 speculum
1349 1433 1519 1493 certiorem

322 1519 513 1595 cuiusquam
528 1516 663 1577 reddere
677 1517 781 1595 possit
791 1516 984 1595 imaginem
1005 1535 1071 1577 non
1086 1517 1181 1595 potui
1195 1535 1262 1577 non
1277 1516 1390 1577 ridere.
1434 1514 1519 1589 Quid

321 1600 368 1661 illi
382 1601 474 1661 venit
488 1601 522 1660 in
536 1605 690 1672 mentem,
707 1605 745 1660 vt
759 1599 858 1660 homo
871 1600 1029 1679 tragicam
1043 1619 1158 1678 gerens
1171 1618 1344 1679 personam
1364 1618 1398 1659 se
1412 1599 1521 1677 pueris
1534 1620 1567 1671 25

322 1683 536 1745 deridendum
551 1684 766 1762 propinaret?
787 1681 863 1743 Non
877 1702 929 1743 me
945 1683 1029 1744 clam
1045 1689 1096 1744 est
1110 1682 1154 1743 ab
1169 1682 1232 1743 illis
1243 1681 1368 1761 aliquid
1382 1683 1522 1743 monstri

321 1766 366 1827 ali
389 1765 584 1827 clanculum.
628 1765 715 1826 Hinc
736 1766 801 1826 ista
822 1764 1030 1838 confidentia,
1053 1765 1095 1827 de
1116 1784 1265 1826 successu
1288 1765 1409 1826 viderit
1429 1765 1520 1826 deus.

322 1849 397 1910 Tibi
416 1868 503 1922 vero,
518 1850 564 1910 mi
583 1848 743 1921 Boseude,
758 1847 874 1909 lubens
894 1855 993 1910 autor
1008 1849 1139 1923 fuerim,
1156 1848 1296 1927 nequid
1314 1850 1414 1909 istam
1429 1867 1520 1909 exos-

324 1939 409 1993 tram
424 1933 457 1992 in
473 1938 507 1993 te
521 1951 687 2011 prouoces.
731 1931 809 1992 Fuit
829 1931 907 1993 olim
922 1951 1057 2011 regnum
1079 1932 1297 2011 Assyriorum,
1313 1930 1520 2003 Graecorum,

323 2015 504 2088 Medorum,
530 2014 775 2076 Romanorum:
809 2014 890 2094 quid
918 2016 946 2075 si
970 2015 1052 2077 deus
1079 2015 1198 2095 aliquis
1225 2034 1312 2076 nunc
1341 2013 1424 2076 velit
1452 2033 1521 2075 esse
1534 2037 1568 2087 3ο

323 2118 459 2177 regnum
474 2098 708 2159 monachorum
727 2105 787 2159 aut
806 2097 1008 2159 stultorum?
1043 2097 1201 2159 Habeant
1217 2105 1253 2160 et
1272 2098 1318 2159 illi
1333 2100 1420 2159 vices
1435 2117 1520 2171 suas,

323 2184 350 2243 si
365 2184 414 2243 ita
428 2184 535 2242 visum
550 2188 602 2242 cst
616 2181 703 2242 fatis.
747 2180 798 2242 Tu
813 2187 847 2242 te
862 2183 963 2242 musis
978 2183 1046 2243 tuis
1060 2181 1199 2243 oblecta.

364 2264 538 2326 Caeterum
566 2264 649 2325 illud
676 2264 738 2325 tibi
766 2264 963 2343 persuadeas
986 2265 1095 2339 velim,
1123 2271 1159 2326 et
1186 2264 1330 2326 indolem
1359 2266 1457 2326 istam
1486 2270 1521 2325 et

323 2350 470 2409 animum
496 2347 576 2408 mihi
599 2367 674 2409 cum
697 2348 810 2426 primis
832 2367 899 2409 non
922 2348 1021 2409 modo
1046 2348 1180 2409 charum
1203 2368 1282 2420 esse,
1304 2349 1520 2410 verumetiam

323 2432 512 2492 iucundum.
549 2430 622 2492 Scio
636 2430 717 2491 nihil
730 2432 879 2492 exactius
893 2429 1035 2492 Coclenii
1049 2432 1178 2504 iudicio,
1192 2451 1252 2492 nec
1266 2430 1320 2492 ille
1334 2450 1521 2510 quenquam
1534 2451 1568 2503 35

324 2523 446 2576 temere
466 2514 652 2593 praedicare
672 2512 764 2575 solet.
810 2514 920 2587 Porro,
939 2516 984 2575 sic
1003 2534 1080 2575 amo
1094 2516 1202 2575 virum
1219 2521 1259 2575 vt
1278 2514 1331 2575 vel
1352 2514 1421 2576 solo
1435 2514 1522 2575 illius

323 2598 445 2658 affectu
463 2617 560 2676 cogar
578 2616 689 2658 amare
711 2597 908 2675 quemlibet:
941 2604 1076 2659 tantum
1095 2597 1182 2658 illius
1204 2597 1315 2659 tribuo
1332 2598 1461 2671 iudicio,
1484 2605 1523 2659 vt

324 2687 494 2760 praeterea
508 2680 589 2740 nihil
604 2682 768 2758 requiram
783 2688 1061 2759 argumentorum.
1106 2680 1193 2741 Bene
1208 2680 1292 2741 vale.

365 2764 491 2826 Datum
500 2763 589 2843 apud
597 2763 793 2843 Friburgum
802 2764 976 2844 Brisgoiae.
992 2764 1091 2825 Festo
1100 2764 1335 2825 Eucharistiae.
1351 2779 1521 2825 mnxm.

621 3103 769 3186 2501,m
815 3097 868 3164 Το
885 3099 1058 3165 Erasmus
1075 3097 1223 3165 Sonans.

364 3235 482 3290 British
495 3235 638 3290 Mussum
650 3235 715 3291 MS.
729 3235 811 3291 Add.
826 3238 929 3305 38512‚
943 3236 966 3294 f.
981 3250 1028 3306 57.
1295 3237 1453 3308 Freiburg.

1256 3328 1288 3367 11
1303 3312 1388 3368 June
1403 3327 1486 3382 1531.

359 3437 416 3498 [An
434 3436 552 3503 original
570 3437 664 3497 letter,
682 3438 843 3503 autogreph
860 3439 1046 3504 throughout.
1092 3439 1153 3489 The
1170 3445 1302 3490 sentence
1320 3439 1445 3500 Quereris
1464 3477 1471 3489 .
1491 3477 1497 3490 .
1517 3477 1523 3489 .

324 3512 531 3568 peruenturum.
550 3504 623 3554 Vale.
637 3506 660 3554 is
671 3505 787 3555 written
798 3520 835 3554 on
847 3519 865 3554 a
877 3512 1008 3570 seperate
1020 3506 1091 3571 slip:
1110 3507 1146 3555 ci.
1159 3506 1235 3572 Epp.
1248 3520 1324 3572 2403,
1336 3508 1424 3571 2532]

368 3610 399 3672 S.
417 3611 452 3672 P.
496 3610 616 3690 Accepi
624 3610 751 3672 litteras
763 3612 852 3673 Petri
863 3612 1021 3686 Barbirii;
1042 3612 1149 3674 Deum
1160 3613 1389 3687 immortalem,
1401 3613 1524 3693 quales.

327 3696 495 3756 Prestaret
516 3714 611 3773 agere
633 3714 707 3755 cum
729 3695 844 3756 lenone
863 3714 963 3774 quam
982 3715 1057 3757 cum
1072 3696 1234 3775 theologo.
1279 3696 1341 3758 Sed
1356 3696 1526 3758 dissimula

327 3785 361 3838 et
375 3779 485 3857 accipe
501 3778 655 3856 quicquid
671 3784 775 3857 potes,
791 3797 934 3857 curaque
949 3785 988 3839 vt
1003 3779 1064 3839 hae
1079 3779 1210 3841 litterae
1225 3781 1467 3859 quamprimum
1482 3781 1525 3842 ad

327 3861 420 3921 illum
435 3862 639 3940 perueniant.
669 3861 816 3922 Auarum
829 3861 998 3922 hominum
1007 3882 1119 3941 genus.
1149 3862 1289 3924 Ioannes
1303 3883 1324 3924 a
1338 3863 1525 3924 Molendino

327 3945 458 4004 videtur
472 3951 608 4023 paratus
622 3963 682 4023 pro
696 3946 802 4005 amico
813 3946 955 4024 peierare
970 3948 1127 4025 pecuniae
1141 3948 1257 4024 gretia.
1538 3963 1555 4015 s

369 4026 469 4108 Spero
491 4029 601 4087 omnia
618 4034 705 4088 recte
723 4027 802 4100 iore,
821 4027 878 4088 sed
898 4035 1009 4089 tamen
1024 4030 1052 4088 si
1066 4028 1145 4107 quid
1160 4029 1222 4090 tibi
1237 4029 1429 4090 humanitus
1443 4031 1524 4090 acci·

328 4111 422 4183 derit,
437 4112 545 4171 nescio
558 4129 656 4171 anax
672 4111 819 4189 epistolis
833 4112 900 4172 tuis
914 4113 1036 4190 possim
1056 4112 1099 4172 ab
1119 4111 1293 4173 heredibus
1314 4115 1382 4173 tuis
1400 4113 1526 4192 aliquid

327 4201 446 4273 petere.
480 4193 566 4254 Nam
582 4193 687 4254 habeo
701 4195 884 4273 complures
897 4195 1053 4273 epistolas
1068 4202 1144 4256 tuas
1158 4198 1357 4258 mentionem
1368 4196 1527 4258 facientes

328 4278 368 4338 de
382 4278 529 4357 pecunia.

723 4385 798 4436 2⁶00.
817 4388 858 4437 28.
877 4386 907 4436 K
916 4406 922 4437 ι
942 4387 1092 4438 Rensende
1102 4387 1134 4437 J.

362 4571 436 4619 2500.
457 4584 497 4620 21.
516 4568 689 4630 Stentorem]
720 4569 844 4620 Emtaee
872 4570 902 4620 of
953 4572 1029 4621 tions
1045 4571 1075 4621 oi
1091 4570 1136 4621 his
1152 4570 1276 4637 identity
1293 4573 1343 4623 the
1360 4587 1443 4638 poem
1459 4573 1527 4624 cells

329 4637 447 4695 sichem,
464 4653 511 4687 see
526 4636 601 4701 Epp.
618 4639 684 4700 2264
698 4635 813 4696 introd.,
826 4649 901 4700 2353.
953 4638 1014 4687 him
1026 4640 1090 4688 ‘sus
1100 4638 1275 4688 inamoena'.

331 4708 568 4768 16n,2443.1oon.
595 4703 655 4753 'l'he
663 4717 747 4753 name
755 4702 902 4754 Stentoris
986 4707 1029 4754 26.
1047 4703 1232 4755 deridendum
1269 4706 1446 4771 propinaret]
1483 4706 1524 4756 Ci.

328 4771 385 4821 due
408 4777 438 4820 to
462 4770 605 4820 Erasmus.
641 4768 795 4820 Besende's
817 4784 901 4834 poem
951 4770 1082 4829 Terence,
1094 4772 1258 4831 Essemus,
1267 4787 1292 4835 5.
1304 4773 1330 4822 8.
1342 4785 1384 4836 57.

330 4834 901 4901 merelyspesksole‘longushomo...
988 4837 1282 4900 minutiorum
1305 4853 1400 4904 ,2404ο

329 4903 561 4968 vastooorpore',
574 4903 667 4952 whose
676 4917 760 4952 neme
770 4902 902 4954 Renende
985 4921 1010 4969 4.
1029 4904 1201 4967 Molendino]
1212 4905 1255 4956 ct.
1293 4921 1322 4971 p.
1335 4921 1409 4970 ²407·

329 4985 394 5034 says
406 4969 652 5020 thetheconcesls
664 4970 902 5020 irommotivesoi
985 4974 1010 5020 6.
1029 4970 1117 5036 Spero
1136 5008 1143 5021 .
1161 5008 1169 5022 .
1189 5008 1195 5021 .
1212 4985 1239 5032 9.
1251 4973 1383 5038 pecunia]
1394 4973 1437 5022 Oi.
1449 4971 1525 5038 Epp.

330 5038 481 5101 prudence.
514 5037 574 5087 But
584 5051 689 5101 among
699 5035 782 5089 other
796 5036 901 5087 indica·
952 5050 1028 5100 2511.
1042 5051 1133 5103 17-22,
1144 5050 1221 5102 2530.
1235 5052 1325 5103 11·¹5·
