4042 5900
452 674 512 737 us
775 672 1279 740 narmesornaasuns
1555 680 1652 760 [1531

450 833 535 895 odio.
567 832 715 907 Discant,
727 833 872 907 obsecro,
883 853 1034 915 graecam
1044 833 1253 897 literaturam
1264 855 1331 898 non
1342 836 1441 899 modo
1451 856 1521 900 non
1530 840 1653 920 pietati

388 926 437 988 285
452 916 634 997 iprodesae
652 916 710 978 sed
728 916 772 978 ad
791 936 905 979 veram
925 937 1162 998 synceramque
1181 938 1349 982 sacrarum
1369 919 1542 982 literarum
1562 924 1650 1002 puri·

451 1006 556 1063 tatem
578 999 725 1061 conferre
745 999 934 1081 plurimum.
978 1001 1117 1063 Perinde
1138 1004 1233 1081 quasi
1253 1002 1345 1064 aliud
1366 1003 1486 1084 dogma
1507 1005 1651 1085 insignes

450 1083 498 1144 illi
523 1084 719 1145 christianae
743 1083 969 1164 philosophiae
994 1085 1160 1165 primipili,
1189 1086 1287 1147 diuus
1315 1088 1488 1167 inprimis
1514 1088 1650 1161 Paulus,

451 1166 602 1240 Basilina,
638 1166 902 1246 chrysostomus,
934 1166 1163 1229 Nazianzenus
1198 1176 1416 1249 cognomento
1452 1170 1650 1252 Theologus,

450 1248 625 1330 Gregorius
645 1249 809 1329 Nysenus,
830 1251 1044 1325 Athanasius,
1065 1250 1207 1331 Oyrillus
1228 1258 1264 1314 et
1286 1254 1355 1333 ipse
1376 1253 1650 1334 Theophylactus

387 1354 438 1403 290
450 1353 562 1414 graece
576 1353 635 1395 nos
652 1334 835 1408 docuerint,
850 1340 950 1414 atque
969 1335 1007 1395 iis
1022 1353 1116 1415 pares
1131 1341 1265 1397 nostrae
1283 1336 1359 1397 fidei
1376 1344 1555 1398 assertores
1570 1338 1649 1401 Hie-

449 1437 617 1495 ronymus,
632 1416 845 1497 Augustinus,
860 1417 1063 1491 Ambrosius,
1079 1418 1248 1498 Hylarius,
1263 1418 1447 1500 Cyprianus
1461 1420 1567 1483 latine
1582 1440 1650 1483 non

450 1502 559 1562 minua
573 1502 694 1562 diserte
708 1520 809 1579 quam
824 1503 952 1581 copiose
966 1503 1152 1564 tractariut.

491 1584 553 1645 His
570 1585 683 1662 itaque
700 1584 841 1645 stimulis
863 1585 906 1645 ad
925 1604 1075 1665 graecam
1099 1585 1273 1647 lectionem
1290 1586 1540 1666 perdiscendam
1558 1587 1650 1649 haud

450 1668 657 1728 mediocriter
668 1686 831 1740 accensus,
843 1674 967 1746 tuoque
978 1668 1116 1730 hortatu
1127 1669 1338 1730 vehementer
1349 1669 1521 1749 impulsus,
1533 1670 1651 1733 literas

387 1770 436 1819 29⁵
449 1770 580 1830 graecas
595 1769 662 1811 non
677 1752 828 1829 segniter,
844 1757 945 1829 atque
960 1753 1089 1812 vtinam
1105 1758 1176 1813 tam
1191 1751 1338 1825 feliciter,
1354 1752 1493 1815 adortus
1511 1772 1599 1828 sum,
1614 1756 1650 1816 in

449 1834 489 1894 iis
510 1853 633 1895 annum
654 1835 722 1895 iam
742 1833 845 1894 ferme
866 1840 996 1895 sextum
1019 1854 1127 1913 agens,
1150 1835 1232 1896 adeo
1251 1835 1351 1897 nullis
1371 1835 1496 1897 adhoc
1517 1856 1650 1917 pmce·

448 1916 600 1997 ptoribus
613 1917 676 1977 nisi
691 1918 792 1977 mutis
807 1917 950 1979 adiutus.
980 1918 1026 1978 Et
1040 1936 1229 1997 quanquam
1243 1917 1287 1979 ad
1301 1938 1374 1980 eam
1389 1919 1519 1999 linguae
1539 1923 1650 2001 cogni·

448 2002 571 2061 tionem
600 1999 856 2079 comparandam
881 2000 1075 2062 iamdudum
1102 2001 1242 2062 ardebat
1269 2004 1410 2077 animus,
1438 2003 1651 2083 sciebamque

449 2103 546 2164 saepe
560 2103 664 2145 vanos
678 2103 747 2145 esse
762 2082 951 2144 mortalium
971 2090 1121 2158 conatus,
1138 2084 1334 2163 reputabam
1349 2091 1462 2155 tamen
1481 2086 1572 2165 apud
1594 2106 1651 2149 mc

386 2186 436 2236 300
449 2166 531 2228 bene
549 2173 671 2240 actum,
686 2168 831 2245 satisque
849 2167 930 2227 mihi
947 2167 1143 2241 consultum,
1161 2188 1200 2229 eo
1218 2167 1400 2230 destinasse
1419 2170 1521 2231 animi
1540 2174 1650 2232 nostri

448 2251 651 2324 institutum,
667 2250 753 2311 vnde
768 2269 834 2311 non
848 2270 953 2329 parua
966 2257 1002 2312 et
1017 2253 1158 2312 nominis
1172 2251 1276 2331 gloria
1295 2257 1330 2312 et
1345 2254 1501 2314 sementis
1515 2253 1650 2315 vberior

448 2341 629 2413 prouentus
657 2352 717 2395 suo
742 2333 862 2395 cultori
890 2353 1019 2414 semper
1047 2335 1269 2415 responderet.
1312 2336 1418 2397 Auxit
1447 2335 1491 2397 ad
1519 2336 1581 2398 hoc
1612 2343 1649 2399 et

448 2417 550 2478 animi
564 2416 727 2488 fiduciam,
742 2418 886 2497 primum
901 2417 990 2496 quod
1004 2425 1095 2479 certo
1109 2420 1225 2479 scirem
1239 2418 1282 2480 ob
1294 2420 1518 2498 graecanicam
1533 2419 1647 2483 litera-

448 2505 558 2561 turam
583 2500 665 2561 nihil
688 2502 820 2561 omnino
843 2500 997 2562 decedere
1022 2501 1127 2562 bonae
1152 2504 1265 2577 menti,
1290 2504 1370 2581 quin
1398 2523 1439 2565 ex
1467 2523 1507 2565 ea
1533 2505 1649 2584 potius

384 2602 435 2653 305
448 2582 591 2644 multum
602 2583 731 2644 fructus
742 2603 861 2662 magno
872 2585 1074 2645 incremento
1084 2587 1206 2665 reponi,
1221 2587 1250 2647 si
1260 2605 1427 2648 sacrorum
1439 2586 1649 2649 voluminum

447 2666 581 2729 lectioni
601 2667 838 2742 admisceatur;
861 2666 976 2728 deinde
994 2669 1044 2728 tui
1063 2667 1250 2747 exemplum
1271 2675 1307 2730 et
1327 2669 1505 2731 aemulatio
1527 2677 1648 2750 sponte

447 2752 629 2813 etiamnum
648 2752 792 2811 currenti
812 2752 1006 2811 immensum
1027 2751 1133 2812 calcar
1151 2752 1316 2825 addidere,
1337 2753 1425 2831 quod
1443 2753 1589 2815 viderem
1611 2755 1647 2815 in

448 2836 487 2894 iis
509 2834 613 2895 literis
635 2834 804 2895 versandis
827 2840 861 2894 te
882 2833 1009 2913 pridem
1031 2834 1217 2897 immortale
1238 2855 1359 2897 nomen
1380 2836 1471 2917 apud
1495 2841 1648 2918 posteros

448 2919 514 2979 iam
540 2916 745 2991 demeruisse,
771 2917 851 2978 nihil
878 2936 944 2978 non
973 2917 1118 2992 doctum,
1144 2938 1212 2981 non
1236 2920 1400 2994 limatum,
1426 2939 1494 2982 non
1519 2925 1646 2983 tersum

385 3020 435 3070 310
448 3002 588 3080 denique
598 3001 674 3062 inde
685 3020 811 3081 semper
825 3002 1028 3082 depromens.
1057 3001 1121 3064 Sed
1135 3023 1210 3065 cum
1225 3005 1260 3064 in
1274 3003 1347 3065 aliis
1362 3004 1476 3065 multis
1491 3004 1647 3084 operibus

448 3091 521 3146 tum
539 3085 745 3146 ethnicorum
764 3091 837 3146 tum
858 3091 1047 3146 nostratum
1066 3087 1234 3148 vertendis
1255 3087 1345 3149 haud
1365 3106 1483 3168 parum
1502 3087 1646 3150 eluxerit

448 3170 498 3230 tui
524 3169 643 3247 ingenii
668 3168 860 3240 dexteritas,
887 3174 959 3229 tum
985 3169 1193 3249 potissimum
1222 3171 1257 3232 in
1286 3172 1389 3250 ipsius
1417 3169 1646 3250 chrysostomi

449 3251 744 3324 lucubrationibus,
760 3271 780 3311 a
795 3258 829 3312 te
844 3270 962 3330 magno
977 3252 1089 3314 studio
1103 3272 1208 3333 nuper
1222 3253 1325 3315 latine
1336 3254 1443 3327 lactis,
1458 3256 1550 3315 visus
1561 3274 1596 3316 cs
1608 3273 1645 3316 os

448 3333 531 3397 illud
545 3353 621 3395 vere
640 3353 777 3395 aureum
798 3355 898 3396 aureo
915 3340 975 3396 tuo
993 3355 1049 3397 ore
1068 3355 1107 3396 ac
1126 3336 1268 3410 eleganti
1286 3338 1335 3397 ita
1354 3338 1435 3398 scite
1451 3338 1581 3410 referre,
1596 3339 1645 3400 ita

385 3436 434 3486 315
448 3419 598 3498 apposite
619 3418 795 3480 artificiosa
816 3419 960 3497 quadam
982 3421 1141 3480 sermonis
1163 3425 1331 3480 structura
1353 3426 1585 3499 representare,
1605 3426 1645 3481 vt

448 3501 524 3562 talis
547 3520 635 3562 nunc
655 3501 838 3563 Rhomanis
855 3501 945 3580 loqui
961 3501 1058 3582 plane
1073 3503 1226 3564 videatur
1240 3503 1347 3581 qualis
1365 3503 1443 3564 olim
1462 3504 1530 3565 suis
1544 3502 1643 3565 Grae·

448 3585 515 3646 ciae
531 3584 709 3646 curialibus
723 3605 784 3664 pro
799 3587 913 3646 rostris
929 3586 1195 3648 concionabatur.
1240 3586 1349 3647 Huius
1362 3587 1485 3648 etenim
1503 3585 1643 3648 lectione

447 3669 591 3729 iucunda
605 3669 730 3748 pariter
745 3674 845 3747 atque
861 3668 935 3728 vtili
949 3671 1036 3729 inter
1050 3675 1196 3730 caeteros
1210 3671 1357 3749 apprime
1372 3670 1530 3731 oblectari
1544 3669 1644 3743 soleo,

448 3752 537 3830 quod
557 3758 592 3812 et
613 3751 834 3830 eloquentiam
856 3753 975 3830 pietati
995 3771 1122 3831 semper
1145 3754 1355 3814 coniunctam
1382 3752 1504 3813 habeat
1528 3760 1563 3814 et
1588 3772 1643 3815 ex·

386 3864 436 3914 320
448 3834 641 3896 uberantem
657 3836 786 3896 dicendi
801 3837 940 3914 copiam,
956 3842 995 3896 vt
1009 3855 1051 3896 ne
1066 3836 1173 3895 dicam
1189 3838 1292 3915 magis
1307 3836 1485 3897 christiano
1499 3836 1642 3915 dignam.

448 3917 510 3979 His
524 3918 642 3979 studiis
656 3937 723 3979 non
738 3920 872 3979 minime
886 3925 1086 3998 prouocatus
1101 3920 1134 3979 in
1146 3920 1215 3980 eius
1226 3918 1379 3998 operibus
1390 3918 1519 3997 aliquot
1529 3919 1643 3981 tradu-

448 4001 558 4062 cendis
576 4001 701 4080 placuit
723 4002 783 4063 hoc
801 4021 888 4063 auno
908 4001 948 4062 de
967 4021 1021 4063 me
1035 4003 1108 4082 ipso
1124 4002 1305 4081 periculum
1320 4001 1427 4063 iacere
1437 4003 1644 4082 primamque

447 4083 568 4145 laboris
588 4084 694 4146 aleam
713 4086 831 4158 subire,
846 4092 881 4146 et
898 4086 947 4147 ita
966 4086 1092 4165 placuit
1110 4092 1149 4146 vt
1169 4087 1234 4146 iam
1251 4084 1400 4146 foeturae
1419 4085 1643 4147 rudimentum

448 4168 551 4228 indies
577 4169 681 4247 magis
706 4188 744 4230 ac
769 4171 872 4248 magis
898 4169 1041 4230 arridere
1065 4171 1256 4249 occoeperit,
1282 4169 1371 4248 quod
1396 4170 1524 4231 viderer
1549 4171 1583 4230 in
1604 4188 1645 4231 eo

385 4279 434 4331 325
447 4251 613 4313 tornando
634 4259 765 4313 nostras
787 4252 883 4314 horas
905 4252 994 4314 haud
1016 4271 1183 4332 quaquam
1205 4251 1290 4313 male
1312 4252 1497 4315 collocasse.
1540 4253 1645 4332 Atqui

447 4340 487 4395 vt
510 4335 628 4396 resciui
653 4335 773 4396 bonam
798 4335 929 4397 illorum
953 4342 1083 4417 partem
1107 4337 1174 4398 iam
1204 4336 1247 4397 ab
1275 4336 1348 4397 aliis
1377 4335 1480 4398 latine
1507 4335 1643 4410 factam,

447 4419 571 4498 coeptis
591 4418 713 4493 destiti,
727 4425 763 4479 et
782 4420 830 4481 ita
850 4425 963 4481 tamen
978 4420 1092 4482 destiti
1106 4439 1173 4499 quo
1187 4419 1270 4480 nihil
1288 4421 1333 4480 sit
1346 4419 1435 4498 quod
1449 4420 1502 4481 vel
1521 4419 1645 4482 laboris

508 4503 624 4564 niteat.

446 4520 648 4665 pol’ercupio
671 4605 713 4646 ex
736 4592 770 4646 ts
795 4587 915 4648 certior
940 4586 1019 4659 fieri,
1043 4606 1123 4648 num
1147 4585 1342 4665 opusculum
1367 4585 1450 4648 illud
1476 4586 1570 4648 cuiue
1594 4586 1643 4646 in·

384 4696 435 4747 330
446 4669 583 4750 scriptio
603 4674 655 4731 est
676 4668 774 4730 haec:
798 4667 963 4748 Σύγκρισις
981 4669 1146 4750 βασιλικῆς
1167 4668 1347 4735 δυναστείας
1365 4668 1418 4731 καὶ
1434 4668 1571 4731 πλούτου
1591 4667 1645 4731 καὶ

777 4818 836 4866 292.
854 4804 1007 4857 tractarint
1018 4822 1051 4856 a:
1069 4809 1232 4856 tractarunt
1243 4803 1308 4854 MS.

478 4964 537 5027 285.
555 4963 699 5029 prodesse]
711 4963 786 5016 Fon.
797 4962 905 5014 obesae·
1069 4963 1140 5028 rapis
1164 4970 1189 5014 ιι
1210 4962 1356 5022 meatu
1387 4975 1434 5014 see
1459 4959 1536 5028 Epp.
1565 4963 1642 5027 2263.

478 5043 537 5094 329·
555 5030 736 5097 opaeum]
757 5029 819 5082 ms
840 5028 1019 5094 ommes
1069 5044 1133 5097 4³1¹,
1145 5032 1222 5097 2⁴⁶⁶·
1238 5032 1345 5094 oses·
