4042 5900
412 637 508 717 2383]
763 637 819 701 TO
840 637 1059 700 BERNARD
1080 637 1136 701 OF
1156 637 1261 701 OLES
1573 643 1614 700 47

411 795 511 858 video
525 802 561 859 et
579 798 668 877 ipsos
686 796 912 878 philosophari
926 817 1026 878 reges,
1042 803 1077 859 et
1091 798 1125 858 in
1141 798 1325 878 principum
1341 798 1426 858 aulis
1440 798 1560 859 studiis
1574 819 1612 860 ac

411 880 532 941 virtuti
546 900 643 941 suum
657 879 771 942 haberi
781 880 947 955 honorem,
960 881 1218 961 haudquaquam
1233 901 1285 942 me
1299 881 1369 943 eius
1382 882 1509 961 pigeret
1523 882 1613 943 vitae

409 981 498 1041 quae
519 964 727 1044 splendorem
747 983 785 1024 ac
806 964 1004 1043 dignitatem
1027 963 1128 1025 habet
1145 984 1220 1025 cum
1235 964 1376 1026 honesto
1390 965 1609 1027 coniunctam.
1626 991 1657 1027 ro

410 1045 511 1108 Plato
533 1066 622 1121 vero,
640 1066 743 1127 quum
769 1047 928 1108 hactenus
950 1048 1119 1109 existimet
1143 1046 1253 1108 felices
1272 1048 1342 1108 fore
1369 1047 1479 1128 Resp,
1502 1049 1530 1109 si
1550 1055 1611 1110 aut

410 1128 519 1209 Reges
534 1129 774 1210 philosophiam
795 1130 1083 1210 amplecterentur,
1098 1138 1159 1192 aut
1180 1132 1238 1210 qui
1254 1131 1495 1210 philosophiam
1514 1131 1608 1193 calle·

407 1219 485 1273 rent
499 1212 824 1294 rerumpublicarum
837 1213 1066 1294 gubernaculis
1076 1214 1341 1286 admouerentur,
1351 1233 1417 1275 non
1426 1220 1496 1275 tam
1507 1216 1609 1277 sentit

407 1296 655 1377 disciplinarum
677 1298 895 1377 cognitionem
913 1316 1014 1375 quam
1036 1303 1181 1358 mentem
1201 1298 1335 1378 optimis
1349 1296 1488 1358 decretis
1502 1298 1607 1359 imbu-

407 1385 490 1452 tam,
515 1380 689 1443 sublimem
712 1400 751 1441 ac
775 1380 873 1441 rebus
895 1380 1049 1442 humanis
1071 1381 1224 1442 omnibus
1246 1381 1455 1459 superiorem.
1500 1382 1609 1443 Huius
1623 1406 1653 1456 1⁵

406 1462 634 1543 philosophiae
657 1464 764 1525 multo
787 1464 933 1526 maxima
957 1484 1035 1544 pars
1057 1469 1109 1525 est
1133 1465 1240 1543 pietas
1268 1462 1464 1525 Christiana.
1507 1463 1608 1526 Cuius

406 1545 601 1608 admirabile
629 1547 776 1608 studium
805 1548 1024 1627 conspicimus
1052 1548 1087 1608 in
1119 1546 1236 1609 Oarolo
1269 1546 1414 1619 Caesare,
1448 1553 1483 1608 et
1517 1547 1607 1629 Rege

406 1628 634 1692 Ferdinando:
658 1645 742 1708 quae
761 1649 813 1692 res
833 1630 915 1691 mihi
935 1649 1003 1691 non
1024 1631 1176 1710 exiguam
1198 1650 1290 1711 spem
1311 1629 1458 1709 praebet,
1478 1630 1548 1693 fore
1566 1638 1607 1693 vt

405 1731 466 1790 per
480 1712 553 1774 illos
567 1713 656 1774 Deus
671 1714 755 1774 hanc
770 1733 878 1775 rerum
893 1719 1126 1793 tempestatem
1141 1719 1253 1774 vertat
1268 1715 1302 1773 in
1317 1714 1604 1791 tranquillitatem.

406 1795 547 1858 Proinde
562 1796 737 1876 Casparem
756 1797 910 1858 Vrsinum
930 1796 1045 1858 multis
1060 1796 1247 1858 nominibus
1261 1796 1388 1857 felicem
1403 1796 1529 1859 iudico:
1552 1800 1605 1860 cui
1618 1831 1652 1866 20

404 1885 536 1957 praeter
561 1900 705 1941 summas
734 1881 864 1960 ingenii,
889 1880 1060 1941 doctrinae
1084 1879 1321 1958 facundiaeque
1343 1879 1448 1952 dotes,
1475 1880 1603 1961 obtigit,

404 1969 517 2023 aetate
545 1963 784 2036 florentissima,
807 1964 952 2043 corporis
976 1962 1166 2024 valetudine
1191 1963 1420 2042 prosperrima,
1446 1982 1513 2025 uon
1534 1966 1604 2027 sine

402 2044 575 2124 dignitatis
600 2046 892 2120 commendatione,
914 2066 989 2108 cum
1013 2047 1147 2126 optimis
1168 2045 1353 2106 monarchis
1374 2046 1494 2108 habere
1516 2067 1602 2109 com-

402 2130 579 2203 mercium;
602 2150 623 2190 a
637 2129 756 2210 quibus
770 2150 872 2208 quum
887 2129 1066 2209 plurimum
1081 2131 1222 2209 accipiat
1236 2135 1515 2203 ornamentorum,
1529 2131 1603 2193 illos
1635 2146 1637 2152 '

402 2212 546 2273 vicissim
568 2213 730 2292 aquibus
752 2220 889 2275 omatus
909 2219 960 2274 est
979 2212 1197 2274 condecorare
1215 2212 1314 2273 valet.
1358 2212 1428 2274 Aut
1444 2214 1532 2274 enim
1550 2235 1601 2276 me
1615 2247 1647 2295 25

401 2293 492 2356 fallit
519 2297 658 2370 animus,
682 2302 743 2357 aut
771 2297 826 2357 ille
854 2296 988 2357 iuturus
1013 2301 1065 2357 est
1089 2295 1266 2375 aliquando
1295 2297 1381 2356 inter
1407 2296 1600 2373 eruditione,

400 2378 558 2440 facundia
572 2379 728 2459 librisque
742 2379 885 2441 celebres
904 2381 1108 2459 praecipuus.
1152 2378 1286 2453 Quanta
1305 2380 1425 2457 ingenii
1441 2384 1599 2461 prompti·

401 2462 495 2534 tudo,
521 2481 621 2541 quam
642 2462 818 2524 emendata
842 2462 893 2523 vel
918 2482 960 2523 ex
985 2469 1133 2542 tempore
1155 2462 1295 2523 dicentis
1316 2463 1423 2523 oratio
1436 2464 1600 2526 !-credas

400 2544 496 2605 illum
519 2545 560 2606 de
583 2547 706 2625 scripto
731 2546 854 2607 dicere!
888 2545 994 2619 Quam
1016 2545 1096 2607 felix
1117 2547 1222 2619 stilus,
1246 2564 1347 2624 quam
1372 2547 1465 2607 varia
1490 2567 1599 2609 rerum

399 2629 562 2707 cognitio!
596 2628 681 2691 Tum
710 2635 837 2707 quanta
859 2648 988 2690 morum
1017 2630 1165 2703 comitas,
1191 2648 1276 2708 quae
1304 2630 1477 2708 praecipue
1505 2631 1599 2693 decet
1612 2661 1645 2711 30

398 2711 561 2774 aulicum!
605 2711 639 2773 Si
654 2713 755 2774 talem
770 2714 992 2774 conuictorem
1008 2713 1049 2774 R.
1065 2712 1105 2773 D.
1122 2712 1158 2773 T.
1174 2718 1341 2793 praestare
1354 2732 1494 2792 possem,
1509 2714 1599 2776 vltro

398 2794 553 2856 videlicet
575 2795 765 2857 aduolarem
794 2794 838 2856 ad
862 2802 932 2857 tam
958 2797 1100 2857 amioum
1129 2802 1307 2875 patronum
1335 2796 1443 2857 multo
1472 2797 1598 2859 virtute

397 2897 500 2956 quam
521 2877 657 2940 fortuna
677 2878 938 2959 splendidiorem.
982 2879 1079 2940 Nunc
1097 2878 1168 2940 aliis
1187 2879 1305 2939 saltem
1319 2878 1479 2959 gratulari
1492 2879 1595 2943 lubet.

398 2961 480 3022 Mihi
495 2964 560 3024 iarn
576 2964 610 3022 in
624 2969 773 3024 extremo
787 2962 919 3024 fabulae
933 2969 1011 3024 actu
1026 2964 1182 3035 versanti,
1196 2963 1279 3024 nihil
1298 2964 1401 3041 magis
1415 2983 1513 3024 curae
1526 2984 1596 3027 esse

397 3045 495 3107 decet
522 3066 623 3124 quam
647 3053 687 3107 vt
712 3047 829 3120 dicam,
856 3046 970 3108 Valete
998 3051 1034 3106 et
1062 3046 1229 3125 plaudite;
1262 3047 1457 3124 aequissimo
1486 3049 1596 3110 animo
1608 3077 1641 3127 35

396 3129 597 3190 discessurus
625 3149 643 3190 e
671 3131 851 3209 prosceni0,
881 3130 917 3202 si,
941 3130 1031 3210 quod
1058 3129 1209 3190 futurum
1238 3148 1415 3208 speramus,
1449 3129 1595 3193 Caesaris

396 3213 512 3291 pietas,
535 3218 647 3273 vestra
672 3214 854 3292 integritas,
880 3232 918 3273 ac
941 3213 1129 3292 Principum
1155 3212 1327 3273 concordia
1353 3212 1412 3273 bos
1431 3213 1594 3275 Ecclesiae

395 3295 518 3356 fluetus
532 3298 784 3375 composuerint,
798 3303 834 3357 et
848 3297 1091 3375 composuerint
1113 3297 1196 3357 citra
1217 3315 1351 3375 grauem
1370 3295 1506 3358 humani
1520 3317 1591 3359 san-

395 3379 502 3457 guinis
525 3380 695 3440 iacturam.
739 3379 848 3441 Armis
869 3398 1104 3460 saepenumero
1121 3379 1290 3440 deterrimi
1308 3381 1489 3459 superiores
1504 3388 1592 3456 sunt,

394 3480 454 3523 nec
477 3463 588 3541 magni
610 3463 729 3541 ingenii
754 3469 805 3523 est
830 3462 992 3536 occidere;
1026 3482 1142 3524 verum
1166 3461 1484 3524 turbulentissimam
1510 3470 1591 3525 tem·
1605 3494 1638 3544 4⁰

394 3551 560 3624 pestatem
584 3545 803 3624 prudentibus
825 3545 968 3607 consiliis
988 3546 1032 3607 ad
1056 3547 1200 3624 quietem
1226 3545 1379 3625 redigere,
1403 3545 1437 3606 id
1459 3546 1591 3609 demum

393 3628 522 3689 facinus
546 3634 597 3689 est
621 3648 750 3689 summo
779 3628 930 3708 Principe
954 3629 1099 3709 dignum.
1151 3629 1227 3690 Non
1252 3628 1470 3707 desperamus.
1522 3629 1591 3692 Sub

392 3711 652 3791 Imperatoribus
662 3710 857 3773 Christianis
870 3712 1013 3773 Arcadio
1026 3717 1061 3773 et
1076 3711 1266 3773 Theodosiis
1280 3712 1483 3791 grauioribus
1498 3713 1589 3775 dissi-

393 3794 455 3855 diis
470 3794 684 3874 quatiebatur
691 3794 788 3868 orbis,
800 3814 902 3874 quum
913 3795 1051 3868 Arianis,
1064 3793 1264 3874 origenistis,
1279 3795 1468 3869 Manicheis,
1479 3796 1588 3859 Dona·

393 3879 491 3950 tistis,
506 3877 828 3939 circumcellionibus
846 3879 1019 3956 inquinata
1037 3884 1147 3939 esseut
1168 3879 1286 3950 omnia,
1307 3897 1345 3938 ac
1361 3879 1473 3940 multis
1487 3882 1589 3943 etiam
1602 3909 1634 3960 4⁵

392 3962 427 4022 in
452 3960 531 4022 locis
553 3961 660 4022 adhuc
684 3963 811 4022 viueret
827 3963 1009 4040 paganitas.
1054 3961 1099 4023 Et
1122 3967 1233 4022 tamen
1252 3961 1382 4022 illorum
1404 3963 1588 4043 principum

390 4044 533 4105 consiliis
548 4046 635 4105 tanti
650 4064 758 4105 rerum
772 4050 883 4105 motus
897 4044 1058 4124 paulatim
1072 4044 1116 4105 ad
1129 4044 1405 4124 tranquillitatem
1416 4049 1588 4125 compositi

390 4134 480 4200 sunt,
495 4127 593 4206 idque
607 4127 698 4189 nulla
712 4129 805 4208 graui
819 4128 987 4189 hominum
1002 4132 1120 4208 strage.

432 4211 461 4271 A
476 4211 591 4272 morbo
605 4212 724 4272 sensim
739 4211 914 4284 reualesco,
925 4218 1027 4290 atque
1038 4212 1169 4272 interim
1183 4210 1312 4290 lapidor
1325 4212 1587 4291 euangelicorum

389 4293 518 4355 libellis.
562 4292 626 4355 Sex
647 4295 713 4355 iam
732 4294 959 4373 prouolarunt,
974 4314 1035 4356 nec
1056 4296 1118 4355 erit
1139 4294 1221 4355 finis.
1266 4295 1328 4355 Hic
1346 4294 1453 4356 adhuc
1469 4295 1586 4358 haereo
1599 4325 1632 4374 50

388 4383 521 4458 praeter
535 4379 636 4439 animi
649 4379 865 4457 propositum,
887 4377 945 4438 sed
964 4379 1013 4439 ita
1031 4378 1147 4438 iubent
1169 4379 1282 4450 amioi;
1305 4379 1432 4439 vtinam
1454 4378 1585 4441 illorum

387 4461 433 4522 sit
454 4460 535 4521 felix
559 4460 747 4522 consilium!
800 4461 863 4523 Vix
885 4460 1073 4534 subsistam,
1096 4462 1131 4522 ni
1153 4481 1206 4522 me
1227 4462 1411 4540 principum
1433 4461 1586 4524 subleuat

388 4545 560 4605 autoritas.
592 4544 632 4605 R.
642 4543 894 4623 amplitudinem
906 4550 999 4605 tuam
1015 4545 1175 4606 Dominus
1189 4550 1358 4624 prosperet
1372 4546 1406 4606 in
1421 4545 1582 4606 omnibus.

429 4627 581 4707 Friburgi
594 4627 677 4707 prid.
693 4627 823 4689 Natalis
837 4626 979 4707 Virginis
993 4627 1089 4689 Anno
1103 4644 1258 4688 uri-xxx.

711 4742 753 4791 3¹·
772 4729 808 4778 R.
820 4728 856 4778 D.
868 4728 901 4778 T.
913 4728 936 4778 J
946 4746 952 4778 :
970 4734 1039 4779 tuae
1050 4728 1210 4779 celsitudini
1221 4729 1259 4778 Κ.

420 4876 462 4912 20.
480 4858 754 4925 Vrsinum]SseEp.
768 4860 884 4924 548.4n.
1043 4874 1085 4922 5⁰·
1103 4861 1267 4922 &xlmas
1292 4863 1461 4925 ·2375·⁶41¹·

419 4942 463 4992 4²·
480 4927 546 4978 Non
554 4926 958 4993 desperamusJSeeEp.2361.
1043 4941 1086 4990 51.
1103 4929 1196 4989 amici]
1208 4928 1259 4978 See
1296 4944 1325 4994 p.
1337 4930 1413 4992 2360.
1428 4942 1487 4989 19n.

385 5008 448 5058 55¹²·
