4042 5900
517 678 577 741 132
838 673 1037 738 LETTERS
1057 673 1114 737 ΟΕ
1133 672 1338 738 ERASMUS
1614 676 1712 753 [1531

516 836 666 898 tibicines
687 852 834 914 vnquam
852 833 1023 895 admiserit
1041 833 1076 894 in
1091 831 1239 913 rempub.
1254 831 1410 913 probauit
1428 838 1542 894 tamen
1562 839 1604 895 vt
1622 833 1713 895 ciues

515 919 594 980 iocis
607 917 797 980 liberalibus
810 917 968 996 salsisque
981 916 1126 978 dicteriis
1139 917 1225 977 inter
1243 934 1278 977 se
1298 916 1515 977 decertarent.
1559 915 1714 995 Denique

516 1002 645 1082 quoties
666 1000 766 1062 datur
790 1020 811 1061 a
834 1001 975 1079 negociis
995 1018 1138 1061 vacuum
1158 1004 1299 1080 tempus,
1314 1004 1374 1060 aut
1393 1000 1467 1079 ipsa
1487 1018 1539 1060 res
1559 999 1713 1079 postulat

516 1084 728 1157 hilaritatem,
743 1090 869 1164 quanto
890 1083 1059 1145 decentius
1079 1089 1131 1144 ast
1149 1082 1337 1144 huiusmodi
1356 1081 1454 1143 dictis
1473 1082 1587 1144 ludere
1608 1102 1712 1162 quam

455 1191 505 1241 270
517 1168 730 1229 illiberalibus
744 1167 884 1229 indoctis
898 1172 933 1228 et
947 1166 1115 1227 obscoenis
1128 1165 1250 1226 fabulis
1265 1165 1445 1228 oblectari?
1481 1166 1563 1227 Mihi
1577 1166 1713 1229 videtur

516 1251 688 1331 aliquanto
702 1249 883 1313 consultius
897 1269 1016 1329 pueros
1030 1250 1064 1310 in
1078 1248 1164 1310 ludis
1175 1248 1343 1310 litterariis
1353 1248 1541 1310 huiusmodi
1551 1249 1713 1311 thematis

517 1335 659 1396 exerceri
672 1354 772 1414 quam
787 1333 977 1412 vulgaribus
991 1333 1063 1393 istis
1073 1351 1168 1411 quae,
1183 1338 1222 1393 vt
1236 1332 1412 1394 sensiculos
1425 1331 1550 1393 habent
1564 1332 1712 1412 frigidos,

516 1418 566 1479 ita
593 1437 659 1479 non
686 1418 835 1478 indicant
862 1416 991 1495 linguae
1020 1415 1158 1477 Latinae
1185 1416 1360 1495 mysteria:
1390 1415 1489 1477 modo
1516 1423 1714 1496 praeceptor

517 1500 639 1562 indicet
660 1502 805 1562 rationes
823 1500 943 1579 quibus
959 1499 1049 1578 quod
1066 1498 1211 1560 breuiter
1232 1499 1357 1560 dictum
1374 1504 1425 1559 est
1444 1504 1546 1578 queat
1565 1499 1712 1573 dilatari,

455 1604 504 1656 275
517 1589 552 1645 et
566 1584 656 1663 quod
669 1583 805 1644 ridicule
818 1583 944 1644 dictum
958 1589 1009 1643 est
1023 1583 1127 1663 possit
1145 1581 1189 1643 ad
1208 1601 1304 1643 veum
1324 1583 1445 1643 serium
1458 1582 1711 1644 accommodari.

517 1667 579 1728 His
593 1666 713 1728 addam
728 1672 763 1727 et
777 1665 879 1727 illud:
902 1666 942 1726 In
961 1666 1061 1726 sacris
1082 1665 1292 1727 concionibus
1310 1665 1449 1727 fortasse
1466 1684 1532 1727 non
1553 1667 1713 1727 conuenit

517 1751 686 1830 scripturis
700 1750 820 1810 diuinis
834 1748 1012 1810 admiscere
1026 1749 1112 1810 iocos
1130 1748 1300 1821 humanos,
1315 1748 1373 1809 sed
1391 1755 1503 1810 tamen
1520 1750 1713 1811 excusatius

517 1833 597 1895 haec
611 1832 846 1894 adhiberentur
854 1831 898 1893 ad
908 1831 1099 1893 excitandos
1110 1831 1336 1905 dormitantes,
1345 1851 1445 1911 quam
1455 1831 1557 1893 aniles
1567 1832 1713 1906 fabulae,

518 1936 600 1995 quas
622 1916 771 1978 nonnulli
796 1915 903 1977 solent
930 1935 971 1975 ex
996 1915 1140 1994 abrupto
1163 1916 1378 1995 interponere,
1402 1934 1534 1994 prorsus
1558 1933 1577 1976 e
1601 1916 1714 1978 media

456 2010 505 2060 280
518 1999 608 2080 vulgi
625 2001 695 2061 fece
716 1998 862 2060 haustas.
905 1998 1010 2060 Iulius
1031 1997 1150 2059 Ceasar
1170 2004 1224 2060 tot
1242 1998 1352 2060 ciuilia
1373 1998 1554 2077 bellicaque
1578 1999 1713 2078 negotia

518 2084 691 2156 sustinens,
707 2083 832 2162 argutis
846 2082 998 2155 dicteriis,
1014 2082 1135 2161 quibus
1148 2082 1231 2144 adeo
1246 2081 1475 2144 delectabatur
1492 2088 1532 2143 vt
1552 2082 1655 2143 ctiam
1676 2083 1713 2143 in

517 2168 625 2246 ipsum
648 2173 739 2228 torta
762 2166 926 2245 probaret,
951 2164 1050 2227 modo
1075 2166 1166 2238 scita,
1192 2165 1278 2227 solet
1302 2184 1454 2226 curarum
1482 2164 1713 2227 lassitudinem

506 2249 689 2314 ‚discutere
733 2248 796 2311 Vix
827 2248 912 2310 alius
939 2248 1182 2328 Imperatorum
1212 2248 1278 2310 fuit
1308 2248 1459 2328 Augusto
1491 2247 1629 2309 Caesare
1658 2249 1712 2310 vel

518 2334 663 2395 sanctior
676 2332 730 2393 vel
745 2333 951 2411 occupatior:
974 2338 1011 2393 at
1031 2351 1143 2393 rursus
1162 2332 1236 2411 quis
1256 2332 1290 2393 in
1309 2331 1371 2393 hoc
1391 2350 1508 2410 genere
1528 2331 1713 2394 vrbanior!

456 2426 505 2488 285
518 2416 568 2477 De
589 2416 633 2477 M.
655 2415 763 2477 Tullio
784 2415 864 2476 nihil
886 2414 1002 2488 dicam,
1018 2416 1076 2494 qui
1096 2415 1264 2476 nonnullis
1285 2415 1417 2476 videtur
1437 2415 1472 2475 in
1493 2414 1630 2476 iocando
1651 2435 1712 2477 neo

517 2499 607 2561 modi
621 2519 679 2561 nec
693 2499 802 2560 decori
816 2499 897 2560 satis
911 2498 1104 2559 meminisse.
1148 2498 1351 2559 Xenocrates
1364 2497 1577 2577 philosophus
1591 2498 1713 2577 ingenii

518 2583 584 2644 fuit
597 2584 760 2656 tristioris,
775 2584 827 2643 vir
840 2581 964 2660 alioqui
977 2601 1124 2660 magnus,
1138 2581 1195 2642 sed
1210 2581 1296 2642 hunc
1311 2581 1409 2643 Plato
1423 2580 1561 2643 subinde
1574 2580 1713 2643 iubebat

518 2666 614 2729 litare
629 2665 760 2727 Gratiis.
804 2666 913 2727 Zenon
927 2671 1020 2726 totus
1034 2664 1163 2726 Stoicus
1182 2663 1351 2726 Socratem
1373 2664 1415 2726 ob
1432 2670 1625 2744 perpetuam
1644 2684 1711 2726 ser·

518 2769 653 2812 monum
681 2749 905 2810 vrbanitatem
930 2767 1076 2809 scurram
1105 2748 1255 2809 Atticum
1279 2748 1364 2810 solet
1385 2747 1568 2828 appellare:
1599 2748 1712 2810 nullus

457 2856 506 2902 290
518 2841 631 2896 tamen
646 2839 697 2894 est
711 2833 791 2912 quin
805 2833 951 2893 fateatur
965 2830 1132 2893 Socratem
1149 2838 1290 2911 vtroque
1311 2832 1516 2893 sanctiorem.
1559 2830 1610 2891 Ne
1624 2850 1711 2893 com-

518 2935 696 2979 memorem
724 2915 813 2996 quod
837 2915 1003 2978 nullorum
1028 2915 1118 2977 dicta
1142 2916 1245 2996 magis
1269 2915 1477 2977 celebrantur
1501 2933 1601 2995 quam
1625 2934 1713 2995 quae

519 3000 684 3081 leporibus
709 3000 843 3061 condita
870 3006 966 3074 sunt3
998 3005 1086 3060 certe
1111 3001 1219 3078 pueris
1246 2999 1457 3060 instituendis
1484 2999 1598 3060 vtilior
1625 3006 1713 3061 esset

519 3083 669 3146 Socrates
683 3083 843 3162 Diogenes
856 3088 917 3144 ant
930 3082 1117 3162 Aristippus
1131 3101 1230 3162 quam
1245 3083 1447 3144 Xenocrates
1461 3089 1522 3144 aut
1536 3082 1632 3144 Zeno.

560 3167 654 3241 Quod
679 3168 706 3226 si
727 3172 816 3227 recte
836 3166 944 3226 visum
965 3172 1017 3227 est
1038 3166 1285 3245 sapientissimis
1305 3166 1385 3226 viris
1405 3166 1544 3246 primam
1566 3172 1713 3227 aetatem

457 3271 505 3321 295
519 3250 767 3312 oblectamentis
781 3249 978 3328 quibusdam
992 3249 1036 3311 ad
1050 3268 1194 3310 amorem
1205 3250 1385 3328 sapientiae
1393 3250 1563 3310 muenoris
1571 3249 1711 3322 allicere,

518 3333 625 3395 multo
645 3335 748 3412 magis
765 3333 799 3394 id
815 3335 967 3394 conuenit
983 3339 1056 3394 tum
1072 3332 1182 3394 iuueni
1197 3339 1269 3393 tum
1288 3333 1440 3411 Principi,
1455 3351 1553 3411 quem
1571 3339 1611 3394 vt
1630 3333 1711 3412 vigi-

518 3417 642 3478 lantem
656 3436 726 3478 esse
739 3416 843 3489 decet,
859 3417 907 3476 ita
921 3435 987 3478 non
1003 3422 1134 3495 oportet
1148 3435 1207 3476 neo
1223 3416 1329 3494 ipsum
1344 3434 1490 3495 vnquam
1501 3434 1570 3476 esee
1581 3416 1712 3477 tristem

518 3520 577 3561 nec
592 3519 779 3580 quenquam
794 3519 815 3560 a
829 3519 864 3560 ee
878 3500 1006 3560 tristem
1022 3499 1197 3560 dimittere.
1240 3499 1379 3560 Animus
1393 3504 1505 3560 autem
1520 3499 1711 3560 amoeniori-

519 3584 580 3645 bus
595 3583 714 3644 studiis
733 3583 893 3644 educatus
913 3582 952 3643 fit
972 3582 1015 3643 ad
1034 3602 1146 3644 omnes
1163 3602 1258 3643 curas
1274 3582 1424 3643 ferendas
1445 3583 1592 3661 vegetior
1611 3587 1647 3643 et
1667 3582 1713 3644 ad

457 3689 506 3738 300
519 3686 649 3728 omnem
676 3666 845 3728 hominum
870 3666 1141 3727 consuetudinem
1165 3665 1324 3728 festiuior.
1367 3665 1429 3726 His
1452 3665 1634 3727 rationibus
1659 3685 1714 3728 me

519 3751 605 3811 tueri
618 3756 777 3830 poteram,
792 3751 820 3810 si
839 3748 920 3810 nihil
941 3749 1140 3828 collegissem
1160 3750 1222 3809 nisi
1240 3750 1394 3810 facetias:
1416 3768 1503 3810 nunc
1522 3750 1612 3809 seriis
1631 3748 1714 3810 haec

519 3833 684 3895 duntaxat
699 3833 849 3894 admixta
862 3838 949 3905 sunt,
965 3832 1071 3893 veluti
1084 3832 1228 3894 conuiuii
1245 3832 1463 3894 condimenta.
1506 3831 1578 3904 Quo
1595 3850 1714 3910 genere

520 3918 547 3977 si
568 3922 602 3978 te
621 3935 751 3977 sensero
767 3916 979 3987 delectatum,
994 3915 1084 3977 haud
1103 3935 1156 3977 me
1177 3916 1359 3996 poenitebit
1378 3915 1475 3976 huius
1493 3934 1620 3995 operae,
1635 3914 1714 3976 licet

519 3999 709 4071 humilioris,
721 4005 760 4060 vt
774 3999 876 4079 aliqui
888 3999 1029 4061 fortasse
1040 3999 1241 4061 iudicabunt.
1271 3998 1425 4060 Scribunt
1435 3998 1491 4060 alii
1502 3999 1713 4077 prouectiori·

456 4104 505 4156 305
518 4083 590 4157 bus,
611 4103 671 4145 nos
697 4083 855 4163 Principis
885 4088 1029 4144 aetatem
1060 4088 1207 4144 teneram
1236 4081 1406 4143 lactamus.
1451 4082 1546 4156 Quod
1575 4082 1602 4142 si
1631 4081 1713 4143 haec

968 4222 1027 4272 30²·
1045 4224 1146 4274 genere
1157 4209 1221 4260 add.
1234 4227 1260 4271 γ.

552 4361 610 4425 278.
628 4359 793 4410 excitandos
825 4358 1024 4420 dormitantes]
1055 4358 1091 4408 In
1141 4357 1281 4423 heavenly
1297 4356 1394 4423 things
1414 4373 1447 4408 so
1465 4356 1629 4422 celestially,
1645 4357 1714 4409 thet

518 4428 569 4479 tha
589 4426 764 4478 sedeamus
783 4426 919 4477 Erasmus
938 4425 1056 4476 devotas
1073 4440 1092 4475 a
1140 4424 1267 4475 machoi
1280 4425 1324 4474 his
1337 4425 1473 4475 audisnce
1484 4424 1554 4475 with
1564 4424 1615 4475 the
1626 4430 1715 4475 sweet

518 4495 585 4559 long
596 4509 715 4559 passage
726 4498 758 4543 to
768 4493 818 4543 the
833 4493 945 4557 subject
958 4492 989 4542 oi
1002 4492 1090 4542 intro·
1140 4491 1232 4542 sound
1243 4492 1355 4542 thereos
1365 4492 1457 4556 began
1466 4497 1498 4542 to
1508 4491 1601 4556 iorget
1611 4491 1649 4541 all
1661 4491 1714 4542 the

519 4561 623 4625 ducing
632 4560 702 4625 jests
713 4559 771 4610 and
782 4560 883 4610 storias
893 4560 955 4609 into
966 4574 1093 4609 sermons
1142 4557 1229 4609 world
1245 4557 1303 4607 and
1320 4557 1370 4608 fall
1388 4557 1499 4623 asleep:
1522 4557 1614 4608 which
1630 4558 1714 4608 when

520 4629 564 4678 ior
577 4627 627 4678 the
640 4641 764 4692 purpose
778 4626 809 4676 oi
823 4626 981 4691 animating
995 4625 1093 4690 sleepy
1141 4623 1630 4682 thefatherbeheld,hsdisssmbled
1637 4624 1714 4675 their

520 4693 649 4744 listeners
667 4693 740 4753 (Lib.
753 4693 782 4752 ii,
800 4691 857 4742 LB.
871 4709 900 4742 v.
917 4693 1090 4753 859a-861a:
1140 4691 1275 4755 sleeping‚
1287 4690 1345 4740 and
1356 4690 1497 4755 suddenly
1507 4691 1569 4741 said
1579 4696 1611 4741 to
1623 4691 1713 4751 them,

520 4761 557 4811 ci.
574 4759 635 4811 also
654 4760 716 4810 Lib.
733 4759 753 4818 i,
774 4759 811 4810 ib.
832 4760 1010 4824 84511-8471).
1047 4758 1091 4809 ci.
1143 4758 1267 4809 “Ishall
1278 4756 1534 4822 tellyouamerry
1544 4757 1637 4808 tale”.
1672 4759 1714 4809 At

520 4827 607 4885 More,
625 4826 650 4876 A
669 4826 804 4889 Dialogus
821 4825 851 4889 os
868 4825 997 4889 Oomsort,
1017 4838 1091 4889 1553,
1141 4825 1232 4875 which
1246 4824 1324 4874 word
1338 4825 1408 4888 they
1420 4824 1467 4873 lilt
1479 4839 1519 4889 up
1535 4823 1610 4874 their
1624 4824 1714 4875 heads

521 4893 554 4943 F.
571 4893 610 4943 iv.
627 4890 684 4943 v⁰.:
705 4892 824 4957 English
840 4891 951 4950 Worlrs,
967 4906 996 4956 p.
1017 4905 1091 4955 1171.
1141 4891 1199 4942 and
1206 4891 1330 4941 hearlrsn
1337 4891 1497 4949 untothat;
1515 4890 1714 4942 andaiterthe

522 4960 564 5009 ‘A
586 4960 694 5010 certain
715 4959 783 5024 holy
805 4959 900 5009 lether
922 4958 953 5008 in
975 4958 1093 5023 making
1141 4957 1496 5022 sleeptherewithbroken,
1503 4957 1713 5008 heardhimtell

520 5026 552 5077 oi
570 5042 589 5077 a
610 5039 732 5088 sermon,
752 5026 841 5092 spaka
857 5025 889 5076 oi
907 5024 1018 5077 heaven
1033 5025 1091 5076 and
1141 5040 1180 5075 on
1190 5023 1223 5075 of
1231 5023 1341 5074 heaven
1352 5022 1454 5089 again.’
