4042 5900
433 651 496 713 446
781 648 980 712 LETTERS
1001 648 1058 712 OF
1078 647 1303 714 ERASMUS
1573 654 1635 731 [¹33¹

475 808 507 872 S.
532 812 567 872 P.
612 809 719 884 Quum
742 808 893 889 publicus
916 814 1050 871 senatus
1073 808 1213 870 tabellio
1237 809 1337 871 mihi
1369 810 1575 873 reddidisset
1595 817 1638 871 bu

433 893 598 975 epistolas,
609 913 675 955 non
690 893 832 954 vacabat
846 893 890 954 ad
905 898 1000 954 tuam
1012 891 1198 965 rescribere,
1210 898 1249 954 et
1266 894 1301 955 si
1319 901 1503 969 vacasset,
1517 894 1637 955 eiusnodi

434 977 628 1039 tractabant
650 982 879 1054 argumentum
901 982 940 1037 vt
962 975 1173 1037 vehementer
1196 976 1408 1039 dubitarim
1433 998 1484 1039 an
1506 978 1637 1059 expedint

433 1061 635 1140 respondere.
679 1060 730 1121 Ex
751 1059 812 1120 hoc
829 1078 930 1139 genus
948 1059 1159 1138 querimoniis
1180 1060 1357 1139 rixisque,
1381 1062 1637 1141 quemadmodm

404 1164 493 1224 5ego
512 1164 631 1222 grauor
650 1143 774 1204 inuidia
795 1143 885 1222 apud
905 1162 960 1204 eos
982 1144 1039 1221 qui
1061 1149 1171 1203 vestro
1193 1142 1326 1204 fauent
1345 1146 1638 1218 institutarum

434 1228 530 1288 video
555 1228 633 1306 quid
657 1226 819 1288 commodi
840 1226 976 1287 accedat
996 1245 1114 1287 causae
1134 1229 1294 1287 vestrae.‘
1334 1224 1410 1289 Sed
1436 1230 1592 1308 quoniam
1607 1247 1639 1288 ne

434 1311 563 1371 credere
578 1312 627 1370 vis
642 1317 676 1370 te
691 1310 812 1371 bonum
827 1328 896 1370 esse
911 1311 1019 1370 virum
1039 1329 1077 1370 ac
1095 1308 1219 1370 silentii
1238 1308 1354 1371 fidem
1371 1312 1559 1392 polliceris,
1572 1312 1639 1373 hbes

433 1400 468 1455 et
487 1394 610 1472 absque
625 1394 701 1455 fuco
718 1393 797 1472 quid
815 1394 954 1454 sentiam
974 1394 1119 1473 aperiam
1129 1413 1137 1467 ;
1159 1392 1253 1471 quod
1275 1392 1467 1457 hactenus
1486 1396 1640 1457 demirari

434 1478 528 1539 vobis
542 1497 609 1538 non
622 1477 736 1556 liquet.
1505 1526 1507 1529 .

389 1583 421 1619 10
476 1561 627 1622 Vestram
652 1580 785 1621 causam
810 1578 972 1638 nusquam
995 1565 1106 1620 tracto
1131 1558 1314 1633 hostiliter,
1343 1563 1410 1623 sed
1444 1564 1500 1624 ita
1526 1570 1640 1643 tempus

433 1644 545 1705 stilum
569 1650 608 1705 vt
629 1663 702 1705 eam
724 1644 767 1704 ad
788 1643 1046 1704 moderationem
1068 1642 1213 1721 aliquam
1235 1643 1391 1706 ecclesie
1410 1646 1596 1709 salutarem
1611 1664 1640 1706 rc·

433 1727 565 1788 dactam
580 1728 692 1788 malim
707 1746 808 1806 quam
823 1746 956 1806 prorsus
971 1745 1167 1806 oppressam.
1210 1725 1361 1806 Alioqui
1379 1729 1641 1792 debacchandiir

433 1812 625 1872 institutum
641 1816 789 1870 vestrum
808 1810 938 1870 vberior
954 1817 1006 1871 est
1026 1810 1164 1870 materia
1178 1827 1282 1887 quam
1306 1812 1459 1874 vellem.
1508 1813 1597 1888 Quod
1612 1814 1642 1873 a'r

434 1901 511 1955 ‘nos
526 1896 612 1973 ipsos
624 1895 642 1967 ',
657 1893 766 1954 denuo
780 1893 865 1954 redis
880 1893 923 1954 ad
938 1898 997 1953 tua
1010 1892 1215 1973 pronomina,
1230 1895 1336 1971 quasi
1360 1896 1462 1958 inter
1478 1917 1541 1959 vos
1558 1914 1642 1959 omns

389 1998 420 2049 15
433 1979 618 2050 conueniat,
634 1996 736 2056 quum
750 1977 876 2037 acerbis
890 1977 991 2037 etiam
1006 1977 1090 2037 odiis
1103 1975 1301 2037 dissideatis.

476 2062 531 2121 lta
544 2066 604 2133 est,
621 2062 665 2120 mi
681 2060 812 2133 Bucam,
824 2079 919 2120 suum
932 2060 1048 2139 cuique
1059 2059 1218 2139 pulcrum.
1256 2059 1340 2121 Tibi
1354 2062 1489 2126 videor
1499 2064 1644 2145 apolog'nr

434 2150 512 2205 tuae
534 2144 732 2223 respondens
750 2163 809 2204 nec
829 2143 1036 2204 humanitate
1055 2162 1115 2203 nec
1136 2143 1345 2221 synceritate
1364 2149 1475 2224 paria
1496 2147 1643 2209 mcumie

434 2229 533 2300 cisse;
563 2234 663 2305 atque
689 2227 739 2287 hic
764 2228 866 2287 etiam
889 2245 996 2287 meam
1021 2225 1168 2306 appellas
1190 2227 1457 2304 conscientiam,
1485 2233 1516 2293 si
1542 2232 1644 2311 superis

434 2310 551 2391 placet.
595 2310 642 2371 At
663 2311 731 2390 ipse
753 2316 825 2371 tum
847 2309 927 2370 mihi
949 2315 1022 2370 tum
1042 2309 1115 2370 aliis
1134 2328 1200 2370 non
1218 2310 1362 2371 omnino
1379 2316 1542 2394 stupidis
1555 2315 1645 2376 video

388 2416 421 2453 20
435 2400 528 2455 tuam
543 2395 775 2473 synceritatem
795 2393 909 2454 multis
927 2411 1096 2472 superasse
1115 2393 1327 2472 parasangis;
1353 2414 1402 2456 ne
1420 2399 1573 2460 verbum
1592 2398 1644 2477 qai

434 2477 508 2538 dem
523 2479 655 2538 omnino
669 2496 881 2556 responsurus
897 2477 960 2537 nisi
977 2477 1077 2538 toties
1094 2475 1160 2537 illic
1179 2475 1348 2537 audissem
1371 2478 1562 2543 luculenta
1575 2500 1645 2543 men·

433 2561 537 2622 dacia.
567 2559 601 2621 Si
612 2580 745 2620 causam
757 2566 860 2633 tuam,
872 2560 979 2638 qualis
988 2560 1096 2638 qualis
1104 2565 1165 2632 est,
1174 2560 1433 2623 accuratissime
1444 2563 1644 2635 defendisset

433 2664 474 2705 ne
489 2643 657 2706 tantulum
673 2643 804 2722 quidem
820 2663 872 2704 me
887 2643 1085 2715 offendisses.
1130 2642 1215 2703 Fieri
1232 2647 1347 2722 potest
1370 2652 1415 2706 vt
1433 2647 1570 2710 alicubi
1583 2647 1645 2709 nili

434 2727 586 2788 videatur
595 2733 722 2788 rectum
733 2726 822 2806 quod
831 2732 958 2788 rectum
969 2732 1106 2787 nonest.
1150 2724 1245 2787 Certe
1255 2724 1341 2786 nihil
1353 2746 1378 2788 a
1390 2748 1451 2790 me
1461 2750 1645 2812 responsura

388 2833 420 2882 25
434 2817 485 2871 est
504 2812 614 2871 animo
631 2811 753 2883 fucato,
771 2810 828 2871 sed
848 2810 969 2888 vbique
986 2810 1116 2889 respexi
1132 2809 1175 2869 ad
1194 2827 1285 2888 spem
1305 2807 1371 2871 hos
1387 2815 1573 2877 tumultus
1586 2833 1645 2877 verr

433 2894 631 2975 periculosos
646 2894 687 2955 ad
702 2893 846 2974 aliquem
861 2893 983 2955 bonum
998 2894 1125 2955 exitum
1140 2891 1323 2954 reuocandi.

476 2978 509 3040 Si
526 2979 589 3039 tibi
608 2980 731 3058 scripta
750 2984 801 3038 est
819 2977 970 3058 apologia
987 2983 1026 3038 vt
1046 2984 1082 3038 et
1103 2977 1144 3038 de
1166 2976 1260 3038 vobis
1279 2981 1315 3037 et
1336 2976 1384 3038 de
1407 2999 1524 3045 causa
1546 2983 1645 3046 malim

434 3063 599 3135 sentirem,
615 3082 665 3122 res
685 3063 718 3122 in
736 3062 902 3123 diuersum
921 3062 1028 3122 cessit.
1072 3061 1163 3122 Meas
1181 3066 1294 3121 autem
1311 3063 1533 3140 suspitiones
1551 3085 1644 3137 vocas

434 3165 536 3224 quum
557 3146 644 3206 orbis
663 3147 751 3205 norit
772 3146 853 3224 quid
873 3165 893 3205 a
915 3145 1009 3205 vobis
1031 3149 1150 3224 agatur
1170 3142 1416 3222 scribaturque.
1468 3149 1530 3211 Illi
1549 3152 1644 3232 potius

389 3251 422 3300 30
434 3235 529 3289 erant
543 3229 732 3289 eximendae
747 3230 941 3308 suspitiones
955 3247 1056 3307 quam
1070 3227 1160 3288 mihi.

477 3310 540 3372 Sed
556 3312 723 3391 Epistolac
738 3312 867 3373 Florida
882 3313 1008 3391 spirant
1019 3312 1130 3372 odium
1142 3312 1176 3371 in
1184 3329 1243 3370 vos
1255 3309 1497 3377 Vatinianum.
1539 3318 1646 3380 Fateor

434 3396 468 3455 in
483 3396 546 3456 illis
561 3415 631 3456 esse
646 3396 786 3474 quedam
801 3415 885 3474 quae
899 3394 999 3455 nolim
1010 3413 1080 3455 esse
1091 3394 1254 3474 euulgata.
1292 3392 1494 3476 Heruagius
1507 3402 1646 3463 instabat

435 3480 502 3539 sine
524 3479 587 3539 fine
608 3486 648 3539 vt
668 3479 792 3557 aliquid
813 3479 949 3539 haberet
966 3497 1075 3539 meum
1093 3478 1178 3538 vnde
1196 3477 1397 3538 Mercurium
1419 3500 1530 3545 suum
1551 3486 1646 3566 auspi·

435 3569 575 3635 caretur,
597 3568 632 3623 et
654 3563 796 3622 obtrusis
818 3563 928 3623 verius
957 3581 1057 3640 quam
1087 3561 1174 3622 datis
1202 3561 1395 3622 muneribus
1424 3565 1596 3631 effecerat
1615 3587 1646 3630 ne

389 3668 421 3719 35
435 3646 514 3706 mihi
530 3640 692 3724 integrum
707 3653 793 3706 esset
807 3664 991 3725 pernegare.
1036 3643 1144 3718 Quum
1164 3643 1244 3704 nihil
1263 3643 1354 3704 aliud
1368 3654 1466 3708 esset
1482 3662 1647 3730 paratum,

434 3731 561 3788 excussi
586 3729 757 3789 fasciculos
782 3729 1005 3808 epistolarum.
1049 3728 1100 3788 Ex
1130 3727 1180 3788 his
1209 3727 1324 3788 notaui
1352 3730 1534 3806 quasdam
1561 3755 1647 3799 excu-

435 3811 568 3884 dendas,
593 3813 763 3892 plerasque
788 3813 892 3885 reieci,
917 3811 1090 3872 nonnullas
1119 3811 1261 3883 correxi;
1291 3809 1465 3876 submotis
1497 3819 1545 3880 iis
1575 3838 1649 3900 quae

435 3895 634 3956 videbantur
649 3903 781 3956 motura
795 3895 1010 3956 stomachum.
1055 3893 1207 3956 Ceterum
1224 3899 1263 3954 vt
1282 3913 1426 3956 excusas
1441 3899 1532 3975 vidi,
1549 3903 1649 3966 multa

435 3979 565 4039 inerant
586 3998 670 4056 quae
690 3980 790 4040 miror
808 3998 875 4039 non
895 3998 964 4040 esse
985 3979 1175 4058 praeterita,
1196 3978 1265 4038 siue
1285 3995 1338 4038 me
1359 3977 1572 4049 fefellerunt
1592 3987 1651 4059 illa

389 4087 423 4137 40
435 4063 504 4122 siue
519 4064 767 4123 amanuensium
782 4064 906 4123 incuria
919 4062 1003 4123 aliae
1018 4081 1078 4142 pro
1096 4061 1168 4122 aliis
1182 4061 1364 4141 descriptae
1379 4071 1478 4128 sunt.
1529 4068 1600 4133 Sed
1617 4070 1652 4133 ds

435 4145 485 4205 his
500 4165 594 4217 mox;
617 4165 693 4206 nam
709 4146 866 4225 epistolae
880 4151 957 4206 tuae
972 4164 1091 4224 sequor
1105 4144 1261 4205 ordinem.

477 4228 534 4289 Ais
564 4229 625 4289 tibi
653 4249 844 4308 persuasum
874 4248 974 4307 quam
1003 4227 1165 4309 profiteris
1194 4228 1379 4289 doctrinam
1408 4247 1488 4294 esse
1519 4235 1652 4301 chrisa

435 4311 528 4372 Idem
543 4314 571 4372 si
585 4312 666 4373 mihi
680 4332 869 4392 persuasum
884 4317 979 4385 esset,
991 4330 1088 4373 nemo
1099 4318 1246 4372 vestrum
1256 4311 1389 4372 liberius
1401 4310 1505 4378 illam
1518 4323 1653 4400 profire„

435 4402 526 4456 retur
548 4415 646 4474 quam
668 4415 737 4476 ego.
780 4395 844 4457 Sed
865 4397 892 4456 si
915 4395 975 4456 hoc
993 4394 1088 4455 vobis
1109 4400 1252 4467 constat,
1274 4395 1332 4473 qui
1354 4392 1393 4454 fit
1415 4403 1461 4458 vt
1480 4401 1580 4467 inter
1600 4425 1654 4468 γα

389 4501 421 4554 4⁵
435 4483 505 4538 tam
521 4479 606 4540 male
621 4480 817 4540 conueniat?
854 4480 998 4539 Rursum
1010 4478 1161 4539 doctrina
1175 4477 1296 4539 Christi
1307 4496 1365 4538 nec
1376 4483 1482 4543 nouit
1495 4490 1655 4571 strophas

471 4694 526 4729 1-2.
545 4686 603 4730 tres
623 4679 769 4744 epistolas]
793 4680 854 4730 One
877 4680 907 4729 oi
928 4680 1009 4730 them
1059 4679 1159 4729 letters
1181 4679 1212 4729 in
1233 4679 1292 4730 this
1308 4677 1481 4743 collectiong
1508 4702 1562 4740 ιω
1582 4692 1655 4760 12:91),

434 4747 583 4811 obviously
595 4746 668 4796 from
685 4747 793 4805 Bucen
812 4747 932 4796 another
945 4761 1008 4811 pre·
1060 4758 1134 4810 2554.
1149 4759 1210 4806 ran,
1223 4759 1295 4808 2559.
1309 4749 1383 4807 26-7.

434 4814 566 4877 sumably
587 4829 625 4862 an
647 4813 748 4863 official
771 4813 1009 4863 communication
1126 4812 1322 4873 Vatinianum]
1334 4811 1471 4866 Catullus
1489 4833 1533 4886 ¹4·
1548 4838 1577 4888 3,

434 4880 568 4929 lromthe
581 4880 734 4945 strasburg
744 4881 934 4945 magistrates.
1093 4893 1136 4943 33.
1153 4879 1322 4929 Mercurium
1352 4881 1452 4943 suum]
1491 4887 1561 4941 The
1596 4907 1656 4945 m

468 4960 509 5008 31.
528 4946 673 5011 Epistolae
709 4947 831 5008 Florida]
865 4946 1007 4997 Oecolam·
1058 4945 1156 4996 device
1169 4945 1200 4997 oi
1214 4947 1264 4996 the
1279 4945 1391 4996 Froben
1406 4962 1514 5013 pram
1535 4973 1588 5010 ,ω
1603 4961 1655 5028 Ep

434 5013 537 5077 padius
553 5013 610 5063 had
624 5014 713 5063 taken
728 5014 835 5064 alienes
852 5020 884 5064 at
900 5011 1008 5064 several
1059 5013 1135 5077 2518.
1146 5013 1208 5078 4821.
