4042 5900
324 676 419 756 2449]
702 672 759 736 To
778 672 917 736 JAsffls
939 671 1141 736 susurrus
1458 676 1518 737 ras

324 835 394 896 eius
410 835 456 895 rei
477 852 610 895 causam
627 834 775 895 diuinare
796 835 890 913 potui
909 853 1009 912 quam
1027 833 1138 912 frigus,
1163 834 1216 894 cui
1236 853 1302 896 non
1318 840 1517 908 assueuerat,

324 917 451 978 nudato
471 919 537 979 iam
557 922 686 996 praeter
705 916 838 979 solitum
856 917 940 978 collo
962 936 1000 978 ac
1022 916 1120 977 tibiis.
1164 916 1233 977 Neo
1254 918 1384 978 interim
1406 923 1518 979 tamen

323 999 493 1062 desinebat
517 1000 626 1061 crudis
647 999 818 1061 Germanic
840 1002 923 1061 vinis
945 1019 1030 1079 aque
1052 1000 1230 1079 plurimum
1251 1000 1381 1062 addere.
1425 1001 1564 1078 Adeo90

323 1102 402 1145 vero
416 1085 554 1164 contigit
568 1083 625 1156 illi,
637 1084 727 1163 quod
738 1089 852 1163 optare
863 1083 947 1145 solet
958 1082 1057 1144 Cesar
1064 1083 1242 1162 Augustus,
1257 1082 1277 1163 ἦ
1293 1083 1466 1158 citaverit,
1478 1090 1518 1145 vt

281 1177 286 1185 '
322 1166 560 1229 obdormiscere
574 1186 640 1228 non
654 1168 737 1228 mori
751 1167 925 1229 videretur.
968 1165 1093 1245 Corpus
1106 1166 1195 1246 apud
1210 1166 1440 1229 Fhmchcanos
1457 1186 1517 1247 pro

322 1249 406 1311 laico
420 1250 586 1330 sepultum
601 1256 661 1324 est,
675 1252 820 1311 animam
835 1269 929 1330 spero
943 1251 1030 1311 inter
1045 1249 1235 1330 Seraphicas
1254 1256 1381 1312 mentes
1396 1252 1515 1312 viuere.

322 1332 395 1394 Hoc
417 1336 444 1395 si
465 1333 551 1396 forte
572 1334 747 1406 nesciebas,
767 1335 848 1394 scire
867 1339 903 1395 te
921 1333 1022 1395 volui.
1066 1333 1154 1395 Bene
1173 1332 1257 1395 vale.
1301 1331 1416 1396 Saluta
1436 1333 1517 1395 mihi

322 1415 501 1478 Danesium
516 1417 672 1497 collegam
687 1422 794 1490 tuum,
810 1417 867 1478 sed
881 1418 1028 1497 inprimis
1043 1416 1203 1490 Budeum,
1219 1418 1247 1477 si
1260 1416 1437 1479 videbitur.
1527 1447 1562 1498 95

363 1500 462 1580 Apud
484 1500 678 1581 Friburgum
695 1499 860 1580 Brisgoiae
880 1516 909 1577 3.
928 1499 978 1561 Id.
998 1500 1144 1562 Martias.
1164 1500 1218 1561 An
1238 1520 1269 1562 ‚a
1288 1499 1417 1562 Christo
1436 1506 1517 1562 nato

323 1597 414 1661 1531.

632 1788 732 1849 2450.
780 1782 833 1849 Το
856 1780 974 1848 Smou
997 1781 1201 1849 Prsroaros.

359 1885 520 1958 Epistolae
532 1886 684 1952 Floridae,
697 1904 729 1958 p.
743 1889 789 1941 60.
1278 1885 1436 1957 Freiburg.

1225 1976 1259 2031 14
1272 1960 1380 2016 March
1395 1976 1477 2031 1531.

355 2063 435 2125 [This
448 2063 533 2115 letter
547 2079 669 2130 appears
684 2064 752 2129 only
767 2064 796 2114 in
810 2062 831 2114 J
833 2101 850 2123 .‚
865 2063 919 2114 but
936 2062 1058 2129 nothing
1071 2063 1101 2113 in
1116 2063 1155 2114 its
1168 2070 1301 2115 contente
1312 2064 1427 2115 anables
1438 2080 1473 2115 us
1483 2070 1515 2116 to

320 2130 435 2196 explain
446 2131 512 2197 why
523 2132 547 2182 it
558 2146 616 2182 was
627 2137 679 2182 not
690 2130 857 2196 reprinted.]

612 2238 765 2283 ERASHVS
779 2238 854 2284 ROT.
869 2238 989 2283 smom
1003 2237 1166 2283 PIS‘I'ORIO.
1196 2238 1222 2283 S.

362 2329 464 2404 viu
492 2350 619 2410 semper
643 2330 860 2392 intellexerim
882 2349 936 2392 me
963 2329 1078 2391 multis
1102 2330 1290 2392 nominibus
1317 2330 1514 2392 obstrictum

320 2415 438 2494 optimi
454 2415 609 2494 principis
627 2415 662 2475 in
681 2433 734 2475 me
756 2414 875 2487 studio,
891 2432 978 2511 nuno
997 2413 1107 2474 factus
1121 2413 1316 2511 summulto
1330 2413 1513 2493 obligatior,

319 2496 1515 2661 titulandumllffilltttmhttt‘ttntt

319 2664 391 2725 diis.
435 2664 508 2726 Hoc
529 2665 669 2726 officium
692 2684 793 2744 quum
814 2683 868 2725 me
888 2670 1004 2743 grauet
1023 2665 1133 2736 etiam,
1152 2670 1265 2726 tamen
1283 2663 1386 2725 nihilo
1404 2665 1542 2744 minus5

319 2746 438 2808 debere
460 2768 513 2809 me
535 2747 691 2827 profiteor
714 2767 775 2827 pro
799 2748 994 2809 amicissima
1019 2746 1193 2809 voluntate
1218 2754 1291 2808 tum
1315 2746 1416 2820 ducis,
1440 2753 1513 2809 tum

320 2830 397 2891 Iulii
411 2830 523 2910 Pflug:
545 2832 639 2892 cuius
652 2830 772 2892 litteris
786 2830 869 2892 adeo
883 2830 1037 2904 delector,
1053 2836 1092 2891 vt
1106 2830 1168 2891 hoc
1187 2829 1311 2891 malum
1330 2829 1411 2891 mihi
1430 2830 1514 2892 bene

319 2915 452 2976 cessisse
461 2922 584 2994 putem,
594 2920 810 2995 posteaquam
818 2916 888 2976 eiua
897 2915 1065 2976 occasione
1076 2920 1193 2975 nactus
1204 2932 1277 2975 sum
1286 2920 1357 2976 tam
1368 2914 1512 2989 doctum,

320 3003 391 3059 tam
406 2998 586 3060 humanum
601 3001 708 3060 virum
723 3000 873 3072 amicum,
889 2997 1021 3077 qualem
1035 2999 1092 3059 vix
1106 2998 1293 3059 arbitrabar
1306 3017 1376 3059 esse
1390 3000 1425 3059 in
1439 3004 1513 3060 tota

319 3079 503 3143 Germania.
562 3081 656 3144 Inter
683 3083 771 3143 viros
800 3088 870 3143 tam
898 3081 1082 3162 praeclaros
1110 3100 1195 3160 quae
1224 3087 1378 3161 portenta
1408 3083 1514 3161 gignit
1528 3112 1559 3149 10

318 3165 444 3244 alitque
459 3164 575 3226 tellus!
612 3165 675 3226 Hic
689 3165 910 3227 crudelissime
924 3165 1004 3226 lusit
1018 3164 1169 3244 luditque
1183 3164 1391 3244 pestilentia;
1409 3164 1511 3226 chari·

318 3255 371 3309 tas
394 3250 540 3310 omnium
565 3267 673 3310 rerum
698 3250 852 3322 maxima,
877 3248 981 3309 indies
1001 3267 1185 3327 augescens.
1229 3247 1324 3322 Quod
1344 3250 1371 3309 si
1390 3248 1513 3309 bellum

319 3332 496 3406 exoriatur,
512 3351 644 3411 prorsus
658 3339 770 3393 actum
785 3332 825 3394 de
840 3332 934 3393 nobis
948 3331 1058 3392 fuerit.
1095 3330 1180 3393 Sunt
1194 3333 1251 3410 qui
1265 3331 1329 3392 huc
1341 3330 1513 3394 stimulent

319 3417 490 3495 principes,
512 3421 552 3476 vt
572 3416 660 3477 ciuili
679 3416 835 3495 sanguine
856 3414 1024 3476 madescet
1045 3413 1228 3476 Germania.
1272 3414 1424 3476 Fortasse
1445 3414 1511 3476 Ro·

318 3501 483 3560 manensis
503 3498 621 3577 aliquis
642 3499 729 3561 Nero
749 3518 768 3560 e
789 3497 921 3579 specula
942 3518 1002 3559 sua
1024 3498 1177 3559 decantet
1199 3497 1323 3559 ἅλωσιν.
1366 3497 1454 3578 Opto
1473 3505 1513 3560 vt
1527 3527 1558 3577 15

318 3580 467 3643 Christus
481 3582 625 3644 salubria
639 3582 774 3644 consilia
787 3583 924 3662 inspiret
937 3582 1054 3642 animis
1068 3582 1261 3661 principum.

360 3665 511 3727 Feliciter
530 3666 650 3727 accidit
671 3666 760 3745 quod
780 3666 1043 3745 generosissimus
1064 3666 1191 3726 iuuenis
1211 3665 1359 3727 Andreas
1380 3663 1512 3727 Conrita

318 3748 426 3810 isthuc
441 3748 615 3810 edomaret
628 3750 692 3810 iter
706 3769 781 3810 cum
799 3768 954 3829 germano
971 3767 1031 3810 suo
1050 3748 1208 3810 Erasmio.
1251 3747 1417 3809 Andream
1437 3768 1512 3810 cum

317 3831 423 3894 altero
453 3832 555 3893 fratre
588 3831 821 3912 christophoro
852 3831 1044 3911 aliquandiu
1078 3831 1178 3893 habui
1211 3830 1440 3911 ὁμοτράπεζον
1477 3837 1512 3894 et

318 3917 446 3977 vtinam
471 3915 615 3977 licuisset
638 3917 762 3977 diutius
787 3917 870 3977 iruil
914 3915 1049 3977 Morbus
1074 3935 1135 3977 nos
1157 3915 1299 3988 diremit,
1325 3914 1386 3976 hac
1410 3915 1558 3982 etiamso

317 4005 412 4079 parte
426 4001 604 4061 nocentior.
647 3999 755 4061 Ambo
769 3999 821 4060 hic
836 4005 909 4061 toto
928 4005 1059 4079 pectore
1078 3999 1297 4060 incubuerunt
1311 3999 1512 4060 vestratibus

317 4082 445 4156 litteris,
468 4083 613 4144 moribus
634 4089 704 4144 tam
725 4084 869 4163 integris,
891 4088 931 4143 vt
954 4102 995 4143 ne
1020 4082 1099 4144 mali
1121 4081 1253 4161 quidem
1276 4081 1317 4143 de
1340 4081 1404 4143 illis
1425 4082 1512 4143 male

317 4165 407 4245 loqui
421 4166 589 4229 auderent.
633 4167 767 4228 Vtinam
777 4168 898 4227 caeteri
912 4185 1024 4228 omnes
1038 4166 1193 4245 imagines
1207 4166 1367 4227 maiorum
1378 4184 1511 4226 suorum

316 4250 439 4311 talibus
458 4251 658 4311 ornamentis
678 4250 892 4311 illustrarent.
935 4249 1011 4310 Non
1030 4249 1148 4311 dubito
1169 4250 1249 4329 quin
1274 4254 1313 4310 tu
1337 4249 1511 4329 pristinum

316 4335 463 4394 animum
478 4340 574 4394 tuum
588 4339 779 4395 constanter
793 4334 826 4393 in
841 4352 893 4394 me
907 4339 1099 4394 seruaturus
1113 4333 1166 4394 sis.
1210 4331 1299 4393 Bene
1314 4332 1397 4393 vale.
1524 4359 1556 4410 25

357 4417 456 4497 Apud
480 4416 675 4497 Friburgum
696 4417 862 4496 Brisgoiae
886 4417 990 4496 pridie
1010 4416 1088 4478 idib.
1112 4416 1209 4478 Mart.
1232 4435 1319 4478 anno
1340 4436 1361 4477 a
1381 4414 1511 4477 Christo

314 4507 404 4563 nato.
420 4516 590 4562 u.1›.xxx1.

349 4628 425 4678 2449.
443 4629 485 4677 88.
503 4632 633 4678 assuerat
652 4626 683 4676 J.
763 4627 806 4688 89.
823 4626 861 4676 J:
879 4625 990 4677 nudata
1008 4624 1074 4677 MS.
1125 4631 1240 4691 praeter
1258 4624 1374 4676 solitum
1392 4624 1456 4675 odd.
1478 4624 1510 4676 J.

316 4693 522 4745 timenem.
589 4706 632 4754 9ο.
650 4693 773 4745 vinisJ:
790 4692 940 4744 villisMS.

348 4830 423 4878 2449,
442 4843 485 4889 91.
502 4827 661 4893 Augustus]
736 4826 888 4879 Suetonius
974 4841 1014 4891 17.
1032 4826 1156 4888 Conrits]
1167 4827 1212 4877 ior
1223 4826 1273 4878 the
1286 4826 1367 4877 three
1380 4825 1511 4877 brothers

315 4896 443 4959 ,40999
938 4893 1246 4959 aeaEp.2274introd.

315 4961 648 5095 751214501mmm]
669 4961 712 5012 ci.
736 4961 791 5027 Ep.
811 4962 887 5026 2448.
938 4961 1241 5094 ligirium-llam
1251 4959 1446 5023 litterileaw3
1463 4974 1511 5012 sse
