4042 5900
453 595 516 657 saa
808 591 1310 659 mmsnsorusssuus
1582 599 1670 677 [1531

392 763 440 813 160
453 753 534 834 quid
551 772 728 834 ageremus,
743 752 771 814 si
788 753 959 833 vti-iusque
978 754 1083 833 partis
1099 772 1206 834 neque
1219 772 1369 835 proceres
1390 773 1515 836 neque
1529 756 1671 838 populus

452 839 633 918 reciperent
647 836 736 915 quod
750 837 1053 916 proposuissemus?

493 920 593 1000 Apud
600 918 770 982 Coloniam
778 919 1001 999 Agrippinam,
1011 939 1113 999 quum
1123 921 1224 1000 pestis
1233 920 1313 983 haec
1322 920 1481 983 nondum
1496 922 1670 1003 hucusque

452 1003 681 1076 incruduisset,
695 1002 818 1083 prodiit
834 1002 1006 1065 consilium
1026 1003 1193 1082 quoddam
1212 1004 1360 1065 indicans
1381 1005 1592 1068 moderatas
1613 1007 1669 1069 ali-

452 1093 534 1166 quot
551 1088 695 1148 rationes
713 1085 876 1148 sedandae
892 1088 1109 1166 tempestatis,
1126 1086 1282 1149 incolumi
1302 1088 1404 1148 etiam
1426 1089 1612 1168 pontificis
1632 1110 1669 1153 ac

390 1178 439 1240 165
451 1170 678 1249 theologorum
702 1170 893 1231 autoritate.
936 1168 1028 1231 Adeo
1049 1177 1216 1249 receptum
1237 1190 1303 1232 uon
1324 1176 1376 1231 est
1397 1178 1439 1233 vt
1464 1192 1527 1234 me
1549 1193 1668 1255 prope

451 1254 586 1316 modum
608 1254 804 1333 oppresserit
824 1253 973 1331 suspicio,
996 1252 1086 1314 haud
1111 1253 1176 1315 alio
1199 1254 1307 1314 nitens
1332 1263 1541 1334 argumento
1564 1277 1667 1337 quam

451 1337 541 1417 quod
563 1355 670 1398 sermo
691 1342 778 1398 esset
800 1335 899 1415 paulo
922 1335 1079 1399 Latinior.
1122 1335 1208 1410 Quid
1230 1338 1258 1398 si
1280 1337 1374 1400 nobis
1395 1340 1551 1413 eueniat,
1575 1342 1667 1419 quod

451 1422 562 1482 euenit
582 1419 742 1482 monacho
764 1419 893 1480 cuidam
911 1419 1037 1493 Ioanni,
1054 1420 1089 1480 ni
1105 1419 1211 1493 fallor,
1226 1421 1319 1481 cuius
1335 1422 1490 1482 meminit
1509 1422 1668 1487 Historia

452 1504 653 1583 Tripertital
696 1503 731 1565 Is
753 1509 792 1563 vt
813 1509 886 1564 erat
907 1521 1016 1564 rerum
1038 1502 1183 1564 ciuilium
1206 1504 1306 1577 rudis,
1328 1510 1368 1565 vt
1388 1506 1458 1565 ruri
1480 1505 1664 1582 educatus,

390 1604 439 1658 170
451 1606 553 1666 quum
574 1586 659 1648 iorte
680 1586 814 1649 fortuna
834 1592 1022 1666 pertractus
1042 1587 1078 1646 iu
1094 1585 1263 1648 theatrum
1277 1587 1405 1649 videret
1423 1587 1513 1649 duos
1533 1590 1664 1670 gladia

451 1678 539 1733 tores
554 1671 640 1731 inter
654 1689 688 1730 se
702 1669 864 1749 congredi,
879 1670 930 1730 vir
944 1670 1019 1749 pius
1033 1669 1150 1730 insiliit
1166 1671 1201 1730 in
1221 1671 1374 1744 medium,
1389 1670 1557 1747 clamans,
1573 1673 1665 1748 Quid

451 1755 548 1833 agitis
562 1752 692 1826 fratres,
707 1771 793 1832 quur
812 1754 847 1813 in
865 1759 1017 1813 mutuam
1037 1753 1168 1814 caedem
1189 1754 1259 1815 sine
1280 1773 1379 1815 causa
1400 1755 1526 1817 ruitis?
1572 1756 1664 1832 Quid

450 1836 579 1898 multa?
622 1836 710 1896 Dum
731 1836 857 1897 dirimit
880 1835 1087 1914 gladiatores,
1109 1837 1179 1915 ipse
1203 1836 1320 1916 gladiis
1344 1839 1571 1918 interemptus
1596 1848 1662 1903 est.

450 1920 518 1982 Nec
539 1940 579 1980 es
599 1939 651 1980 res
672 1919 721 1980 illi
740 1918 802 1982 soli
820 1918 949 1992 accidit,
963 1919 1187 1999 compluribus
1206 1920 1279 1981 aliis
1297 1940 1359 1982 vsu
1373 1922 1474 1994 veuit,
1489 1924 1555 2000 qui
1570 1926 1661 2005 capi-

389 2020 437 2073 175
451 2002 534 2064 tales
556 2003 666 2065 hostes
688 2002 839 2064 dirimere
860 2008 1042 2064 conantur:
1069 2004 1251 2065 cuiusmodi
1275 2011 1442 2066 certamen
1466 2012 1545 2067 erat
1570 2008 1663 2070 inter

450 2087 626 2147 Hectorem
649 2092 684 2147 et
707 2084 878 2159 Achillem,
901 2105 984 2165 quos
1008 2086 1080 2148 sola
1102 2105 1191 2147 mors
1219 2087 1370 2149 dirimere
1398 2089 1521 2167 potuit.
1568 2090 1660 2153 Nam

450 2169 586 2249 quidam
600 2170 645 2230 sic
659 2176 818 2249 pugnant,
833 2176 872 2230 vt
887 2174 1004 2249 optent
1018 2169 1260 2249 diremptorem.

492 2252 712 2314 Illustrissimi
739 2253 894 2331 principis
923 2252 1212 2314 clementissimum
1241 2273 1318 2333 erga
1342 2272 1395 2314 me
1419 2252 1574 2316 fauorem
1599 2259 1661 2336 qui

450 2337 544 2416 potui
559 2336 692 2408 nescire,
708 2337 807 2398 toties
821 2355 897 2397 eum
916 2342 1094 2416 expertus?
1137 2335 1199 2398 Sed
1220 2337 1323 2399 nihilo
1342 2338 1447 2398 secius
1466 2338 1659 2402 iucundum

389 2425 438 2474 180
449 2420 524 2492 luit,
540 2419 574 2479 id
588 2423 648 2480 tua
663 2424 733 2479 tam
748 2419 849 2480 alacri
862 2418 1094 2481 testificatione
1109 2419 1303 2481 confirmari.
1347 2419 1415 2481 Nec
1426 2427 1543 2482 tamen
1558 2425 1660 2504 exigo

450 2503 744 2565 commendationis
759 2503 909 2576 officium,
925 2503 988 2563 nisi
1007 2505 1035 2563 si
1054 2502 1187 2581 quaudo
1206 2522 1276 2564 sese
1295 2503 1466 2566 commoda
1488 2504 1660 2570 obtulerit

450 2587 691 2667 opportunitas.
734 2586 806 2648 Hoc
821 2586 956 2647 baccare
970 2605 1037 2647 non
1050 2592 1138 2647 esset
1152 2605 1243 2665 opus,
1258 2588 1321 2646 nisi
1335 2593 1388 2648 tot
1401 2594 1513 2648 essent
1527 2589 1658 2669 vbique

449 2675 604 2731 nocentes
618 2670 757 2750 linguae.
801 2669 889 2730 Illud
903 2669 1086 2730 incredibili
1101 2689 1176 2730 cum
1190 2669 1363 2749 voluptate
1380 2670 1451 2750 legi,
1466 2673 1657 2753 principem

424 2753 511 2816 ·hoc
536 2773 606 2814 esse
630 2754 751 2827 animo,
776 2759 815 2813 vt
840 2772 953 2815 omnes
982 2772 1058 2815 suos
1087 2772 1215 2814 mecum
1240 2752 1323 2814 velit
1347 2772 1417 2815 esse
1441 2756 1655 2820 coniunctos.

389 2843 436 2904 185
449 2836 622 2899 Caeterum
643 2837 732 2916 quod
753 2836 856 2909 addis,
877 2838 905 2898 si
924 2836 1086 2916 intelligat
1106 2843 1140 2897 te
1158 2856 1228 2897 esse
1247 2838 1353 2898 nostri
1367 2837 1565 2913 studiosum,
1582 2840 1657 2904 iore

450 2926 489 2982 vt
511 2919 554 2981 ad
575 2920 752 3000 pristinum
773 2919 861 2981 illius
883 2921 917 2982 in
939 2926 973 2982 te
994 2919 1143 2983 fauorem
1164 2920 1306 2983 accessio
1329 2920 1418 2983 haud
1440 2939 1547 3001 parua
1570 2922 1656 3000 fiat3

449 3004 523 3083 quis
544 3010 641 3083 neget
662 3005 793 3067 omnino
814 3004 1044 3066 candidissime
1065 3024 1135 3065 esse
1157 3004 1306 3065 dictum?
1348 3004 1482 3066 Vtinam
1504 3013 1540 3068 et
1562 3027 1654 3072 vere.

449 3087 596 3149 Eximius
611 3089 730 3166 ingenii
745 3088 796 3148 tui
809 3088 903 3150 dotes
918 3089 987 3149 dux
1001 3087 1063 3149 hoc
1077 3087 1186 3149 seculo
1197 3088 1292 3167 longe
1303 3089 1450 3150 omnium
1461 3090 1655 3154 cordatissi-

450 3191 523 3232 mus
545 3190 611 3233 non
631 3172 787 3250 perspicit
808 3171 914 3244 medo,
937 3173 1153 3232 verumetiam
1179 3172 1324 3251 suspicit,
1346 3171 1389 3232 ob
1414 3191 1496 3251 quas
1522 3179 1558 3234 ta
1582 3195 1656 3238 non

389 3273 437 3320 190
450 3255 556 3317 solum
582 3261 674 3315 amat
699 3255 801 3328 vnice,
826 3254 882 3315 sed
905 3260 1082 3316 veneratur
1104 3273 1252 3334 quoque;
1285 3254 1374 3333 quod
1396 3257 1477 3316 satis
1498 3257 1656 3323 iudicant

449 3338 538 3399 illius
552 3338 683 3398 litterae
698 3338 749 3398 tui
763 3356 862 3416 quam
877 3338 1202 3400 honorificentissime
1216 3339 1417 3400 mentionem
1432 3338 1605 3404 iacientes.

491 3421 616 3483 Simoni
635 3421 777 3482 Pistorio
796 3420 937 3500 collegae
957 3427 1026 3495 tuo,
1045 3423 1159 3500 tuique
1180 3420 1354 3495 simillimo,
1369 3441 1491 3500 quaeso
1509 3430 1551 3484 vt
1568 3427 1656 3488 meis

450 3505 558 3565 verbis
573 3503 714 3565 salutem
730 3505 829 3576 dicas,
844 3511 879 3564 et
894 3506 1026 3583 quidem
1045 3504 1086 3566 de
1105 3511 1187 3567 uota
1206 3504 1347 3566 meliore.
1390 3504 1450 3567 Cui
1469 3525 1559 3568 nunc
1580 3528 1654 3571 non

450 3588 565 3660 scribo,
578 3607 644 3648 nou
655 3587 744 3665 quod
754 3587 903 3666 frigidius
918 3607 1033 3662 amem,
1046 3589 1103 3650 sed
1118 3608 1220 3666 quum
1235 3607 1302 3651 non
1315 3596 1402 3650 esset
1416 3598 1655 3669 argumentum

389 3688 436 3739 195
450 3669 620 3742 scribendi,
642 3670 733 3732 nolui
754 3669 891 3749 ἐνοχλεῖν
911 3673 1171 3750 occupatissimo.
1215 3671 1410 3750 Quanquam
1432 3679 1545 3734 autem
1569 3681 1654 3739 tuae

449 3754 580 3815 litterae
594 3754 773 3834 plurimum
787 3754 943 3816 adierunt
958 3755 1077 3828 solatii,
1093 3761 1205 3816 tamen
1219 3755 1322 3816 nolim
1336 3762 1370 3817 te
1388 3756 1440 3817 vel
1460 3756 1521 3818 hoc
1541 3758 1653 3823 officio

448 3838 588 3917 graumi
631 3836 796 3898 Andream
819 3836 952 3900 Conritz
973 3858 1048 3899 mea
1070 3838 1353 3900 commendatione
1374 3839 1436 3900 tibi
1457 3839 1585 3902 iactum
1607 3862 1653 3905 ex

449 3921 554 3982 amico
579 3921 775 3994 amiciorem,
801 3940 996 4002 magnopere
1021 3927 1094 3982 tum
1119 3922 1254 4001 gaudeo,
1281 3928 1353 3983 tum
1378 3924 1518 4003 gratiam
1542 3925 1652 3988 etiam

449 4003 563 4066 habeo.

386 4104 436 4142 200
491 4088 593 4149 Porro
617 4087 749 4167 quando
774 4087 912 4149 feliciter
936 4088 1025 4150 cedit
1049 4108 1122 4150 mea
1146 4090 1180 4149 iu
1205 4089 1348 4168 petendo
1371 4089 1517 4162 audacia,
1541 4109 1650 4153 vnum

449 4171 606 4250 quiddam
620 4170 728 4233 adhuc
743 4170 802 4232 abs
820 4178 854 4232 te
873 4177 995 4251 petam,
1010 4178 1050 4233 vt
1068 4172 1149 4234 mihi
1167 4173 1288 4233 litteris
1308 4174 1375 4234 tuis
1395 4172 1564 4252 significes,
1580 4193 1651 4255 qua

451 4307 508 4355 160.
527 4304 581 4354 N.:
599 4309 696 4369 partes
707 4302 736 4354 J.
842 4307 898 4367 169.
916 4310 970 4356 vt.
985 4343 991 4356 .
1006 4306 1164 4357 :educatus
1175 4307 1238 4356 cdd.
1251 4307 1288 4356 K.
1383 4319 1439 4368 195.
1458 4307 1495 4357 K:
1513 4307 1604 4359 nolim
1615 4308 1648 4361 J.

493 4422 681 4429 --—-----

485 4489 541 4537 162.
560 4486 647 4552 Apud
658 4485 814 4549 Coloniam]
837 4487 973 4539 Erasmus
996 4489 1021 4539 is
1071 4496 1175 4547 vomat,
1198 4505 1231 4539 cx
1254 4489 1341 4540 tabas
1362 4488 1472 4540 Graecis
1491 4490 1647 4552 autoribus,

448 4553 584 4617 referring
600 4559 632 4604 to
650 4552 807 4605 Oonsilium
824 4555 971 4607 cuiusdam
987 4571 1021 4606 ee
1070 4555 1225 4614 sozomeno,
1248 4556 1357 4607 somate
1378 4563 1403 4606 et
1427 4557 1588 4608 Theodoreus
1612 4560 1648 4611 ab

448 4619 543 4671 animo
553 4620 691 4684 cupientis
701 4636 758 4672 esse
769 4621 1019 4673 wssaltumctllo.
1070 4618 1234 4686 Epiphanio
1266 4623 1433 4674 Scholastico
1467 4625 1562 4682 vam.
1594 4642 1649 4690 pas·

448 4686 593 4751 Pontificis
626 4687 757 4751 dignitati
790 4695 815 4738 et
846 4686 1022 4740 Otrists'caes
1073 4689 1267 4740 Cassiodorum
1283 4689 1440 4741 seculorem
1454 4691 1486 4742 in
1498 4691 1648 4755 spicoma„

448 4753 804 4818 religionistrusquillitsls',
817 4753 865 4805 s.l.
878 4760 946 4806 eta.
970 4755 1022 4807 See
1072 4757 1201 4807 sauctae.
1237 4757 1354 4822 SeeEp.
1370 4772 1533 4820 1400.210n.

449 4819 503 4884 Ep.
519 4834 584 4884 1149
595 4821 701 4872 iutrod.
1108 4836 1164 4883 192.
1183 4823 1316 4884 Pistoris]
1329 4824 1379 4874 See
1391 4824 1445 4889 Ep.
1460 4837 1533 4885 1125.
1546 4836 1610 4887 27u.

484 4887 572 4947 168-9.
592 4887 720 4939 Historia
741 4887 909 4953 Tripertita]
929 4888 1022 4940 Histo-
1107 4902 1163 4951 197.
1183 4888 1326 4940 Andream
1354 4890 1479 4953 Gourits]
1507 4890 1558 4942 See
1586 4891 1644 4959 Ep.

448 4952 507 5003 ricc
520 4953 725 5006 samarticas
738 4970 822 5018 quom
839 4955 1022 5021 Tripurts'tum
1072 4969 1147 5020 2451.
1161 4959 1193 5019 76
1205 4972 1233 5005 n.
