4042 5900
504 667 565 727 aaa
828 662 1027 726 narrans
1049 663 1104 725 or
1124 660 1330 725 sumnus
1602 662 1699 738 [1531

503 824 590 899 Quid
603 826 690 885 enim
704 825 825 885 rectius
840 823 1013 903 appellem,
1029 842 1128 902 quam
1143 822 1274 883 iatum?
1304 840 1407 899 quum
1428 820 1542 899 genius
1563 839 1657 881 meus
1679 839 1700 881 a

502 907 595 969 nulla
608 928 643 968 re
657 908 760 986 magis
774 906 961 979 abhorreat,
977 913 1079 985 atque
1093 906 1176 967 adeo
1188 925 1211 967 a
1224 905 1347 967 teneris
1363 903 1580 975 abhorruerit,
1596 921 1700 981 quarn

502 991 545 1052 ab
560 991 746 1052 istiusmodi
763 989 966 1070 gladiatoriis
986 989 1259 1061 dimicationibus,
1274 989 1309 1049 in
1328 987 1448 1067 quibus
1467 986 1550 1048 illud
1565 986 1699 1060 dicitur,

502 1073 643 1153 τεθναίης
664 1073 684 1153 ἣ
706 1073 847 1134 κάκτανε.
892 1073 933 1134 In
955 1074 1038 1134 hanc
1058 1072 1212 1133 harenam
1228 1076 1453 1132 transuersum
1467 1089 1520 1131 me
1534 1071 1700 1150 protrusit

458 1180 490 1229 30
502 1157 722 1219 ineluctabilis
745 1158 921 1218 Parcarum
941 1159 1000 1217 vis.
1020 1154 1073 1216 καὶ
1089 1155 1126 1216 τὸ
1143 1161 1272 1234 στερεᾶς
1285 1153 1423 1234 ἀνάγκης
1436 1152 1581 1233 ἀκίνητον
1594 1152 1698 1231 μένος.

502 1240 661 1301 Adiiciam
685 1240 786 1301 illud:
821 1239 906 1313 Quid
932 1241 960 1301 si
983 1240 1044 1300 hoc
1067 1239 1186 1318 aliquis
1205 1239 1312 1300 voluit
1334 1238 1438 1299 densi
1481 1235 1545 1311 Qui
1565 1239 1698 1310 scimus,

502 1324 582 1403 quid
605 1324 654 1385 his
677 1323 774 1384 rebus
799 1330 877 1404 agat
902 1342 1050 1384 summus
1071 1322 1126 1383 ille
1147 1321 1316 1401 choragus,
1343 1323 1400 1400 qui
1421 1320 1585 1381 humanae
1607 1322 1700 1382 vitae

501 1407 648 1469 fabulam
674 1411 859 1487 temperat?
902 1406 987 1467 Nam
1018 1407 1088 1468 fieri
1116 1411 1228 1486 potest
1256 1412 1294 1465 vt
1319 1404 1409 1483 quod
1431 1404 1526 1465 nobis
1551 1404 1700 1483 singulas

500 1497 612 1571 partes
626 1489 927 1569 contemplantibus
942 1489 1065 1550 malum
1081 1496 1116 1550 at
1132 1488 1322 1549 indecorum
1337 1488 1478 1560 videtur,
1493 1487 1551 1560 illi,
1567 1487 1699 1549 harmo-

455 1597 487 1646 35
501 1576 589 1635 ruam
612 1575 755 1634 vniuersi
776 1575 950 1652 spectanti,
969 1580 1004 1633 et
1024 1574 1185 1653 optimum
1200 1572 1354 1633 videatur
1373 1578 1408 1632 et
1427 1570 1698 1650 pulcherrimum.

501 1657 542 1718 In
556 1657 724 1718 comoedia
737 1658 811 1735 quis
825 1676 892 1718 non
907 1656 1001 1717 malit
1014 1674 1084 1717 esse
1099 1656 1193 1716 Mitio
1204 1675 1305 1734 quam
1316 1654 1440 1734 Syrus?
1471 1654 1516 1715 Et
1526 1660 1643 1715 tamen
1653 1654 1701 1715 ad

500 1740 744 1801 totiusiabulae
753 1740 907 1800 decorum
918 1738 1095 1818 Syrusnon
1105 1738 1234 1799 infimas
1242 1739 1513 1817 partessustinet.
1543 1738 1699 1812 Proinde,

500 1823 590 1902 quod
610 1843 662 1884 me
684 1824 727 1884 ad
749 1829 845 1884 tuum
868 1821 1054 1902 exemplum
1077 1841 1184 1895 vocas,
1206 1822 1313 1882 fateor
1331 1821 1483 1899 equidem
1498 1840 1550 1881 me
1564 1821 1608 1882 ad
1624 1821 1699 1901 pul-

500 1907 694 1967 cherrimam
716 1908 853 1986 spetiem
872 1906 1026 1966 inuitari:
1057 1906 1102 1966 ad
1116 1907 1207 1966 cuius
1221 1906 1453 1966 inuitationem
1468 1922 1602 1965 menon
1623 1924 1699 1984 gra·

454 1990 605 2062 40uabor
630 2009 834 2069 componere,
860 1989 950 2068 quod
972 1988 1105 2067 quidem
1127 1988 1247 2049 licebit.
1292 1987 1356 2049 Sed
1377 1987 1457 2066 quid
1477 1988 1645 2061 iaciemus,
1670 1991 1700 2049 si

500 2072 580 2133 mihi
595 2072 690 2152 longe
704 2072 869 2134 diuersam
880 2092 1051 2151 personam
1067 2072 1224 2151 imposuit
1238 2070 1419 2151 choragus?

541 2156 603 2217 Est
617 2158 702 2217 istuc
717 2156 849 2234 quidem
864 2175 957 2216 rarae
977 2154 1147 2217 cuiusdam
1158 2160 1193 2215 et
1204 2154 1437 2215 moderationis
1452 2161 1487 2215 et
1500 2153 1700 2232 prudentiae

500 2239 598 2317 qnod,
622 2240 673 2300 vti
690 2239 813 2311 scribis,
836 2240 1003 2318 imperitos
1025 2239 1155 2300 silentio
1178 2239 1386 2310 transmittis,
1409 2237 1614 2298 doctissimos
1635 2236 1698 2298 hu-

500 2323 660 2383 manitate
675 2324 924 2400 reuerentiaque
939 2322 1122 2382 demereris.
1166 2320 1230 2383 Sed
1253 2321 1315 2382 tibi
1337 2340 1413 2382 cum
1434 2320 1622 2381 hominibus
1643 2340 1699 2382 res

453 2436 486 2487 45
499 2411 559 2479 est,
575 2405 656 2466 mihi
670 2425 744 2467 cum
756 2405 944 2467 exitialibus
953 2406 1128 2466 monstris:
1143 2406 1210 2466 imo
1219 2423 1286 2465 non
1296 2424 1370 2465 cum
1380 2403 1516 2483 singulis
1527 2406 1697 2478 monstris,

499 2489 776 2567 quemadmodum
788 2488 922 2551 Herculi
935 2489 1036 2549 inisse
1050 2495 1197 2561 nunant,
1213 2488 1271 2548 sed
1285 2507 1360 2549 cum
1379 2486 1493 2548 multis
1514 2488 1699 2548 coniuratis

498 2571 724 2652 phalangibus,
741 2580 776 2634 et
794 2575 828 2633 in
850 2573 901 2633 his
918 2570 1001 2632 nulli
1021 2573 1125 2651 magis
1142 2571 1267 2645 ledunt,
1284 2590 1384 2650 quam
1399 2571 1456 2649 qui
1470 2576 1549 2631 sunt
1563 2571 1697 2650 imperi·

499 2656 625 2717 tissimi.
670 2656 793 2717 Leones
810 2675 848 2715 aa
870 2656 1027 2716 dracones
1050 2662 1285 2716 mansuescunt
1311 2654 1432 2727 officiis,
1452 2654 1507 2713 isti
1527 2652 1698 2715 beneficiis

498 2745 743 2819 exasperantur.
789 2738 993 2818 Principibus
1016 2758 1055 2799 aa
1078 2738 1201 2819 populo
1218 2738 1433 2799 sanctimonie
1452 2755 1591 2816 persona
1606 2756 1696 2798 com·

452 2851 486 2901 50
498 2823 705 2895 mandantur,
721 2822 866 2883 clament
881 2822 1069 2895 hereticum,
1086 2822 1339 2894 schismaticum,
1350 2820 1529 2882 falsarium.
1566 2820 1696 2881 Aduer-

498 2925 553 2967 sus
568 2906 626 2967 hos
641 2907 675 2967 ni
690 2911 767 2966 ante
779 2924 882 2967 annos
898 2912 973 2966 octo
988 2906 1174 2967 strinxisset
1187 2905 1360 2978 calamum,
1376 2905 1441 2965 iam
1456 2905 1541 2966 ictus
1555 2903 1697 2967 fulmine

497 2991 619 3050 iaceret
633 2989 799 3050 Erasmus.
844 2990 989 3050 Tantum
1007 2989 1115 3050 letalis
1136 2991 1253 3050 veneni
1275 2996 1310 3050 et
1327 2990 1361 3049 in
1375 2987 1453 3049 aula
1467 2986 1592 3049 Cesaris
1608 2990 1697 3049 etin

498 3074 597 3132 sacris
606 3073 814 3134 concionibus
821 3073 1102 3152 apudimperitam
1109 3073 1355 3134 multitudinem
1363 3071 1556 3132 effuderant.
1576 3070 1697 3149 Neque

497 3157 639 3234 segniter
653 3176 728 3216 suaa
742 3162 854 3234 partes
869 3162 1006 3235 egerunt
1017 3156 1152 3234 quidam
1167 3156 1256 3237 apud
1271 3155 1472 3217 Clementem
1487 3153 1695 3217 Pontificem.

451 3269 483 3318 55
497 3237 616 3316 Itaque
640 3240 667 3299 si
689 3259 792 3318 rogas,
815 3239 895 3317 quid
916 3239 1117 3317 profecerim,
1141 3239 1335 3318 compendio
1354 3240 1481 3299 dicam:
1508 3237 1581 3298 Hoc
1603 3240 1697 3316 quod

497 3323 584 3394 viuo,
600 3323 727 3383 calamo
741 3323 915 3401 linguaque
931 3322 1044 3383 debeo.
1088 3323 1168 3384 Illos
1182 3322 1284 3383 nihilo
1294 3323 1488 3401 placatiores
1502 3320 1619 3394 habeo,
1635 3323 1697 3384 sed

496 3405 626 3478 eruditi,
642 3407 767 3483 integri,
784 3405 981 3484 candidique
996 3407 1076 3466 meis
1090 3406 1248 3485 apologiis
1257 3413 1430 3467 armantur
1440 3405 1599 3465 aduersus
1608 3407 1695 3466 eius·

496 3489 586 3549 modi
597 3494 753 3562 monstra,
765 3509 806 3549 ne
818 3496 980 3567 quantum
992 3489 1056 3549 illis
1067 3489 1157 3562 libet,
1170 3490 1368 3551 tantundem
1379 3496 1414 3550 et
1425 3488 1530 3549 liceat.
1562 3487 1695 3550 Postre-

496 3589 604 3715 mo,la
632 3572 747 3633 funere
776 3592 878 3651 quum
908 3575 973 3633 iam
1004 3573 1129 3634 tacebit
1158 3573 1325 3646 Erasmus,
1350 3574 1489 3634 fortasse
1514 3571 1697 3650 loquentur

449 3673 558 3734 coapo
572 3674 672 3733 ogiae.

538 3737 588 3798 Tu
597 3744 826 3817 praeterquam
836 3739 925 3817 quod
935 3740 969 3799 in
978 3738 1150 3818 magnifico
1159 3739 1388 3820 plausibiliqua
1398 3758 1532 3800 munere
1541 3740 1694 3813 versaris,

494 3823 634 3900 propriis
655 3823 756 3883 etiam
779 3824 988 3896 ornamentis,
1009 3822 1183 3885 excellenti
1201 3823 1360 3896 doctrina,
1376 3824 1532 3884 comitate
1550 3841 1693 3896 morum,

495 3904 651 3983 singulari
665 3905 850 3984 prudentia,
866 3926 925 3966 ceu
939 3906 1066 3985 fulgore
1081 3906 1234 3980 radianti,
1250 3907 1344 3968 facila
1360 3906 1534 3967 submoues
1549 3905 1695 3966 tenebri-

494 4006 595 4048 onum
610 3989 865 4067 improbitatem.
899 3989 970 4049 Iam
983 3989 1099 4068 siquid
1115 3991 1274 4050 intervos
1290 3992 1394 4051 oritur
1408 3989 1541 4061 dissidii,
1557 3994 1694 4049 tantum

447 4088 480 4147 65
494 4070 534 4132 da
555 4072 675 4150 ingenii
688 4072 919 4150 praecellentia
938 4075 1140 4134 concertatio
1157 4081 1209 4134 est
1227 4080 1265 4134 vt
1283 4075 1341 4134 hec
1362 4073 1424 4151 ἔρις
1444 4074 1540 4133 iuxta
1559 4079 1692 4133 senten-

493 4155 576 4215 tiam
594 4155 729 4216 Hesiodi
750 4175 820 4216 non·
835 4175 950 4234 parum
965 4157 1067 4217 etiam
1079 4156 1235 4217 vtilitatis
1250 4158 1380 4218 adierat
1395 4156 1521 4229 studiis,
1536 4154 1636 4216 modo
1649 4175 1693 4216 ne

492 4243 589 4298 exeat
603 4238 638 4299 in
653 4238 785 4300 rabiem.
817 4239 898 4299 Mihi
912 4259 986 4300 aum
997 4241 1135 4300 morosis
1151 4259 1188 4300 ac
1203 4241 1380 4300 cerebrosis
1395 4260 1446 4300 res
1460 4245 1520 4312 est,
1535 4259 1556 4299 a
1570 4239 1693 4317 quibus

526 4355 568 4405 28.
586 4355 690 4405 dicitur
701 4354 765 4406 MS.
778 4373 784 4406 ε
806 4356 860 4406 dici
869 4355 984 4407 videtur
991 4356 1023 4406 J.
1091 4361 1133 4423 46.
1152 4358 1240 4407 inisse
1252 4365 1370 4408 narrant
1381 4357 1445 4407 add.
1457 4357 1488 4406 J.
1536 4346 1539 4353 ’
1556 4358 1598 4420 48.
1617 4363 1647 4407 et
1658 4357 1692 4409 J.

492 4434 534 4483 51.
552 4421 607 4472 nisi
618 4421 648 4472 J.
735 4435 775 4487 54.
794 4423 913 4487 quidam
924 4423 988 4474 odd.
1000 4423 1031 4473 J.
1118 4427 1160 4486 56.
1178 4423 1294 4489 ipsosJ.
1382 4439 1423 4487 59.
1442 4425 1564 4474 tortasse
1574 4422 1638 4473 odd.
1651 4425 1692 4476 K.

491 4491 569 4550 65-6.
587 4488 706 4540 Hesiodi
716 4491 888 4540 sententiam
899 4489 929 4540 J.
998 4494 1041 4554 67.
1059 4497 1089 4541 et
1100 4490 1130 4542 J.

525 4635 567 4682 29.
583 4619 708 4685 τεθναίης]
720 4621 805 4672 Hom.
818 4622 854 4673 Il.
867 4626 893 4673 6.
908 4626 964 4687 164.
1116 4624 1251 4687 dopmntc.
1286 4623 1354 4674 This
1365 4624 1507 4674 intention
1519 4624 1554 4673 he
1562 4629 1617 4688 put
1629 4625 1693 4676 into

524 4701 566 4750 30.
585 4687 669 4739 καὶτὸ
681 4688 794 4752 στερεᾶς]
806 4687 849 4740 cl.
862 4689 950 4752 Δάας.
965 4704 1038 4754 1241.
1116 4692 1200 4741 effect
1223 4692 1252 4740 in
1275 4692 1325 4741 tha
1345 4692 1386 4741 Dc
1409 4691 1491 4741 libero
1511 4691 1643 4750 Arbitrio,
1661 4693 1693 4742 oi

525 4758 567 4816 36.
585 4754 874 4816 Mitiofflee'rerenca,
882 4757 950 4815 aaa
963 4757 999 4806 ai.
1010 4758 1064 4823 Ep.
1116 4758 1208 4808 which
1226 4759 1276 4808 the
1294 4759 1357 4808 first
1376 4758 1455 4808 dreit
1475 4773 1533 4808 was
1552 4758 1640 4822 ready
1660 4760 1692 4810 in

493 4834 567 4885 1451.
579 4823 621 4872 86.
1115 4825 1183 4875 Feb.
1204 4838 1284 4889 1524;
1302 4840 1349 4874 sea
1366 4825 1441 4889 Epp.
1461 4826 1535 4888 1386.
1553 4839 1596 4884 21,
1614 4839 1691 4890 1397.

524 4899 566 4950 51.
585 4894 653 4939 ante
670 4904 760 4939 annos
777 4889 853 4950 octo]
871 4889 907 4939 In
924 4890 978 4955 Ep.
999 4892 1063 4954 1385
1117 4892 1352 4956 15,1419introd.

491 4952 518 5017 (4
531 4953 609 5019 Sept.
624 4957 699 5018 1523)
712 4956 847 5006 Erasmus
862 4957 966 5020 speaks
978 4958 1008 5007 oi
1021 4958 1064 5007 his
1147 4960 1190 5008 66.
1208 4959 1336 5021 Hesiodi]
1348 4958 1422 5021 Erpa
1436 4972 1525 5021 11·²3·

489 5021 632 5071 intention
649 5028 681 5073 to
697 5023 777 5073 write
793 5023 906 5088 against
922 5024 973 5074 the
988 5040 1065 5075 nouo
