4042 5900
759 675 958 742 LETTERS
980 676 1036 740 OT
1057 676 1263 742 ERASMUS
1543 682 1639 761 [1530

740 868 840 932 2³96.
887 864 993 931 Facu
1009 865 1197 932 N1cnonss
1213 864 1328 933 Onus.

469 994 643 1066 Esterhszy
655 993 720 1049 MS.
734 1012 765 1066 p.
779 1010 827 1064 93.
1368 996 1548 1070 Augsburg.

469 1069 534 1125 OE.
549 1085 596 1136 90.
1310 1086 1345 1139 13
1359 1070 1498 1126 October
1513 1088 1600 1144 1530.

431 1188 537 1317 Difffle
552 1189 621 1240 dete
638 1189 662 1239 is
678 1188 831 1240 confirmed
848 1188 949 1253 bytho
966 1202 1100 1253 presence
1117 1188 1148 1238 oi
1165 1187 1237 1239 Olsb
1254 1193 1288 1239 st
1305 1190 1457 1257 Augsburg
1468 1190 1636 1260 duringthc

469 1271 484 1306 e
501 1294 507 1305 .

758 1354 804 1398 AD
826 1352 988 1398 unssm
1009 1353 1297 1399 sumnonem.

474 1463 553 1524 Nou
575 1482 648 1524 sum
668 1462 789 1523 dubius
809 1463 888 1542 quin
907 1462 1050 1523 sudieris
1068 1481 1142 1523 eam
1161 1463 1392 1525 crudelitatem
1406 1483 1510 1543 quam
1526 1465 1634 1529 Mech-

432 1546 624 1608 methbecus
648 1546 765 1619 Turcs‚
791 1546 977 1625 praefectus
1002 1547 1086 1607 arcis
1111 1546 1256 1620 Taurini,
1282 1566 1383 1626 quem
1409 1550 1635 1628 superioribus

433 1632 528 1692 annis
544 1648 618 1691 cum
633 1631 778 1690 maxima
792 1628 1050 1690 Christianitatis
1064 1629 1157 1691 clede
1171 1632 1395 1705 amiseramus,
1407 1631 1528 1694 diebus
1542 1653 1634 1713 prae-

433 1715 541 1775 teritis
560 1714 595 1773 in
610 1713 782 1791 Hungaria
799 1714 1008 1773 commiserit.
1053 1712 1087 1773 Is
1106 1715 1193 1774 enim
1212 1733 1287 1775 cum
1301 1714 1414 1776 decem
1429 1714 1485 1777 vel
1505 1718 1635 1779 circiter

404 1797 579 1873 5millibus
601 1796 782 1857 Turcarum
800 1802 870 1856 tam
890 1796 986 1856 celeri
1006 1797 1123 1858 itinere
1145 1817 1186 1858 ex
1207 1797 1352 1859 Taurino
1370 1817 1410 1860 eo
1427 1798 1486 1860 vbi
1506 1800 1634 1864 cladem

433 1887 468 1943 et
486 1880 643 1961 praedam
661 1880 728 1959 egit
746 1879 933 1958 peruenisse
951 1879 1074 1940 dicitur
1093 1887 1132 1941 vt
1153 1882 1241 1941 intra
1262 1882 1440 1961 septimum
1460 1883 1551 1945 diem
1573 1884 1634 1947 hoc

432 1966 567 2037 itineris,
593 1962 683 2042 quod
708 1968 759 2023 est
782 1962 871 2023 vltra
896 1964 1137 2042 quinquaginta
1162 1964 1303 2025 miliaria
1327 1965 1531 2045 Hungarica,
1557 1987 1632 2030 con·

431 2048 555 2121 iecerit,
573 2046 703 2125 illicque
724 2064 855 2106 omnem
874 2065 947 2106 eam
968 2047 1059 2125 regni
1080 2053 1208 2125 partem
1229 2067 1313 2127 quae
1334 2054 1425 2110 terre
1444 2047 1595 2113 Mathise
1614 2072 1636 2113 a

431 2132 553 2192 nostris
563 2129 832 2209 appellaturigne
844 2130 1091 2208 consumpserit,
1103 2131 1191 2191 viros
1202 2137 1237 2191 et
1245 2131 1480 2207 adolescentes,
1490 2153 1632 2212 quorum

388 2238 419 2275 10
432 2220 525 2276 aetas
539 2220 613 2274 eret
630 2213 797 2274 robustior
811 2219 846 2273 et
861 2214 1033 2291 vigentior,
1050 2213 1139 2273 vltra
1153 2214 1339 2292 quindecim
1357 2215 1449 2277 milia
1463 2223 1586 2298 captos
1600 2220 1633 2280 in

432 2298 584 2359 Turciam
600 2297 758 2376 premisit.
803 2296 933 2356 Dicitur
948 2297 1108 2357 stationes
1124 2303 1191 2357 tres
1207 2296 1360 2360 habuisse
1380 2300 1415 2360 in
1429 2300 1631 2379 quibusdem

432 2382 524 2461 pagis
538 2380 646 2441 Alexii
661 2380 830 2440 Turzonis.
868 2378 931 2452 Qui
946 2399 1020 2440 cum
1036 2385 1113 2459 post
1127 2380 1309 2442 Turcarum
1325 2382 1509 2444 abitionem
1524 2385 1630 2448 visen·

431 2464 493 2525 dae
508 2463 714 2525 crudelitatis
730 2463 860 2524 illorum
875 2464 984 2541 gracia
999 2465 1165 2537 exiuisset,
1181 2470 1216 2524 et
1230 2464 1273 2525 ed
1288 2464 1428 2527 alteram
1444 2467 1632 2531 stacionum

431 2548 563 2609 illorum
598 2548 751 2618 venisset,
781 2546 871 2607 vltra
900 2548 1097 2625 quingentos
1131 2547 1275 2609 infantes
1304 2549 1426 2628 partim
1461 2551 1631 2615 confectos

387 2652 418 2702 15
431 2631 549 2711 gladio,
576 2631 697 2710 partim
724 2636 831 2690 terrae
856 2629 958 2690 illisos
984 2631 1058 2691 istic
1084 2638 1234 2692 mortuos
1259 2634 1425 2711 reperisse,
1447 2652 1490 2693 cx
1512 2635 1632 2714 quibus

432 2714 681 2793 quinquaginta,
692 2713 864 2775 trahentes
879 2713 986 2774 adhuc
1001 2733 1075 2793 egre
1091 2716 1253 2793 spiritum,
1269 2716 1434 2795 delegisse,
1449 2722 1485 2778 et
1500 2717 1631 2781 duobus

431 2798 590 2870 curribus,
621 2803 660 2857 vt
693 2798 841 2859 reuocari
874 2798 909 2858 in
941 2798 1118 2858 sanitatem
1148 2798 1260 2878 aliqua
1288 2818 1368 2860 cura
1395 2807 1545 2880 possent,
1588 2802 1631 2865 sd

431 2888 578 2942 cestrum
602 2900 697 2941 suum
722 2879 877 2961 Sempthc
902 2882 1028 2941 misisse
1054 2881 1184 2955 dicitur,
1207 2884 1331 2962 pietate
1353 2902 1430 2964 erga
1451 2885 1630 2947 semiuiuos

431 2966 585 3038 infantes,
600 2972 635 3026 et
650 2965 845 3026 crudelitate
859 2972 1029 3044 permotus
1044 2965 1235 3026 Turcarum.

385 3071 419 3107 20
474 3049 565 3122 Vide,
592 3050 637 3110 mi
659 3049 805 3122 Erasme,
828 3068 928 3127 quam
951 3050 1045 3127 graui
1068 3048 1273 3110 Christianus
1294 3051 1436 3130 populus
1457 3061 1630 3131 premetur

431 3133 618 3211 tyrannide,
641 3138 676 3192 et
699 3132 879 3211 Hungaria‚
906 3152 990 3211 quae
1015 3132 1093 3192 olim
1117 3133 1244 3211 magnis
1273 3133 1412 3195 florebat
1440 3136 1629 3217 triumphis,

431 3236 551 3295 magna
566 3217 690 3276 virtute
705 3235 743 3275 ac
758 3215 941 3276 illustribus
956 3235 1089 3276 suorum
1102 3215 1298 3295 splendebat
1308 3218 1519 3292 facinoribus,
1529 3240 1630 3300 quam

431 3319 585 3378 megnam
606 3318 693 3359 nunc
713 3301 864 3377 paciatur
884 3300 1089 3372 seruitutem,
1108 3306 1147 3359 vt
1165 3319 1224 3360 nec
1246 3300 1315 3361 dies
1337 3319 1396 3361 nec
1415 3309 1533 3364 noctes
1553 3311 1630 3367 tute

432 3384 476 3443 sit
490 3383 533 3443 ab
549 3383 693 3443 hostium
709 3381 783 3442 fidei
798 3382 1038 3461 direptionibus
1053 3389 1088 3443 et
1102 3384 1235 3461 rapinis.

385 3485 417 3535 ²5
473 3466 553 3527 Vale
567 3486 608 3527 ex
623 3466 774 3544 Augusta
788 3467 845 3526 xiii
859 3465 1010 3527 Octobris
1025 3482 1181 3527 mnxxx.

688 3657 787 3719 2397.
836 3654 888 3719 To
905 3654 1083 3719 Luousan
1100 3671 1146 3720 or
1162 3653 1372 3722 Gsuuhsss.

467 3781 627 3853 Epistolee
640 3781 783 3835 Floridae
795 3798 826 3852 p.
842 3794 887 3849 57.
1377 3785 1539 3859 Freiburg.

467 3857 509 3912 K.
523 3874 553 3928 p.
568 3869 621 3925 71:
641 3856 681 3910 N.
695 3873 726 3927 p.
740 3869 813 3925 997:
833 3856 931 3911 Lond.
946 3874 1019 3911 xxv.
1033 3870 1086 3927 40:
1107 3858 1172 3912 LB.
1186 3873 1267 3928 1145.
1309 3874 1343 3928 17
1356 3859 1492 3916 October
1506 3876 1591 3932 1530.

673 3975 744 4037 [The
756 3976 903 4040 year-date
914 3976 938 4026 is
949 3976 1103 4026 confirmed
1114 3977 1153 4041 by
1164 3978 1214 4028 the
1226 3979 1379 4039 contente]

570 4099 723 4143 umsuvs
745 4100 819 4144 ROT.
843 4100 1027 4145 LEONARDO
1049 4101 1217 4146 OFFICIALI
1239 4103 1430 4149 BESONTINO
1452 4103 1479 4149 S.

472 4192 660 4264 horrore,
670 4211 860 4270 quanquam
871 4212 891 4254 e
902 4193 1070 4254 nonnullis
1080 4195 1223 4256 inuidiae
1235 4214 1333 4256 causa
1344 4195 1456 4258 rhetor
1467 4197 1629 4277 appellor,

429 4276 618 4354 consumpsi
639 4274 763 4337 colores
784 4278 909 4337 omneis
930 4278 1135 4339 excusandae
1156 4280 1418 4358 importunitatis
1443 4299 1547 4354 meae,
1569 4285 1629 4362 qui

463 4427 539 4477 2396.
559 4426 893 4488 1-2.Mech1nethbecus]
922 4428 999 4479 Meh·
1084 4445 1109 4480 2.
1128 4430 1255 4491 Taurini]
1267 4430 1414 4495 Belgrade.

429 4494 495 4544 med
503 4493 564 4558 Beg
575 4491 999 4558 †154⁸⁸⁸G⁰V0¹'110¹”0f1311d⁸t
1084 4510 1108 4559 7.
1127 4497 1257 4558 miliaria]
1275 4498 1335 4547 The
1347 4498 1440 4548 oldest
1450 4513 1519 4564 msp
1530 4498 1562 4550 in
1574 4500 1629 4552 the

430 4576 477 4611 sec
499 4560 643 4611 Saertmi’s
669 4561 760 4624 Epist.
785 4561 818 4611 dc
840 4561 1000 4613 Perdica'onc
1050 4563 1218 4628 Hungarien
1235 4564 1345 4615 Record
1363 4564 1449 4615 office
1464 4564 1558 4616 shows
1574 4567 1628 4619 che

430 4627 517 4691 Regni
544 4627 748 4690 Hunqorcrum,
774 4643 824 4693 pp.
848 4631 906 4686 268,
930 4643 997 4693 2933
1049 4630 1568 4695 Hungarisnmileas11‚13ometres.

429 4694 547 4752 Brutus,
567 4694 764 4757 anan'camm
776 4695 877 4746 Rerum
889 4696 948 4746 bib.
964 4697 997 4746 ii.
1082 4699 1107 4747 8.
1126 4703 1202 4747 terra
1224 4698 1360 4760 Mathiae]
1384 4699 1520 4763 Methym
1541 4699 1626 4752 Kiss-

430 4761 480 4823 389
492 4776 550 4826 seq.
564 4761 647 4820 (both
658 4761 688 4810 in
699 4761 777 4811 Mon.
791 4761 883 4825 Hesp.
894 4763 996 4823 Hiran
1048 4763 1134 4821 rblve,
1147 4765 1176 4812 in
1189 4764 1259 4814 NW.
1273 4765 1421 4830 Hungary‚
1434 4765 1538 4816 named
1550 4766 1628 4818 irem

431 4826 551 4878 Turkiclt
564 4827 655 4891 Hunq.
671 4827 744 4878 Hist.
758 4828 882 4887 Records,
897 4830 925 4879 ii.
940 4831 997 4888 189,
1048 4845 1067 4878 a
1077 4831 1148 4879 xivc.
1162 4830 1332 4891 landowner,
1344 4832 1417 4882 esar
1429 4832 1515 4883 Mete.

430 4906 495 4957 372;
533 4893 678 4953 Hammer,
715 4893 805 4945 Gesch.
842 4896 889 4946 des
924 4895 996 4947 Ocm.
1084 4911 1124 4946 12.
1142 4897 1289 4959 Turzonis]
1305 4899 1356 4949 See
1370 4899 1395 4947 u
1419 4912 1504 4962 ,1572
1516 4899 1626 4952 introd„

429 4960 549 5018 Reate.
568 4962 692 5024 parerem
719 4961 887 5019 Buchholta.
906 4962 997 5013 Gescb.
1086 4965 1126 5013 18.
1145 4964 1292 5029 Sempthe]
1318 4965 1354 5015 In
1380 4915 1430 5016 τεο
1447 4965 1577 5020 Comitat
1594 4969 1627 5020 ol

429 5027 477 5078 dor
486 5027 804 5092 Repiemngd'crdinond
814 5028 841 5087 1.
854 5030 892 5079 iv.
905 5032 997 5094 65-75.
1048 5030 1159 5096 Nyitra.
