4042 5900
430 627 493 687 111
785 623 983 686 narrares
1005 622 1061 685 01
1082 621 1287 686 sumnus
1545 625 1626 700 [1532

432 784 575 846 maxime
603 802 730 863 semper
752 782 966 844 admirationi
988 783 1055 843 fuit
1082 782 1169 844 vnde
1193 783 1266 865 ipsa
1293 780 1495 860 eloquentia
1523 799 1630 842 nomen

432 866 583 947 sumpsit.
626 865 698 927 Iam
713 884 791 926 vero
806 872 846 926 vt
862 867 940 927 isin
958 885 998 926 ea
1012 867 1157 927 maxime
1172 864 1323 937 excellat,
1339 882 1411 925 000
1430 870 1551 925 tamen
1568 864 1630 925 ideo

432 949 522 1012 solus
551 948 798 1028 amplectendus
825 955 885 1010 est.
929 947 1045 1011 Oratio
1073 950 1194 1028 quippe
1222 967 1332 1009 rerum
1362 946 1630 1027 explicandarum

279 1113 282 1118 ι
387 1056 420 1105 30
432 1052 532 1094 causa
550 1034 686 1093 inuenta
702 1037 763 1094 est.
807 1030 1026 1106 Quamobrem
1046 1033 1103 1110 qui
1120 1050 1171 1091 res
1192 1032 1280 1111 ipsas
1301 1049 1370 1091 non
1393 1030 1544 1103 discunt,
1563 1030 1631 1109 quid

433 1134 555 1196 quaeso
573 1115 680 1177 laudis
701 1135 742 1176 ex
762 1116 851 1176 inani
873 1116 1031 1176 orationis
1052 1116 1178 1175 tinnitu
1198 1115 1366 1193 m[c]ereri
1388 1113 1556 1175 valeant?
1588 1114 1631 1174 vel

433 1199 513 1279 quid
524 1198 658 1278 dignum
673 1200 868 1279 posteritate
875 1198 970 1259 edere
984 1203 1131 1276 queant?
1160 1197 1361 1259 Prudentem
1378 1197 1538 1276 Vlyasem
1552 1216 1631 1277 prae·

434 1283 547 1344 dicant
560 1289 687 1363 poetae,
703 1282 902 1343 ‘multorum
920 1300 1026 1343 010100
1043 1281 1214 1342 hominum
1228 1281 1318 1359 quod
1335 1280 1426 1342 vidit
1446 1286 1487 1341 et
1504 1280 1630 1341 vrbes’:

434 1385 478 1426 an
498 1385 564 1426 000
583 1365 698 1427 0011001
717 1364 816 1427 modo
835 1365 1013 1436 credemus,
1028 1364 1246 1425 eruditionem
1263 1383 1331 1426 non
1347 1383 1392 1424 ex
1411 1366 1516 1425 vuius
1536 1365 1631 1425 imita

388 1470 421 1521 ³⁵
434 1449 533 1523 tione,
548 1448 606 1510 aed
619 1468 660 1510 ex
675 1447 856 1509 multorum
869 1447 1008 1509 lectione
1023 1448 1154 1527 parari?

476 1531 550 1592 Iam
564 1551 643 1593 vero
657 1532 712 1593 isti
731 1531 811 1610 quid
825 1531 920 1592 dabit
933 1531 1055 1592 eruditi
1069 1550 1258 1611 cognomen,
1272 1532 1330 1609 qui
1346 1550 1411 1591 nec
1427 1529 1631 1610 Theologiarn

434 1616 548 1694 attigit
563 1634 622 1677 nec
636 1614 908 1694 iurisprudentiae
924 1634 983 1676 nec
993 1614 1173 1676 medicinae
1187 1633 1246 1676 nec
1260 1613 1497 1695 philosophiae
1511 1633 1632 1694 operam

435 1698 537 1772 dedit,
562 1717 756 1776 omnemque
778 1699 812 1758 10
836 1717 875 1759 eo
895 1704 1040 1759 aetatem
1061 1699 1237 1777 insumpsit
1258 1703 1298 1758 vt
1318 1696 1517 1759 Ciceronem
1538 1697 1631 1776 expri-

436 1787 562 1844 meret?
592 1780 656 1855 Qui
669 1781 751 1842 illud
761 1781 911 1842 fortassis
921 1787 1114 1860 assequetur
1128 1787 1168 1842 vt
1181 1779 1327 1842 Ciceroni
1341 1780 1462 1842 similis
1478 1780 1632 1851 videatur,

389 1887 423 1939 4⁰
436 1866 464 1926 si
482 1864 684 1945 superficiem
704 1870 836 1926 tantum
851 1866 999 1927 intueare
1018 1871 1054 1925 et
1070 1870 1181 1926 cutem
1198 1883 1459 1944 supremumque
1483 1864 1633 1925 orationis

436 1948 587 2011 colorem.
630 1947 751 2009 Verum
765 1949 800 2008 in
819 1948 1040 2009 membrorum
1055 1949 1299 2027 compositione,
1315 1949 1350 2008 in
1368 1966 1472 2009 carne
1493 1967 1535 2009 ac
1549 1965 1633 2008 succo

436 2031 501 2106 illo,
517 2033 574 2111 qui
588 2032 730 2092 maxime
747 2032 855 2093 nutrit
869 2032 1060 2104 oraticnem,
1075 2032 1139 2093 erit
1153 2032 1295 2092 maxime
1309 2030 1494 2093 dissimilis
1539 2029 1632 2105 Quen

437 2135 505 2177 non
530 2115 614 2176 male
635 2115 721 2176 forte
742 2116 959 2194 compararim
981 2114 1172 2176 mulieribus
1191 2115 1265 2176 istis
1286 2114 1426 2188 Italicis,
1444 2133 1536 2193 quae
1556 2115 1635 2195 pingi

436 2198 584 2277 quotidie
608 2204 833 2272 assueuerunt,
858 2217 940 2277 quas
968 2197 1152 2277 siquando
1176 2198 1268 2259 fucos
1296 2197 1491 2277 deposuisse
1520 2197 1633 2268 videm,

390 2301 424 2353 45
438 2300 590 2361 rugosam
610 2281 853 2360 deformemque
870 2282 987 2343 faciem
1001 2300 1068 2342 non
1082 2282 1151 2342 aine
1166 2300 1266 2343 causa
1283 2280 1402 2343 rideas.
1440 2281 1517 2360 Ego
1530 2286 1633 2341 autem

437 2384 533 2446 spero
552 2365 682 2425 veniam
702 2370 736 2425 te
750 2364 908 2426 daturum
927 2365 1016 2426 hisce
1035 2366 1115 2426 meis
1132 2365 1273 2443 ineptiis.
1316 2362 1489 2425 (10100101
1511 2364 1634 2424 000010

438 2447 600 2528 appellem
614 2466 698 2526 quae
706 2448 747 2510 de
762 2467 797 2509 10
812 2467 878 2510 000
888 2449 969 2509 00110
983 2447 1065 2508 mihi
1075 2448 1215 2527 cognita,
1227 2453 1263 2508 et
1277 2446 1347 2520 tali,
1359 2447 1453 2527 apud
1464 2447 1633 2508 1110010001

438 2532 627 2612 proferam?

481 2613 545 2677 Sed
559 2620 671 2676 tamen
686 2621 746 2675 tua
759 2615 865 2676 fretus
884 2614 1093 2676 humanitate
1107 2614 1237 2675 veniam
1254 2632 1322 2693 quo
1340 2611 1443 2674 volui.
1488 2613 1578 2674 Nam
1591 2631 1635 2673 me

393 2718 427 2767 50
439 2717 497 2778 per
520 2699 627 2759 iocum
649 2699 683 2759 in
704 2696 988 2759 Ciceronianomm
1009 2716 1146 2759 numero
1166 2698 1270 2778 ponis,
1292 2701 1410 2758 contra
1430 2697 1584 2777 ipsorum
1603 2715 1635 2756 ac

440 2800 546 2842 meam
566 2783 773 2842 sententiam.
818 2781 889 2842 Hoc
909 2782 996 2843 enim
1018 2781 1081 2842 tibi
1101 2787 1214 2842 sancte
1247 2780 1383 2854 affirmo,
1407 2798 1584 2859 nunquam
1601 2797 1636 2839 ne

440 2863 488 2925 illi
508 2865 640 2943 quidem
662 2865 849 2937 imitationi,
871 2883 972 2944 quem
994 2870 1033 2925 tu
1055 2883 1122 2926 non
1143 2864 1264 2926 videris
1285 2862 1485 2942 improbare,
1508 2881 1635 2943 operam

440 2968 493 3011 me
507 2948 642 3010 dedisse.
678 2946 778 3010 Ouiua
789 2947 887 3009 fidem
901 2955 992 3010 00100
1007 2967 1080 3009 1000
1094 2947 1157 3009 tibi
1166 2947 1273 3009 facere
1284 2948 1418 3027 11010111,
1431 2966 1521 3026 quae
1536 2946 1636 3009 adhuc

440 3033 530 3093 intra
544 3052 599 3093 ecs
608 3051 711 3093 00000
723 3033 882 3104 consistit,
894 3032 1013 3110 quibus
1025 3032 1161 3093 Praetor
1173 3032 1417 3093 restitutionem
1429 3032 1466 3091 in
1476 3032 1636 3111 integrum

395 3134 428 3183 ss
441 3115 598 3177 concedit.
642 3115 686 3176 Et
708 3117 773 3176 iam
794 3117 952 3195 septimus
967 3117 1076 3194 agitur
1093 3134 1209 3188 annus,
1225 3115 1323 3193 quod,
1338 3115 1533 3176 intermisso
1555 3113 1636 3175 meli·

440 3218 536 3260 crum
550 3198 719 3259 literarum
734 3199 855 3271 studio,
866 3218 997 3259 omnem
1013 3217 1146 3278 operam
1161 3198 1204 3259 ad
1219 3199 1298 3259 iuris
1312 3197 1418 3259 ciuilis
1433 3197 1637 3279 disciplinam

442 3282 576 3354 contuli,
599 3300 664 3342 non
685 3281 836 3360 equidem
856 3283 950 3343 iuxta
971 3281 1079 3361 legum
1101 3288 1294 3343 contextum
1315 3281 1508 3355 consistens,
1532 3281 1589 3342 sed
1609 3282 1638 3341 in

441 3365 626 3444 vulgarium
649 3384 917 3444 quorumcunque
942 3365 1165 3444 Interpretum
1188 3365 1424 3426 commentaria
1454 3371 1637 3444 penetrans.

441 3447 532 3522 Quae
546 3449 609 3508 etsi
623 3448 762 3509 barbare
773 3449 896 3527 scripte
910 3449 986 3522 sint,
998 3448 1042 3509 ad
1057 3468 1165 3509 rerum
1177 3453 1289 3509 tamen
1303 3447 1528 3527 cognitionem
1542 3446 1637 3527 expli·

395 3539 429 3586 60
442 3532 679 3610 actionemque,
694 3531 736 3592 de
755 3531 874 3610 quibus
895 3533 928 3591 in
943 3533 1012 3592 iure
1032 3533 1151 3611 egitur,
1167 3531 1346 3611 plurimum
1363 3550 1442 3592 aene
1457 3531 1638 3592 conferunt.

442 3615 529 3694 Ergo
554 3634 613 3675 nec
639 3620 731 3676 00100
754 3615 886 3694 quidem
909 3614 1009 3676 talem
1035 3615 1143 3675 adhue
1166 3615 1384 3676 imitationem
1412 3613 1562 3687 admisit,
1587 3633 1640 3674 nec

442 3699 543 3760 011010
554 3698 710 3770 studium,
722 3697 765 3758 ab
780 3697 836 3758 illa
847 3697 944 3760 valde
955 3698 1108 3771 alienum,
1117 3699 1183 3759 imo
1191 3697 1395 3759 contrarium
1405 3697 1639 3776 dissidensque.

443 3780 537 3855 Quod
559 3787 646 3842 certe
667 3781 816 3854 faterere,
839 3783 866 3841 si
890 3783 986 3842 scires
1007 3787 1211 3861 quantopere
1236 3780 1438 3842 Ciceroniani
1463 3781 1529 3841 τών
1553 3805 1639 3858 copo

443 3864 548 3943 σόῴων
562 3864 696 3926 Scholas
710 3864 762 3925 hic
777 3867 932 3926 vitarent.
975 3864 1164 3943 Antequam
1179 3884 1259 3925 vero
1276 3864 1352 3924 huie
1367 3863 1563 3943 disciplinae
1577 3865 1640 3924 ani·

397 3955 431 4015 65
444 3967 534 4009 mum
558 3948 798 4028 applicuissem,
820 3947 967 4009 nondum
988 3968 1028 4009 ea
1048 3949 1159 4027 opinio
1180 3954 1297 4009 exorta
1317 3947 1358 4008 de
1379 3946 1536 4009 Cicerone
1556 3946 1640 4028 apud

444 4049 504 4092 nos
529 4038 610 4092 0101.
654 4031 700 4091 Et
722 4037 803 4092 tunc
826 4031 957 4111 quidem
981 4038 1073 4093 aetas
1097 4031 1216 4092 iudicio
1241 4050 1366 4103 carens,
1387 4030 1468 4109 quid
1495 4030 1641 4110 deligere,

445 4114 565 4194 quidue
590 4115 722 4188 imitari,
746 4121 805 4175 001
830 4116 995 4193 quomodo
1020 4114 1181 4187 deberem,
1207 4115 1364 4194 dispicere
1392 4113 1544 4174 nondum
1573 4133 1640 4193 per·

445 4197 609 4259 mittebat.
653 4197 812 4259 Attamen
835 4218 910 4259 cum
933 4198 1045 4260 Cicero
1067 4198 1134 4259 fere
1159 4200 1193 4258 in
1216 4197 1335 4258 scholis
1358 4197 1502 4278 praelegi
1528 4196 1641 4269 soleat,

444 4281 564 4342 accidit
579 4286 617 4341 vt
631 4300 671 4341 01
685 4299 725 4342 eo
738 4288 854 4343 autore
869 4281 1025 4343 discendo
1035 4283 1138 4361 magis
1152 4300 1253 4359 quam
1267 4280 1430 4341 imitando
1441 4281 1642 4359 profecerim.

399 4364 518 4433 701am
546 4384 621 4425 cum
649 4369 684 4424 01
713 4364 926 4426 Laurentium
955 4364 1084 4426 Vallam
1116 4384 1197 4444 puer
1225 4363 1396 4443 diligenter
1427 4364 1462 4424 in
1491 4364 1643 4424 manibus

445 4447 609 4520 haberem,
620 4447 664 4508 ob
675 4447 790 4509 crebra
803 4448 962 4527 exempla,
972 4466 1057 4526 quae
1070 4446 1145 4508 inde
1159 4446 1215 4507 ille
1228 4448 1324 4526 petit,
1340 4445 1494 4508 Tulliana
1505 4445 1644 4508 lectione

445 4530 552 4591 101001
577 4536 649 4591 tum
672 4550 723 4592 me
745 4529 842 4590 valde
863 4530 1065 4592 delectatum
1089 4529 1197 4591 fuisse.
1241 4530 1287 4591 Et
1308 4530 1387 4591 haec
1408 4529 1544 4608 quidem
1569 4534 1644 4591 ante

446 4613 566 4674 flexum
586 4614 770 4675 studiorum
784 4632 941 4675 meorum.
985 4613 1072 4676 Nem
1087 4613 1144 4674 vbi
1158 4613 1202 4674 ad
1219 4614 1269 4674 ius
1286 4612 1478 4675 discendum
1498 4614 1644 4674 animum

482 4793 522 4840 33.
541 4777 696 4828 multorum
709 4815 715 4827 .
729 4813 735 4827 .
750 4777 1021 4838 .vrbes]Ausonius
1070 4778 1177 4842 Digest.
1201 4778 1239 4827 iv.
1272 4792 1282 4826 1
1314 4777 1361 4837 (cf.
1393 4776 1506 4836 Girard,
1530 4777 1645 4829 11001101

447 4843 1017 4908 Ρο110111.111011.1.1;01.Ηο1.Ερ.01.
1068 4844 1238 4896 dementairc
1263 4844 1302 4895 (111
1330 4844 1402 4894 droit
1425 4844 1567 4904 rormia‘,
1596 4859 1644 4909 pp.

449 4925 539 4972 19-20.
660 4978 666 4989 ·
762 4978 810 4989 ..
1070 4912 1226 4977 1072sqq.).

483 4992 523 5041 54.
541 4979 751 5027 restitutionem
761 4993 790 5026 10
802 4978 955 5042 integrum]
967 4977 1019 5028 See
