4042 5900
386 697 482 775 2393]
773 695 829 759 ΤΟ
851 695 1069 759 NICHOLAS
1090 695 1209 759 OLAH
1542 697 1581 758 61

387 854 478 935 apud
494 873 567 916 eam
582 873 648 933 qua
662 855 750 917 inter
763 856 926 935 principes
939 855 1100 917 foeminas
1115 855 1208 917 nulla
1222 861 1274 916 est
1287 873 1393 935 neque
1410 855 1585 917 humanior

387 957 496 1017 neque
511 938 656 1000 moribus
670 938 898 1012 sanctioribus,
910 939 1124 1001 honorificum
1140 945 1251 1001 tenere
1265 939 1392 1000 locum:
1415 958 1517 1012 meae,
1527 939 1585 1018 qui

387 1028 461 1082 tam
476 1021 652 1083 candidum
667 1021 806 1083 habeam
821 1024 963 1083 amicum
978 1023 1067 1102 apud
1081 1029 1331 1103 praepotentem
1343 1022 1520 1095 dominam,
1532 1022 1585 1082 cui

388 1124 588 1185 magnopere
612 1104 711 1166 velim
739 1125 809 1167 esse
838 1107 1097 1180 commendatus,
1124 1107 1281 1185 cuiusque
1303 1107 1338 1166 in
1362 1103 1414 1166 me
1436 1105 1585 1167 fauorem
1599 1131 1632 1180 30

389 1189 534 1269 optarim
548 1207 618 1249 esse
631 1194 838 1269 perpetuum.
880 1190 933 1251 Ad
948 1189 981 1250 id
997 1196 1160 1268 quantum
1175 1190 1298 1251 habeat
1311 1190 1471 1250 momenti
1489 1189 1584 1249 bene·

389 1270 488 1334 uolus
502 1272 671 1333 conuictor
685 1273 878 1352 iampridem
895 1274 1128 1352 experimentis
1146 1279 1350 1352 compertum
1371 1271 1485 1333 habeo.
1530 1272 1585 1344 Et,

389 1357 418 1416 si
448 1374 516 1416 non
545 1356 706 1416 mentitur
737 1362 834 1417 vetus
868 1354 1067 1417 Graecorum
1096 1355 1317 1436 prouerbium,
1347 1355 1458 1417 Simile
1488 1354 1587 1416 simili

389 1439 534 1499 amicum
548 1457 629 1511 esse,
645 1458 711 1500 non
726 1439 844 1500 dubito
859 1440 940 1518 quin
955 1439 1003 1500 illi
1017 1459 1077 1519 pro
1092 1458 1221 1501 morum
1236 1445 1370 1501 tuorum
1386 1440 1586 1518 synceritate

390 1522 577 1601 ingeniique
600 1522 741 1583 candore
764 1524 808 1583 sis
830 1523 955 1602 egregie
981 1523 1108 1584 charus.
1152 1522 1220 1583 Nee
1242 1542 1295 1584 me
1315 1522 1402 1602 fugit
1423 1528 1587 1601 quantum
1601 1544 1633 1595 35

389 1606 450 1666 illa
465 1605 576 1666 valeat
589 1605 680 1684 apud
693 1625 865 1685 germanos
881 1625 957 1667 suos
967 1604 1121 1668 Carolum
1133 1604 1304 1668 Caesarem
1316 1612 1351 1667 et
1359 1624 1467 1684 regem
1476 1605 1586 1666 Ferdi-

390 1688 550 1750 nandum.
593 1687 740 1762 Quorum
757 1689 854 1751 fauor
875 1691 902 1750 si
922 1708 974 1751 me
993 1690 1166 1762 destituat,
1182 1709 1249 1751 non
1270 1690 1367 1751 video
1388 1691 1445 1767 qui
1466 1690 1588 1768 possim

390 1772 551 1833 aduersus
573 1778 626 1832 tot
643 1779 799 1852 portenta
820 1773 1005 1834 subsistere.
1050 1773 1220 1834 Hactenus
1241 1779 1329 1834 certe
1350 1774 1588 1852 praestiterunt

391 1855 548 1934 quicquid
564 1855 606 1916 ab
622 1857 857 1917 amantissimis
872 1856 1073 1936 principibus
1088 1862 1261 1936 expectare
1275 1856 1385 1918 debui.

436 1937 591 2017 Superest
619 1944 658 1998 vt
687 1937 876 2001 Gratiarum
901 1941 1055 2019 auspiciis
1080 1939 1313 2019 pulcerrimum
1337 1939 1398 2000 hoe
1422 1946 1589 2000 certamen
1602 1961 1636 2011 40

391 2024 561 2083 internos
583 2021 794 2095 decertemus,
815 2024 849 2083 in
871 2043 946 2102 quo,
969 2043 1036 2102 quo
1057 2024 1179 2085 maiore
1201 2025 1411 2085 contentione
1434 2024 1589 2094 nitamur,

392 2106 455 2167 hoc
470 2106 533 2166 erit
547 2105 671 2167 firmior
686 2106 858 2167 amborum
873 2107 1028 2168 amicitia.
1072 2105 1302 2169 Sanctissimae
1317 2108 1446 2186 reginae
1467 2106 1590 2167 Mariae

391 2208 531 2269 praecor
545 2188 739 2250 felicitatem
754 2190 940 2269 plurimam.
985 2190 1073 2252 Bene
1087 2190 1171 2251 vale.

439 2273 564 2333 Datum
579 2272 669 2352 apud
684 2273 881 2353 Friburgum
897 2274 1063 2353 Brisgoiae
1078 2273 1163 2335 Non.
1180 2272 1296 2335 Octob.
1314 2287 1404 2349 1530.

634 2475 839 2566 ²³²⁹2394m,
885 2476 992 2543 Fron
1008 2477 1177 2543 Auosuw
1192 2477 1353 2543 Amrsrr.

432 2607 481 2661 De
492 2605 632 2677 puritate
644 2622 675 2676 p.
689 2608 736 2660 88.
1352 2606 1499 2676 Bourges.

432 2681 473 2735 N.
486 2698 518 2752 p.
534 2696 623 2735 1100:
645 2681 743 2736 Lond.
757 2681 853 2736 xxvii.
867 2696 921 2750 30:
942 2682 1007 2736 LB.
1025 2697 1106 2752 1143.
1292 2692 1310 2749 7
1324 2679 1458 2736 October
1473 2694 1555 2749 1530.

429 2800 518 2861 [First
536 2799 686 2865 publishad
701 2800 731 2849 in
746 2800 787 2849 De
799 2800 922 2863 puritate
939 2800 1108 2851 tabernaculi
1126 2799 1187 2860 (M),
1205 2799 1298 2859 Basle,
1314 2799 1353 2849 H.
1366 2799 1478 2849 Froben
1488 2797 1546 2849 and
1558 2798 1594 2848 N.

393 2868 574 2932 Episcopius,
586 2881 611 2915 c.
624 2866 693 2916 Feb.
708 2870 789 2930 1536;
807 2867 858 2917 the
869 2867 953 2931 delay
963 2883 1022 2917 was
1037 2867 1093 2917 due
1107 2872 1138 2917 to
1152 2867 1203 2917 the
1217 2865 1344 2916 iraedom
1359 2865 1389 2916 oi
1404 2881 1481 2916 sorno
1498 2865 1529 2916 oi
1545 2866 1595 2916 the

393 2934 576 2999 expressions
587 2933 673 2993 used;
692 2948 739 2984 see
750 2933 804 2999 Ep.
818 2935 893 2999 2468.
905 2938 998 2998 203-6.

429 3001 490 3051 Tha
512 3000 659 3065 year-date
688 3001 712 3050 is
739 3000 892 3051 conllrmed
921 3002 961 3067 hy
982 3001 1160 3067 comparison
1187 3001 1258 3051 with
1286 2999 1430 3051 Erasmus’
1453 3000 1539 3051 letter
1565 3001 1596 3051 oi

394 3070 437 3127 (c.
450 3082 483 3131 24
494 3067 514 3117 J
514 3069 586 3126 una>
598 3081 671 3130 1530,
681 3067 773 3118 which
784 3068 843 3118 this
854 3068 940 3118 letter
947 3083 1071 3119 answars
1082 3069 1112 3118 in
1123 3067 1220 3118 detail.
1246 3067 1282 3116 In
1292 3083 1311 3117 a
1321 3067 1408 3117 letter
1419 3073 1451 3117 to
1461 3067 1597 3118 Boniiace

394 3134 557 3185 Amerbach
572 3134 603 3184 oi
618 3147 650 3197 27
663 3133 726 3184 Oct.
741 3147 806 3197 1530
818 3134 912 3195 (Basia
930 3135 987 3185 MS.
1005 3135 1040 3185 G.
1058 3135 1087 3185 ii.
1108 3149 1147 3199 14.
1167 3135 1211 3198 84)
1229 3134 1333 3184 Alciati
1346 3135 1458 3184 writesz
1477 3133 1597 3197 ‘Scripsi

394 3216 489 3266 nuper
506 3201 544 3251 ad
563 3200 715 3250 Erasmum
733 3207 863 3251 nostrum
881 3201 994 3266 longiss.
1013 3201 1133 3260 litteras,
1152 3216 1226 3267 quas
1245 3201 1368 3251 Sucheto
1387 3200 1509 3250 tradidi:
1533 3200 1598 3250 ideo

395 3267 468 3318 nihil
478 3267 557 3318 aliud
568 3267 598 3317 in
610 3269 772 3332 praesentia
782 3268 820 3318 ad
831 3283 898 3318 cum
908 3269 1000 3319 habeo
1010 3284 1099 3334 quam
1105 3274 1148 3327 vt,
1161 3269 1185 3318 si
1196 3283 1263 3318 eum
1270 3268 1387 3318 visitare
1398 3273 1428 3317 te
1439 3267 1597 3332 contingat,

396 3350 479 3385 cures
490 3335 544 3384 sirn
556 3335 581 3384 ei
592 3349 680 3400 quam
691 3335 1000 3386 commendatissimus:
1018 3335 1096 3402 quod
1108 3341 1206 3386 tamen
1217 3340 1295 3385 certo
1306 3335 1364 3385 scio
1374 3350 1436 3385 esse
1445 3334 1475 3396 '.]

599 3450 758 3494 maanes
773 3450 935 3496 samsrvs
950 3451 1085 3495 BBASMO
1100 3450 1332 3496 RO'I'ERODAMO
1347 3450 1409 3495 SD.

441 3550 502 3611 Irs
516 3555 568 3611 est
582 3557 621 3611 vt
637 3551 761 3624 scribis,
779 3551 915 3613 Erasme
936 3552 1069 3631 optime,
1086 3550 1222 3613 fortuna
1244 3549 1417 3631 plerosque
1438 3569 1522 3629 quos
1543 3549 1596 3611 de·

398 3636 539 3715 primere
561 3633 702 3708 videtur,
723 3634 860 3708 attollit,
880 3642 1040 3714 aestuque
1063 3654 1123 3696 suo
1144 3635 1287 3714 agitatos
1308 3634 1417 3695 reddit
1438 3634 1597 3695 meliores.

399 3717 473 3791 Sed,
489 3723 528 3778 vt
543 3717 649 3791 video,
665 3717 804 3796 quisque
818 3737 895 3779 suos
909 3720 1056 3798 patimur
1070 3737 1201 3791 manes;
1224 3736 1284 3797 ego
1298 3717 1476 3778 militarem
1492 3718 1598 3778 auari-

399 3803 484 3863 tiam
499 3806 656 3880 expertus
676 3820 758 3874 sum,
774 3806 813 3862 tu
832 3802 1056 3863 studiosorum
1077 3800 1285 3880 quorundam
1308 3801 1490 3862 virulentas
1511 3819 1598 3861 acer·

399 3885 615 3962 bissimasque
624 3886 815 3946 inuectiuas.
842 3883 907 3946 Sed
917 3884 979 3947 hoc
990 3890 1051 3946 tua
1061 3885 1201 3947 fortasse
1215 3883 1331 3945 melior
1345 3883 1499 3956 conditio,
1511 3883 1600 3963 quod
1613 3899 1629 3948 5

401 3967 584 4029 vindictam
602 3974 640 4029 tu
661 3969 696 4028 in
717 3968 870 4029 manibus
891 3967 1013 4042 habes;
1035 3988 1096 4049 ego
1116 3968 1199 4029 nihil
1220 3967 1311 4028 aliud
1332 3968 1490 4028 aduersus
1510 3986 1600 4027 meos

400 4052 496 4132 potui
511 4070 611 4130 quam
627 4057 666 4111 vt
681 4053 785 4112 veteri
799 4051 857 4113 illo
871 4054 1015 4114 carmine
1029 4071 1082 4113 me
1097 4054 1205 4132 ipsum
1223 4051 1354 4124 solarer,
1371 4049 1427 4115 τὰς
1446 4055 1509 4110 τῶν
1527 4074 1599 4128 κρα-

401 4133 539 4195 τούντων
553 4133 687 4212 ἀμαθίας
700 4133 803 4213 φέρειν
815 4135 926 4213 χρεών.

445 4216 509 4278 Sed
519 4236 587 4297 age,
595 4217 824 4279 candidissime
832 4218 977 4293 Erasme‚
983 4219 1224 4299 perpendamus
1234 4217 1399 4297 quomodo
1410 4221 1444 4278 et
1453 4222 1492 4278 tu
1507 4223 1601 4278 tuam

403 4302 488 4362 hanc
511 4301 750 4362 Rhamnusiam
772 4303 959 4380 aequiorem
981 4303 1129 4382 experiri,
1152 4301 1205 4363 vel
1227 4293 1345 4362 saltem
1366 4301 1601 4373 transmittere,
1617 4317 1648 4352 10

403 4391 574 4462 vtcunque
599 4386 711 4463 possis.
757 4385 859 4447 Video
882 4388 969 4447 enim
995 4386 1174 4465 plurimum
1200 4392 1234 4445 te
1257 4383 1318 4445 hoc
1341 4385 1473 4445 nomine
1496 4384 1601 4456 affici;
1669 4423 1673 4431 ·

402 4467 487 4529 adeo
502 4473 541 4527 vt
556 4487 630 4528 rara
645 4469 689 4528 sit
703 4469 842 4546 epistola
857 4489 898 4529 ex
913 4469 964 4530 his
979 4488 1063 4547 quas
1078 4471 1166 4530 intra
1186 4467 1437 4548 quadriennium
1455 4466 1516 4527 hoc
1536 4466 1602 4527 edi-

438 4577 513 4627 2393.
531 4591 572 4641 34.
591 4582 707 4627 tuorum
716 4585 780 4641 post
791 4593 902 4628 mamm
909 4578 1012 4629 adad.
1070 4590 1111 4642 35.
1129 4577 1329 4643 ingeniiquea:
1348 4576 1566 4643 proqueingenii
1572 4574 1603 4624 J.

403 4648 468 4763 ἔξω
466 4643 849 4760 «1101131211111101101111111.
946 4659 987 4711 41.
1005 4644 1396 4696 nitamurannitemurK.
1486 4659 1529 4707 44.
1547 4643 1603 4693 An.

481 4725 545 4774 1530
580 4748 586 4760 .

438 4845 514 4895 239³.
533 4805 722 4910 33-4.—Simile
736 4883 742 4895 .
757 4883 762 4894 .
778 4883 783 4894 .
799 4845 871 4907 esse]
889 4846 977 4910 Adeo.
1063 4861 1088 4910 4.
1107 4851 1243 4911 expertus
1254 4843 1330 4905 sum]
1340 4843 1384 4894 cf.
1396 4842 1471 4908 Epp.
1486 4845 1552 4906 1706
1562 4843 1604 4893 in·
1625 4882 1628 4888 .

405 4925 515 5028 121194.
534 4993 559 5042 3.
576 4979 698 5044 quisque
712 5016 718 5028 .
733 5016 739 5028 .
753 5015 759 5026 .
773 4979 882 5041 manas]
896 4978 978 5043 Verg.
1030 4912 1492 5042 ιι,εξ-ἓξας1ιῖ1111214ξ1111111111]Ε111·.
1501 4977 1604 5029 Phaon.

403 5045 476 5097 Am·
488 5049 515 5096 ⁶·
527 5059 586 5110 743·
1031 5059 1091 5111 ³9³·
