4042 5900
454 594 518 655 440
782 590 980 654 narrans
1001 588 1301 654 oranssuus
1584 594 1639 671 [ιο

454 752 545 831 gorio
559 750 774 823 Nazianzeno‚
789 756 824 812 et
838 751 956 812 horum
970 748 1129 810 similibus
1142 748 1346 823 autoribus,
1357 748 1449 811 licet
1463 750 1643 829 quaedanih

455 854 550 895 versa
564 835 739 895 videantur
758 840 797 895 vt
816 840 976 914 appareat
994 834 1101 894 minus
1122 834 1253 912 negocii
1269 833 1448 895 futurum
1463 836 1497 895 ei
1511 836 1563 914 qui
1575 834 1643 895 darn

454 924 565 978 vertat
583 918 626 978 ab
643 919 770 996 integro
789 936 888 996 quam
908 918 965 995 qui
983 916 1165 995 deprauata
1183 917 1370 978 restituat.
1420 917 1481 978 An
1504 938 1566 979 uon
1581 920 1644 997 igitur

453 1000 586 1081 publico
600 1002 747 1062 omnium
763 1001 922 1062 bonorum
933 999 1046 1061 fanore
1060 999 1149 1078 digni
1163 1005 1253 1073 sunt,
1272 1001 1341 1078 qui
1360 1000 1410 1061 ad
1429 1008 1565 1063 tantam
1576 1002 1644 1062 studi

393 1102 546 1151 19001'11111
565 1103 602 1144 ac
625 1084 787 1163 religionis
804 1084 985 1165 utilitatem
1006 1088 1042 1143 et
1062 1081 1241 1143 facultates
1260 1086 1407 1145 omneis
1432 1085 1645 1164 expendunt-el

454 1186 565 1228 curam
580 1167 849 1246 vigilantiamque
870 1185 1032 1228 summam
1054 1165 1277 1245 impendunt?
1316 1166 1458 1229 Verum
1480 1169 1535 1229 hic
1554 1188 1647 1248 quoqu

452 1250 585 1311 videtur
607 1250 862 1330 haudquaquam
882 1250 1023 1312 dormire
1041 1248 1105 1309 Ate
1127 1248 1322 1323 Homerica,
1345 1269 1445 1329 quae
1466 1272 1530 1331 per
1550 1253 1647 1314 Eiidem

453 1333 577 1394 malum
597 1335 838 1395 contentiosum
859 1334 945 1393 inter
959 1332 1073 1404 Italos,
1087 1330 1198 1393 Gallos
1217 1351 1257 1392 ac
1271 1331 1483 1396 Germanos
1503 1338 1648 1397 immittere

453 1423 600 1478 conatur.
643 1418 690 1478 At
710 1423 836 1496 quanto
855 1415 1037 1477 consultius
1054 1421 1126 1477 erat
1147 1434 1207 1477 nos
1227 1416 1387 1478 inuicem
1408 1421 1548 1480 mutuis
1567 1421 1649 1481 officiis

392 1520 438 1569 195
452 1500 619 1561 adiutare:
657 1506 695 1561 vt
723 1502 780 1579 qui
808 1501 968 1579 posterior
995 1500 1050 1572 sit,
1078 1498 1288 1578 praecedenti
1321 1519 1400 1562 non
1431 1504 1596 1577 inuideat,
1614 1503 1650 1564 sed

452 1583 651 1664 applaudat:
674 1585 731 1663 qui
745 1584 842 1662 prior,
857 1584 949 1661 sequi
963 1583 1097 1645 conanti
1111 1601 1245 1642 manum
1261 1585 1441 1664 porrigat.

494 1667 566 1727 Hac
588 1668 809 1728 admonitione
830 1665 912 1727 nihil
933 1672 1006 1727 erat
1031 1684 1122 1745 opus,
1145 1666 1172 1726 si
1196 1666 1330 1727 cunctis
1355 1668 1507 1731 adesset
1528 1671 1556 1731 is
1576 1672 1652 1732 enini

451 1751 582 1822 candor,
598 1770 700 1829 eaque
714 1752 904 1829 synceritas,
919 1769 1002 1828 quae
1025 1749 1096 1809 tibi.
1139 1748 1229 1809 Nihil
1242 1750 1338 1810 enim
1355 1751 1492 1815 dubito
1507 1756 1587 1832 quin
1600 1755 1652 1815 huie

451 1833 678 1894 honestissimo
692 1834 847 1893 instituto
864 1834 908 1893 sis
926 1839 1066 1911 vtroqne
1080 1831 1233 1893 fauturus
1255 1831 1387 1912 pollice
1402 1843 1484 1909 aut,
1501 1844 1544 1899 vt
1562 1838 1653 1899 melius

388 1937 438 1973 200
451 1917 568 1989 dicam,
583 1924 656 1978 toto
674 1923 814 1997 pectore.
857 1917 967 1994 Atque
988 1915 1050 1976 hac
1065 1916 1272 1994 potissimum
1295 1915 1341 1977 de
1364 1937 1479 1981 causa
1499 1923 1606 1982 visum
1619 1929 1653 1981 el

451 2019 563 2061 curare
586 2007 625 2061 vt
649 2000 790 2061 Basilius
813 1998 866 2060 ille
892 1999 1030 2078 Magnus
1053 2000 1103 2059 tui
1123 1999 1264 2059 nominis
1286 2002 1453 2080 auspicio
1477 2005 1654 2084 prodeatis

450 2083 628 2162 publicum,
648 2084 705 2162 qui
723 2090 792 2144 tam
813 2082 998 2143 admirabili
1017 2081 1171 2142 facundia
1189 2088 1318 2143 tractas
1342 2104 1484 2148 arcana
1505 2088 1654 2150 volumina

450 2173 490 2227 vt
510 2186 576 2229 non
597 2168 761 2228 immerito
781 2166 919 2227 Latinus
939 2165 1080 2226 Basilius
1097 2163 1255 2245 appellari
1276 2170 1406 2245 possis.
1456 2171 1611 2252 Propitia
1625 2172 1656 2232 sit

450 2249 531 2310 mihi
546 2256 605 2311 tua
620 2250 789 2321 modestia,
805 2251 833 2310 si
848 2249 937 2328 quod
951 2250 1055 2309 sentio
1069 2249 1204 2309 reticere
1219 2267 1286 2309 non
1301 2250 1420 2314 valeo.

387 2352 436 2403 205
492 2334 613 2395 Verum
629 2334 707 2394 haec
717 2333 871 2394 scribenti
886 2332 966 2393 mihi
980 2331 1176 2393 recrudescit
1189 2331 1293 2405 dolor,
1305 2351 1417 2411 quem
1434 2340 1657 2416 grauissimum

449 2436 490 2477 ex
514 2416 729 2478 bibliothecae
754 2423 831 2478 tuae
859 2414 1066 2495 panolelhria
1093 2414 1219 2495 pridem
1244 2433 1488 2495 conceperam.
1539 2422 1659 2485 Poterat

449 2500 535 2561 enirn
550 2500 607 2561 illa
621 2500 664 2560 ad
684 2499 744 2561 hoc
762 2500 963 2571 institutum,
978 2498 1067 2578 quod
1084 2498 1207 2577 absque
1221 2496 1435 2563 Graecorum
1458 2505 1659 2568 voluminum

449 2584 543 2663 copia
556 2585 624 2662 geri
638 2603 704 2644 non
718 2588 838 2663 potest,
852 2601 971 2661 magno
989 2601 1059 2643 esse
1078 2581 1277 2643 adiumento.
1322 2582 1434 2647 Nunc
1457 2590 1488 2649 si
1509 2595 1575 2651 tua
1588 2590 1660 2652 forta

449 2666 648 2728 bibliotheca
662 2667 818 2727 Basiliam
833 2665 993 2727 Graecum
1008 2684 1073 2725 non
1092 2665 1203 2738 habet,
1218 2665 1315 2725 huius
1330 2667 1466 2733 saltem
1483 2676 1661 2736 accessione

386 2770 436 2807 210
449 2750 682 2828 supellectilem
705 2756 798 2810 tuam
824 2748 1003 2810 literariam
1029 2767 1194 2827 augemus.
1237 2748 1351 2827 Atque
1381 2756 1533 2817 vtinam
1564 2764 1661 2819 totum

449 2833 606 2894 Basilium
628 2833 706 2894 dare
726 2833 879 2893 licuisset.
922 2831 1038 2893 Libros
1061 2833 1147 2892 enim
1169 2850 1251 2910 quos
1272 2831 1450 2899 diuinitus
1476 2841 1615 2921 scripsit
1635 2843 1662 2901 in

448 2916 646 2978 Eunomium
662 2917 804 2978 multum
820 2916 998 2995 vestigatos
1013 2916 1156 2976 nancisei
1171 2934 1237 2976 non
1252 2916 1443 2994 quiuimus.
1495 2923 1620 2988 Precor
1632 2931 1662 2985 rt

448 3000 608 3062 Dominus
632 3001 673 3062 R.
699 3000 949 3079 amplitudinem
973 3005 1068 3060 tuam
1091 2999 1275 3061 studiorum
1302 3018 1344 3061 ac
1375 3005 1429 3064 rei
1456 3005 1662 3071 Christianae

448 3084 626 3145 commodis
641 3084 697 3144 diu
712 3090 820 3144 seruet
835 3082 1040 3144 incolumem.

386 3187 434 3236 215
491 3167 613 3228 Datum
629 3167 717 3246 apud
728 3167 922 3247 Friburgum
934 3174 1054 3227 octauo
1065 3165 1197 3227 Calend.
1214 3165 1364 3241 Martias,
1380 3168 1495 3234 Anno
1508 3176 1664 3239 aChriate

448 3257 538 3324 nato,
554 3267 737 3311 sr.u.xxx11.

718 3681 817 3742 2612.
864 3677 917 3742 Το
940 3675 1128 3743 Bomrscn
1153 3676 1371 3741 Aunssscn.

485 3814 578 3869 Basle
590 3813 654 3868 MS.
669 3815 737 3869 AN.
752 3815 813 3869 III.
830 3829 873 3881 15.
892 3826 935 3883 17.
1312 3813 1526 3890 (Freiburg.)

484 3889 520 3954 Q,
537 3893 581 3944 16,
1262 3890 1298 3942 26
1311 3887 1488 3964 February
1503 3905 1633 3970 <1532>.

480 4015 537 4076 [An
553 4016 671 4081 original
688 4016 782 4073 letter,
800 4016 961 4080 autogrsph
978 4015 1164 4079 throughout.
1199 4015 1259 4065 The
1276 4015 1430 4079 year-date
1447 4035 1528 4088 may
1547 4027 1588 4078 bo
1606 4045 1668 4080 002.

444 4082 593 4148 jecturally
613 4083 747 4148 supplied
769 4084 809 4147 by
828 4083 1007 4147 comparison
1027 4082 1097 4132 with
1120 4081 1196 4146 Epp.
1221 4085 1295 4142 2605,
1320 4084 1404 4132 2620:
1438 4086 1521 4140 both
1548 4110 1668 4161 express

445 4150 595 4215 misgiving
607 4166 638 4200 as
651 4155 682 4199 to
694 4152 743 4199 the
756 4150 919 4227 Emperor’s
931 4149 1033 4227 policp‚
1046 4149 1105 4198 and
1121 4148 1176 4226 Ep.
1190 4151 1256 4198 2620
1269 4149 1425 4227 mentions,
1438 4168 1474 4203 aa
1495 4158 1566 4210 this
1582 4162 1669 4214 letter

444 4216 521 4275 does,
534 4218 584 4267 the
595 4216 676 4282 reply
688 4224 719 4266 to
732 4217 781 4266 the
794 4217 873 4266 Parra
884 4216 1081 4280 Theolograns,
1093 4215 1244 4280 publrshed
1256 4214 1333 4280 early
1345 4231 1375 4265 m
1389 4222 1483 4282 1532]

487 4330 517 4393 S.
533 4353 565 4412 p.
602 4333 741 4393 Iacobus
756 4330 929 4393 Sadoletus
943 4332 977 4391 in
991 4332 1058 4393 suis
1072 4331 1116 4391 ad
1130 4351 1182 4392 me
1196 4329 1316 4391 litteris
1330 4333 1489 4409 queritur
1505 4359 1613 4408 raras
1627 4347 1669 4409 ab

444 4419 479 4476 te
494 4435 609 4495 meque
623 4417 735 4477 venire
755 4416 892 4477 litteras.
936 4415 994 4475 Ait
1015 4434 1050 4475 se
1071 4414 1184 4494 legisse
1204 4415 1314 4476 omnia
1332 4433 1417 4493 quae
1437 4417 1527 4484 Pius
1554 4428 1594 4490 in
1617 4450 1669 4493 me

444 4500 584 4579 scripsit.
629 4498 693 4560 Oro
708 4505 746 4560 vt
766 4500 793 4559 si
813 4499 911 4560 detur
930 4499 1148 4578 oportunitas,
1168 4516 1261 4558 cures
1280 4517 1387 4558 meam
1406 4503 1606 4579 epistolam
1626 4514 1669 4576 ad

443 4581 536 4642 illum
551 4582 786 4662 perferendam,
802 4582 900 4642 simul
914 4583 1038 4654 mittas,
1054 4582 1081 4641 si
1095 4581 1228 4660 poteris,
1243 4579 1368 4642 libellos
1383 4600 1537 4660 quorum
1555 4595 1669 4660 altem

415 4667 596 4744 srespondi
611 4667 679 4738 Pio,
695 4666 799 4726 altero
814 4664 1009 4744 Theologiae
1028 4663 1204 4726 Facultati.
1249 4664 1318 4744 Ego
1336 4666 1489 4729 venabor
1509 4682 1668 4743 occasio.

444 4767 519 4808 nem
533 4749 662 4810 eosdem
678 4749 721 4810 ad
735 4749 827 4810 illum
843 4748 1007 4823 mittendi,
1025 4749 1052 4809 si
1072 4767 1138 4828 qua
1157 4747 1244 4809 forte
1260 4748 1304 4808 ad
1322 4747 1415 4808 illum
1435 4764 1667 4829 perueniant,

753 4950 828 5001 2612.
847 4964 871 5002 1.
889 4949 948 5001 suis
961 4986 967 5000 .
981 4986 987 4999 .
1002 4947 1136 5012 .littsris]
1147 4948 1208 5001 Not
1218 4954 1330 5001 extant.
