4042 5900
270 678 370 757 2632]
581 677 702 741 FROM
725 677 902 743 VIGLIUS
923 678 1179 743 zulcfluuus
1409 678 1470 738 477

269 837 366 916 coepi
380 835 527 909 adiicere,
542 856 617 897 cum
631 856 671 897 ea
685 844 818 899 tantum
833 844 978 899 tenerem
989 858 1074 917 quae
1088 840 1123 899 in
1136 837 1262 901 Scholia
1275 838 1471 910 didicissem,

270 926 310 981 et
324 919 536 999 intelligerem
556 920 646 981 haud
663 922 712 982 ita
729 920 872 983 multum
891 922 972 983 mihi
991 923 1150 1003 temporis
1170 941 1337 1003 superesse
1352 921 1397 983 ad
1415 940 1472 982 eas
1485 944 1518 995 75

271 1002 399 1076 literas,
414 1001 533 1081 quib'us
547 1009 647 1065 antea
663 1003 796 1065 deditus
809 1024 909 1079 eram,
925 1024 992 1066 non
1008 1006 1066 1066 vni
1084 1004 1230 1068 Ciceroni
1248 1025 1308 1067 nec
1327 1003 1471 1085 plurium

272 1086 454 1148 autberum
468 1085 610 1160 lectioni,
625 1092 664 1149 vt
676 1093 754 1149 ante
767 1106 823 1149 eas
844 1088 942 1149 horas
956 1088 1142 1161 diuiseram,
1157 1108 1275 1150 vacare
1293 1089 1399 1168 potui,
1414 1086 1471 1148 sed

273 1170 390 1232 ordine
401 1170 545 1249 singulos
555 1189 702 1250 quosque
712 1171 869 1251 probatos
878 1177 914 1232 et
928 1177 1055 1233 veteres
1065 1172 1221 1233 authores
1229 1171 1469 1251 percurrebam.

274 1252 497 1328 Quamobrem
521 1272 565 1313 an
589 1273 656 1314 non
678 1256 777 1316 mirer
801 1254 869 1316 tale
890 1256 991 1316 etiam
1017 1255 1141 1333 aliquid
1164 1255 1245 1316 mihi
1269 1274 1290 1315 a
1313 1260 1347 1315 te
1370 1253 1472 1314 tribui

273 1335 373 1416 quale
391 1335 546 1416 plerique,
565 1338 630 1398 toti
648 1336 819 1399 Tullianae
836 1339 1016 1400 imitationi
1034 1339 1270 1412 incumbentes,
1288 1339 1316 1399 si
1332 1339 1420 1399 iusta
1436 1343 1471 1397 et
1485 1349 1519 1398 eo

273 1421 405 1499 integra
418 1438 519 1500 opera
533 1419 586 1481 vel
597 1421 772 1483 morientes
783 1422 925 1483 assecuti
937 1422 1072 1495 iuerint,
1082 1423 1197 1483 beatos
1211 1440 1246 1483 se
1258 1422 1472 1483 existiment?

273 1503 420 1583 Ingenue
442 1504 555 1582 itaque
583 1503 690 1565 fateor
718 1524 770 1566 me
798 1504 984 1566 Ciceronem
1012 1524 1182 1584 nunquam
1210 1506 1389 1577 imitatum,
1414 1503 1472 1565 sed

273 1585 417 1648 forsitan
441 1585 566 1665 aliquid
590 1587 668 1648 olim
693 1607 734 1649 ex
756 1607 795 1649 eo
816 1588 966 1650 didicisse
985 1589 1074 1666 quod
1095 1607 1155 1650 sua
1176 1594 1295 1668 sponte
1315 1589 1383 1649 sine
1404 1587 1472 1648 vlla

273 1669 428 1731 imitandi
441 1671 624 1731 intentione
638 1670 762 1750 aliquid
776 1671 889 1733 stilum
904 1678 1055 1733 nostrum
1069 1672 1208 1733 adiuuit.

318 1752 383 1814 Vbi
397 1772 476 1814 vero
497 1752 583 1814 Iuris
604 1754 793 1817 rudimenta
812 1761 980 1834 vtcunque
994 1756 1221 1835 percepissem,
1236 1762 1270 1816 et
1289 1756 1356 1816 iam
1371 1756 1472 1815 etiam
1485 1767 1519 1829 85

273 1835 438 1917 paulatim
468 1837 641 1898 doctorum
672 1840 907 1900 commentaria
938 1840 1122 1912 inuiserem,
1152 1839 1295 1900 offensus
1324 1837 1472 1899 nonnihil

273 1919 437 2001 impolitie
454 1920 668 1999 barbarieque
685 1941 807 1996 eorum,
822 1941 905 2001 quos
922 1927 1036 1983 tamen
1053 1922 1206 1984 videbam
1225 1941 1336 1984 rerum
1355 1940 1471 1999 cogno·

273 2003 470 2065 aoendarum
485 2022 584 2064 causa
598 2023 664 2065 non
680 2024 775 2084 posse
789 2007 922 2067 omnino
936 2007 1111 2079 contemni,
1126 2006 1213 2067 iorte
1233 2005 1314 2066 mibi
1333 2005 1473 2066 venitin

274 2091 423 2148 mentem
444 2093 483 2148 vt
501 2106 625 2148 nouum
643 2087 811 2166 quoddam
832 2088 984 2150 imitandi
1005 2109 1107 2168 genus
1126 2090 1343 2150 instituerem.
1385 2087 1473 2149 Nam

275 2189 354 2231 cum
375 2171 477 2231 etiam
493 2170 667 2251 prolixitas
689 2171 910 2253 Interpretum
929 2173 1101 2234 fastidium
1122 2179 1280 2245 moueret,
1298 2178 1335 2233 et
1355 2171 1473 2233 miram
1486 2196 1521 2243 90

275 2254 477 2315 breuitatem
500 2272 689 2333 merumque
712 2256 878 2334 quandam
906 2255 1003 2317 latini
1031 2257 1189 2317 sermonis
1215 2254 1412 2334 elegantiam
1439 2255 1474 2314 in

276 2336 843 2412 iurisconsultisanimaduerterem,
859 2359 900 2400 ex
915 2358 1057 2418 quorum
1079 2339 1170 2400 libris
1188 2338 1374 2400 Pandectae
1395 2343 1474 2399 sunt

276 2422 532 2494 consarcinatae,
548 2428 621 2481 tum
635 2440 765 2500 quoque
784 2423 818 2483 iu
832 2424 1043 2502 antiquorum
1057 2424 1292 2502 immtatorum
1306 2420 1472 2483 Constitu·

277 2503 436 2577 tionibus,
466 2505 522 2582 qui
553 2503 719 2582 σύγχρονοι
746 2506 836 2568 iuere
865 2505 1181 2578 iurisconsultorum,
1210 2512 1246 2566 et
1273 2524 1414 2583 quorum
1439 2506 1473 2566 iu

277 2586 404 2666 legibus
423 2586 564 2648 ierendis
581 2588 863 2668 concipiendisque
879 2589 1015 2650 oonsilio
1031 2596 1067 2650 et
1085 2589 1163 2650 stilo
1177 2589 1368 2660 utebantur,
1382 2588 1475 2669 coepi
1487 2614 1521 2663 ⁹5

277 2669 451 2732 consilium
466 2676 505 2730 vt
523 2689 607 2750 quae
622 2672 656 2731 in
670 2670 796 2733 Scholia
809 2672 966 2747 audirem,
982 2672 1035 2734 vel
1049 2692 1133 2751 quae
1150 2672 1288 2751 legerem
1302 2672 1475 2751 praecipue

277 2753 370 2835 apud
389 2752 594 2827 Bartholum,
609 2756 827 2836 interpretum
846 2764 1034 2818 nostrorum
1053 2755 1293 2836 Coryphaeum,
1308 2774 1348 2815 ea
1366 2756 1473 2834 quoti·

277 2837 386 2899 dianis
408 2834 748 2900 Commentationibus
770 2840 805 2899 in
827 2858 900 2900 eam
922 2840 1081 2900 orationis
1101 2839 1243 2900 formam
1264 2838 1475 2900 transferrem

278 2939 347 3001 qua
362 2925 488 2983 veteres
502 2919 575 2982 illos
589 2940 665 2983 vsos
678 2922 842 2985 videbam.
886 2923 1045 2985 Mouebat
1063 2942 1115 2984 me
1129 2923 1231 2984 etiam
1245 2922 1288 2984 ad
1306 2921 1367 2984 hoc
1381 2922 1473 2983 insti·

280 3011 395 3066 tutum
416 3004 685 3084 persequendum,
708 3007 797 3084 quod
816 3008 905 3086 ipsos
923 3007 1010 3068 idem
1031 3006 1276 3068 iurisconsultos
1297 3006 1412 3066 fecisse
1433 3024 1474 3065 ex
1492 3032 1540 3069 roo

278 3107 320 3150 eo
334 3086 536 3167 colligebam,
552 3088 640 3167 quod
654 3095 751 3150 tanta
768 3096 854 3152 esset
873 3092 907 3151 in
926 3110 1041 3151 eorum
1056 3091 1218 3170 responsis
1236 3088 1419 3168 aequalitas
1436 3093 1476 3148 vt

281 3170 386 3232 videri
400 3178 535 3251 possent
548 3191 660 3234 omnes
674 3175 708 3234 in
721 3173 836 3235 eodem
850 3173 930 3235 ludo
943 3174 1043 3248 docti,
1058 3174 1111 3234 vel
1125 3180 1164 3234 vt
1184 3179 1275 3234 totae
1291 3171 1476 3233 Pandectae

280 3254 455 3317 abeodem
476 3257 618 3335 scriptae
637 3258 759 3318 censeri
778 3264 912 3335 queant,
927 3259 955 3319 si
974 3259 1146 3319 nominum
1160 3256 1387 3336 inscriptiones
1400 3256 1475 3317 sub·

280 3338 370 3400 latae
392 3344 511 3400 essent.
555 3339 682 3418 Arguta
709 3341 811 3401 etiam
834 3340 890 3401 illa
919 3341 1065 3402 breuitas
1089 3341 1269 3418 oratioque,
1293 3346 1329 3400 et
1353 3339 1381 3399 si
1410 3357 1477 3399 non

281 3421 479 3495 redundans,
494 3422 592 3503 plena
611 3429 733 3496 tamen,
748 3424 929 3504 perspicua,
949 3426 1081 3504 propria
1099 3443 1256 3503 puraque,
1271 3422 1352 3483 mihi
1369 3422 1478 3501 legum
1493 3451 1540 3500 105

281 3505 547 3586 interpretationi
570 3508 711 3567 maxime
730 3509 903 3568 conuenire
920 3508 1104 3570 videbatur.
1148 3507 1189 3567 In
1208 3505 1323 3584 quaid
1344 3511 1477 3567 tantum

282 3589 469 3668 requiritur,
491 3596 530 3650 vt
551 3591 679 3651 ratione
700 3589 753 3651 vel
773 3590 978 3652 authoritate
999 3592 1111 3670 aliqua
1131 3589 1219 3669 legis,
1242 3588 1321 3668 quid
1342 3589 1477 3661 iustum,

282 3671 364 3752 quid
384 3691 525 3752 aequum
546 3679 581 3733 et
603 3674 734 3747 bonum,
756 3674 899 3753 quidque
920 3680 1037 3736 contra
1057 3675 1101 3735 sit
1122 3673 1305 3735 doceamus.
1348 3672 1394 3733 Et
1416 3672 1479 3732 bac
1555 3704 1565 3719 =

283 3755 416 3835 quidem
437 3757 563 3817 ratione
584 3757 788 3835 aliquamdiu
808 3776 881 3819 sum
900 3777 998 3818 vsus:
1033 3763 1081 3829 vt,
1103 3757 1205 3818 etiam
1225 3776 1302 3818 cum
1323 3756 1479 3835 priuatim

284 3838 516 3900 Institutiones
531 3839 705 3901 Iustiniani
720 3840 926 3921 perlegerem,
941 3860 1026 3919 quae
1041 3841 1084 3902 ad
1101 3839 1175 3901 illas
1189 3846 1268 3900 sunt
1284 3839 1326 3900 ab
1341 3839 1480 3899 diuersis
1495 3866 1544 3903 110

284 3922 519 4003 interpretibus
544 3929 714 3997 annotata,
744 3925 987 3986 exercitationis
1011 3925 1119 4003 gratia
1147 3923 1279 3984 breuius
1304 3923 1480 4001 puriusque

284 4007 476 4087 exprimere,
491 4010 592 4084 atque
607 4007 650 4068 ad
664 4007 970 4069 iurisconsultorum
984 4007 1100 4068 stilum
1115 4006 1291 4068 reformare
1305 4024 1449 4066 conarer.

327 4089 390 4150 Hic
412 4108 491 4151 vero
511 4088 604 4150 labor
621 4091 655 4151 in
673 4090 734 4152 hoc
756 4097 843 4152 certe
861 4091 941 4153 mihi
954 4091 1081 4171 proiuit
1098 4090 1188 4169 quod
1206 4089 1481 4151 commentatione

285 4172 481 4253 quotidiana
501 4173 615 4234 stilum
635 4181 671 4235 et
687 4174 928 4236 emendauerim
949 4175 1061 4252 aliqua
1081 4193 1122 4235 ex
1144 4179 1238 4253 parte
1257 4178 1292 4234 et
1311 4170 1480 4233 confirma·

285 4257 401 4318 nerim.
444 4256 538 4318 Vnde
552 4263 591 4317 tu
610 4257 752 4336 quidem,
766 4259 985 4320 eruditissime
1004 4258 1045 4319 D.
1061 4257 1205 4330 Erasme,
1220 4255 1482 4317 animaduertere
1497 4282 1545 4332 115

286 4347 390 4421 potes,
409 4358 509 4418 quam
529 4360 596 4401 non
617 4341 839 4403 affectauerim
860 4341 1047 4403 Tullianam
1066 4341 1222 4420 phrasim,
1239 4345 1275 4400 et
1295 4339 1383 4400 vnde
1402 4338 1482 4399 baec

286 4423 500 4503 qualisqualis
514 4424 581 4485 stili
595 4424 736 4486 facultas
750 4425 844 4486 nobis
861 4431 979 4506 parata
994 4426 1047 4485 sit.
1091 4424 1226 4485 Dudum
1245 4442 1324 4484 vero
1341 4423 1482 4502 primam

286 4507 378 4568 illam
391 4507 544 4568 imitandi
555 4509 799 4570 contentionem
814 4510 931 4580 remisi,
940 4508 1074 4587 quando
1083 4507 1235 4569 videbam
1247 4505 1391 4567 multum
1402 4504 1483 4566 mihi

287 4610 328 4652 ea
349 4610 450 4670 opera
472 4593 629 4672 temporis
654 4593 767 4672 perire,
792 4593 881 4670 quod
905 4591 1049 4671 legendis
1073 4590 1316 4671 interpretibus,
1342 4607 1483 4666 quorum

288 4694 370 4754 pene
384 4673 530 4736 infinitus
548 4682 601 4736 est
620 4695 784 4748 numerus,
802 4677 923 4737 rectius
939 4674 1151 4737 collocarem:
1182 4680 1218 4735 et
1235 4672 1369 4751 quando
1382 4673 1484 4732 etiam
1499 4699 1548 4736 ιω

288 4757 511 4837 intelligebam
528 4758 758 4820 iurisconsulto
771 4759 844 4821 icro
858 4759 1018 4820 vtendum
1031 4778 1112 4831 esse,
1127 4757 1216 4836 quod
1230 4756 1320 4817 illam
1334 4761 1484 4817 veterum

288 4842 469 4922 puritatem
491 4842 618 4903 dudum
643 4842 794 4922 explosit.
843 4842 906 4905 Sed
930 4848 1044 4904 tamen
1067 4843 1175 4902 minus
1204 4859 1256 4900 me
1281 4840 1379 4900 modo
1403 4839 1485 4900 iacti

288 4926 446 5005 poenitet,
467 4945 544 4987 cum
568 4926 699 4988 abunde
720 4945 875 5007 magnum
896 4946 937 4988 ex
957 4945 997 4986 eo
1017 4926 1164 4987 iructum
1184 4924 1375 5003 acceperim,
1396 4921 1486 5001 quod

288 5008 351 5070 tibi
372 5008 496 5070 seilicet
517 5010 607 5071 visus
628 5029 710 5083 sum,
734 5010 776 5071 ob
802 5011 1074 5090 qualemcumque
1098 5008 1293 5088 profectum,
1316 5005 1485 5068 Tullianae
1592 5084 1595 5092 Ι
