4042 5900
449 603 513 665 seo
798 604 996 667 surmus
1018 604 1074 667 or
1094 603 1299 669 nussuus
1565 608 1649 683 [1532

492 762 575 825 Tam
592 762 752 844 praeclari
765 769 879 826 antem
892 764 1021 826 innanti
1037 764 1128 827 haud
1141 770 1263 827 temere
1279 766 1438 844 cuiquam
1455 765 1651 846 inspiciendi

451 847 580 927 copiam
600 846 688 908 iecit.
732 847 773 909 Id
794 849 881 910 enim
902 848 1104 910 Francorum
1125 847 1210 929 Regi
1230 849 1386 922 destinat,
1410 849 1468 910 cui
1491 868 1602 928 nuper
1621 851 1649 909 in

389 953 439 990 200
451 929 560 991 Gallia
577 937 712 1010 gustum
731 931 894 1011 praebuit,
909 931 1054 993 donatus
1072 933 1259 1011 quingentis
1280 932 1459 993 abeodem
1480 933 1604 1005 aurcis,
1618 939 1649 992 vt

452 1012 639 1076 absolueret
658 1020 759 1093 atque
779 1013 825 1075 illi
845 1022 1060 1096 nuncuparet.
1104 1014 1223 1094 Itaque
1245 1014 1413 1076 Daedalus
1435 1014 1493 1075 ille
1508 1017 1651 1095 egregins

452 1102 545 1158 totus
566 1102 618 1158 est
638 1098 673 1157 in
694 1096 792 1158 huius
816 1099 923 1178 operis
946 1104 1120 1178 apparatu.
1163 1098 1285 1159 Audiui
1305 1104 1341 1159 et
1365 1098 1431 1159 hnc
1454 1103 1649 1159 venturum:

453 1198 529 1240 nam
547 1199 633 1241 nunc
655 1181 725 1260 agit
741 1179 895 1242 Venetiis.
938 1179 1079 1255 Quodsi
1096 1181 1164 1255 fiet,
1185 1181 1368 1243 obseruabo
1389 1182 1566 1242 hominem
1586 1180 1649 1242 dili

452 1263 650 1342 gentissime,
665 1282 732 1341 quo
745 1265 895 1344 experiar
908 1284 951 1326 an
966 1284 1019 1326 me
1033 1264 1157 1326 theatri
1170 1264 1259 1326 illius
1273 1264 1517 1344 contemplatio
1532 1262 1649 1325 Cicero

391 1368 440 1419 205
453 1346 558 1407 nianis
572 1346 778 1408 reconciliare
792 1353 902 1426 queat.
947 1346 981 1409 Si
995 1367 1062 1427 quo
1076 1367 1155 1410 vero
1171 1349 1305 1410 numine
1318 1348 1454 1410 afflatus
1468 1347 1568 1409 fuero
1582 1350 1650 1410 etsi

452 1428 532 1507 qnid
557 1428 750 1492 intellexero
774 1429 862 1510 qnod
887 1436 921 1491 te
946 1431 1029 1493 scire
1051 1434 1239 1513 (oportere)
1260 1431 1398 1512 putabo,
1423 1430 1474 1492 nil
1501 1431 1649 1510 equidem

452 1511 620 1574 lubentius
634 1513 677 1574 ad
693 1518 726 1573 te
737 1514 891 1575 scribam:
915 1514 1096 1577 dnmmodo
1110 1522 1223 1577 tamen
1237 1516 1368 1575 veniam
1382 1514 1559 1587 concedas,
1569 1514 1649 1593 quod

453 1595 496 1656 ad
511 1602 544 1656 te
561 1596 750 1658 huiusmodi
772 1598 904 1678 ineptiis
928 1605 999 1660 tam
1017 1598 1133 1660 multa.
1176 1597 1272 1672 Quod
1290 1603 1404 1659 autem
1421 1598 1517 1659 Petri
1540 1598 1649 1660 Bambi

453 1680 499 1739 sit
522 1679 563 1740 de
588 1679 775 1741 huiuamodi
800 1681 897 1742 rebus
922 1681 1088 1754 indicium,
1110 1700 1177 1743 non
1201 1682 1282 1742 satis
1305 1682 1388 1742 scire
1410 1700 1561 1761 possum
1603 1681 1648 1742 Ab

392 1786 441 1823 210
453 1761 671 1824 Ciceronianis
702 1782 781 1824 vero
809 1764 962 1825 omnibns
993 1766 1142 1845 inprimis
1171 1764 1299 1837 colitur,
1329 1765 1466 1845 ipseque
1497 1764 1648 1844 Longolio

453 1846 599 1907 curiosae
617 1846 703 1907 illius
721 1846 950 1909 aemulationis
970 1847 1091 1910 author
1109 1848 1184 1921 iuit,
1202 1848 1290 1926 quod
1307 1853 1343 1908 οι
1362 1847 1532 1927 professus
1550 1853 1601 1909 eat
1619 1849 1648 1908 in

453 1928 592 2010 epistola
606 1929 649 1990 ad
664 1929 821 1991 Ioannem
837 1930 1047 1993 Franciscum
1062 1932 1186 1993 Picum.

495 2012 583 2074 Bene
597 2013 680 2075 vale.
725 2014 856 2075 Patauii
871 2028 899 2091 5.
915 2013 1048 2077 Oalend.
1063 2014 1167 2095 April.
1184 2028 1275 2091 1532.

722 2252 821 2313 2633.
870 2246 978 2313 Fron
1000 2245 1157 2313 Ganann
1180 2247 1389 2313 Monamus

493 2358 622 2414 Breslau
634 2357 699 2413 MS.
713 2358 813 2414 Rehd.
828 2374 893 2431 254.
910 2375 974 2414 111.
1432 2357 1533 2413 Paris.

492 2435 557 2489 LB.
572 2434 654 2505 App.
669 2434 857 2504 366(0m.11.
874 2438 968 2504 1-16).
1358 2447 1395 2502 30
1407 2433 1519 2488 March
1535 2448 1616 2502 1532.

454 2534 1649 2669 [eumaem

454 2670 582 2721 received
592 2684 630 2720 no
641 2685 750 2720 answar
759 2676 791 2720 to
803 2670 858 2735 Ep.
870 2670 959 2733 2311.]

497 2759 528 2821 S.
542 2761 577 2821 P.
614 2758 803 2822 Statueram
814 2761 904 2840 apud
913 2780 966 2822 me
980 2760 1062 2821 nihil
1073 2779 1218 2839 vnqnam
1228 2759 1273 2821 ad
1282 2766 1317 2821 te
1327 2759 1478 2832 scribere,
1490 2760 1544 2821 vir
1551 2758 1649 2821 erudi·

456 2845 536 2917 tiss,
549 2843 638 2923 qnod
647 2863 774 2924 semper
782 2844 940 2906 timebam
950 2863 991 2905 ne
1001 2845 1069 2905 tuis
1078 2844 1112 2904 in
1124 2842 1236 2922 repub.
1247 2843 1391 2904 literaria
1402 2862 1478 2904 vere
1488 2844 1553 2924 piis
1564 2862 1649 2904 oecu-

456 2927 647 3009 petionibus
662 2926 817 2990 obessem.
861 2926 924 2990 Sed
938 2947 978 2990 eo
992 2947 1045 2989 me
1059 2926 1191 3008 impulit
1206 2927 1327 3007 partim
1342 2927 1528 2988 communis
1539 2926 1650 3008 patria,

456 3013 577 3092 partim
597 3013 683 3090 grati
702 3013 803 3072 animi
822 3012 985 3085 stimulus,
1004 3018 1170 3091 postremo
1190 3011 1301 3072 Iacobi
1320 3009 1497 3090 Omphalii,
1518 3010 1651 3072 hominis

428 3094 642 3167 tcandidiss„
658 3095 835 3174 instigatio
845 3097 978 3173 quicum
992 3097 1121 3175 quoties
1140 3095 1243 3156 animi
1257 3113 1357 3155 causa
1367 3093 1555 3167 deambulo,
1570 3095 1651 3155 Dens

457 3179 551 3250 bone,
566 3197 632 3257 quo
650 3197 705 3238 ore
724 3178 892 3258 praedicat
906 3178 1035 3239 Erasmi
1049 3198 1124 3257 erga
1138 3170 1307 3239 literarum
1327 3183 1492 3238 amatores
1511 3178 1651 3239 animum

458 3281 630 3341 syncerum
651 3268 686 3322 οι
709 3260 921 3322 beneuolum!
965 3261 1073 3335 Vides,
1097 3262 1233 3323 Erasme
1255 3260 1403 3332 suanias,
1420 3279 1506 3338 quae
1526 3261 1605 3322 mihi
1623 3261 1652 3320 in

458 3364 573 3406 caussa
586 3345 709 3405 fuerint
723 3350 763 3405 vt
777 3345 935 3424 pudorem
950 3344 1122 3406 obiicerem
1142 3364 1208 3405 non
1227 3344 1343 3404 habita
1362 3344 1490 3405 ratione
1509 3350 1588 3406 tuae
1606 3342 1653 3404 vel

459 3428 629 3508 dignitatis
644 3428 696 3488 vel
710 3428 911 3489 eruditionis.
956 3427 1071 3489 Habeo
1086 3429 1198 3506 itaque
1212 3427 1275 3488 tibi
1288 3429 1414 3507 gracias
1429 3446 1497 3488 vna
1517 3447 1593 3490 cum
1606 3432 1654 3487 tot

415 3528 446 3564 10
459 3511 680 3572 studiosorum
704 3510 907 3590 myriadibus
931 3530 990 3590 pro
1013 3512 1079 3572 tuis
1102 3512 1135 3572 in
1158 3511 1341 3572 excitandis
1364 3511 1654 3591 promouendisque

459 3595 561 3656 literis
576 3593 749 3674 plusquam
764 3594 934 3655 Herculeis
948 3594 1114 3655 laboribus
1129 3600 1225 3655 tanta
1242 3594 1442 3655 dexteritate
1461 3595 1656 3665 exantlatis3

459 3684 659 3758 paratusque
673 3696 746 3738 sum
760 3677 803 3738 ad
818 3697 950 3739 omnem
965 3678 1166 3739 occasionem
1180 3678 1368 3757 aduigilare,
1379 3696 1421 3739 ne
1436 3678 1516 3738 boni
1531 3697 1656 3759 precep-

461 3763 542 3822 toris
554 3762 687 3822 omnino
695 3761 802 3822 malus
813 3767 882 3834 aut,
893 3768 932 3822 vt
943 3762 1051 3822 verius
1062 3762 1179 3834 dicam,
1191 3762 1339 3841 ingratus
1354 3759 1534 3840 discipulus
1545 3762 1658 3822 merito

460 3844 564 3905 videri
577 3863 715 3922 queam;
738 3845 829 3906 cuius
844 3846 890 3905 rei
904 3846 931 3905 si
945 3844 1125 3925 periculum
1135 3845 1241 3906 iacere
1256 3844 1358 3916 lubet,
1372 3844 1505 3922 impone
1519 3843 1659 3905 humeris

417 3947 448 3995 15
461 3929 541 3989 meis
555 3946 637 3989 onus
652 3929 704 3989 cni
719 3927 852 3989 ferendo
867 3948 927 4008 par
940 3948 1010 3990 esse
1025 3947 1163 4007 possem,
1178 3935 1212 3989 et
1231 3947 1266 3989 re
1285 3929 1356 4008 ipsa
1374 3927 1557 4006 comperies
1576 3925 1660 4005 quod

460 4012 533 4073 dico
547 4030 662 4073 verum
676 4030 755 4072 esse.

502 4094 613 4155 Habes
624 4094 676 4155 hic
688 4096 721 4155 in
732 4095 866 4174 collegio
880 4094 1066 4168 sorbonico,
1077 4097 1134 4175 qui
1148 4095 1209 4156 tibi
1224 4096 1347 4174 optime
1361 4093 1490 4167 volunt,
1502 4092 1561 4154 sed
1576 4092 1662 4172 quod

461 4179 608 4239 sentiunt
622 4198 767 4239 mussare
782 4185 943 4258 cogimtnr
954 4180 1063 4240 verius
1077 4198 1176 4258 quam
1191 4178 1352 4258 prolerre:
1374 4196 1452 4238 nam
1466 4197 1507 4238 eo
1520 4195 1662 4256 quorun·

461 4262 537 4323 dam
549 4262 699 4342 tyrannis
710 4281 880 4342 progressa
890 4269 949 4323 est.
992 4262 1123 4324 Tertius
1133 4263 1199 4322 iam
1211 4281 1317 4322 annus
1327 4262 1445 4339 agitur,
1457 4280 1498 4321 ex
1509 4279 1664 4339 quocum

416 4364 449 4399 20
462 4344 633 4424 Theologis
652 4364 763 4406 versor
785 4345 1054 4424 frequentissime,
1073 4347 1226 4406 nimirum
1247 4345 1305 4423 qui
1324 4344 1512 4405 insedibus
1530 4342 1664 4405 illorum

462 4428 618 4489 habitem.
661 4427 815 4490 Gaudent
829 4429 1006 4508 plurimum
1022 4430 1079 4507 qui
1093 4429 1233 4489 nominis
1248 4429 1298 4488 tui
1312 4428 1451 4489 studiosi
1470 4433 1559 4500 sunt,
1575 4425 1665 4506 quod

462 4519 533 4574 tam
542 4510 688 4573 modeste
702 4511 907 4592 responderis
922 4511 966 4572 ad
974 4512 1271 4573 Determinationes
1281 4510 1354 4571 illas
1365 4529 1385 4570 a
1396 4510 1501 4571 Badio
1509 4529 1664 4572 excusas:

463 4595 661 4656 verebantur
685 4596 781 4668 enim,
809 4601 846 4656 vt
872 4596 1042 4656 uniuersae
1071 4595 1225 4656 facultati
1253 4601 1367 4655 notam
1396 4593 1485 4673 apud
1514 4600 1665 4673 posteros

463 4681 616 4751 inureres,
643 4678 677 4739 id
705 4679 794 4757 quod
819 4685 878 4740 tuo
902 4679 971 4739 iure
996 4679 1103 4739 lacere
1128 4679 1300 4758 potuisses.
1345 4676 1444 4738 Plura
1471 4676 1513 4737 de
1538 4676 1601 4737 hac
1631 4695 1664 4737 re

463 4833 587 4883 locutors
610 4833 639 4881 in
662 4831 806 4881 Erasmus'
831 4830 1038 4889 Ciceronianus,
1089 4829 1256 4894 longolius3
1274 4829 1386 4895 seeEp.
1399 4827 1567 4892 914introd.

463 4898 608 4964 supposed
630 4899 671 4963 by
692 4899 743 4948 the
765 4897 886 4948 Italiana
907 4904 939 4948 to
962 4898 998 4947 be
1021 4913 1039 4947 a
1123 4897 1199 4948 203³.
1217 4913 1242 4961 4.
1261 4896 1415 4961 Omphalii]
1438 4896 1490 4947 See
1509 4895 1565 4960 Ep.
1588 4909 1664 4959 2311.

464 4967 619 5016 caricature
639 4966 669 5015 oi
692 4965 809 5024 Baubo,
831 4965 870 5029 by
889 4965 985 5014 others
1008 4965 1039 5014 oi
1089 4967 1151 5028 4611.
