4042 5900
331 670 426 751 2469]
699 669 1162 734 romsousovssnas
1464 672 1525 733 222

330 830 438 890 multo
451 829 557 890 rarius
571 834 606 890 et
621 828 719 890 solito
737 829 913 902 breuiores,
928 829 1100 908 aliquanto
1114 830 1225 902 etiam,
1241 833 1280 891 vt
1298 828 1380 891 mihi
1393 830 1527 908 quidem

330 914 438 974 visum
464 917 524 985 est,
549 912 778 992 languidiores.
830 912 911 973 Mihi
935 932 1002 991 quo
1026 912 1099 974 iata
1123 913 1263 974 trahunt
1285 913 1526 993 retrahuntque

330 996 533 1074 sequendum
555 1003 615 1057 est.
668 996 776 1057 Tuum
798 996 888 1057 istud
909 997 1086 1075 ingenium,
1108 998 1289 1076 gratiarum
1313 996 1525 1070 domicilium,
1539 1023 1572 1058 20

330 1079 502 1158 indignum
517 1079 672 1158 estquod
687 1080 755 1140 vlla
769 1079 895 1140 inuidia
909 1080 1103 1141 molestiaue
1118 1081 1371 1141 contaminetur.

373 1163 425 1223 Ex
444 1163 532 1223 illius
550 1164 634 1241 nigri
653 1162 826 1242 colloquio,
846 1163 888 1224 de
907 1182 973 1243 quo
996 1170 1030 1224 te
1049 1162 1169 1224 litteris
1188 1163 1434 1236 admonueram,
1446 1162 1527 1242 quid

330 1246 473 1308 audiaris
483 1246 578 1307 facile
589 1246 712 1318 diuino,
725 1265 784 1307 nac
794 1252 908 1307 tamen
919 1245 1063 1307 arbitror
1072 1246 1147 1307 hinc
1156 1247 1332 1325 quicquam
1341 1252 1419 1307 tuae
1430 1248 1465 1308 in
1474 1266 1526 1307 me

259 1325 263 1330 ’
331 1330 579 1390 beneuolentiae
588 1330 770 1391 decessisse.
810 1328 906 1403 Quod
916 1331 944 1390 si
952 1330 1032 1408 quid
1041 1330 1082 1391 de
1091 1331 1374 1392 meointeanimo
1382 1330 1525 1403 dubitas,

330 1413 468 1474 verbulo
491 1413 658 1474 duntaxat
678 1412 833 1492 significa,
856 1432 923 1491 quo
943 1432 1060 1492 genere
1075 1414 1172 1474 officii
1185 1433 1304 1492 queam
1318 1414 1381 1474 tibi
1395 1419 1527 1493 gratum
1539 1437 1573 1486 25

330 1495 455 1568 iacere;
478 1498 541 1556 nisi
558 1496 592 1557 id
614 1515 743 1557 summa
763 1515 839 1557 cum
858 1497 1031 1558 alacritate
1045 1498 1197 1577 protinus
1211 1496 1390 1576 aggrediar,
1406 1516 1528 1558 nomen

329 1599 439 1641 meum
453 1581 541 1640 inter
555 1579 703 1641 homines
721 1580 869 1659 ingratos
889 1580 1034 1641 scribito.
1085 1579 1362 1641 Lucubrationem
1382 1579 1528 1659 aliquam

330 1665 396 1725 iam
411 1663 537 1743 pridem
552 1663 614 1724 tibi
624 1664 801 1725 dicassem:
825 1663 882 1723 sed
897 1662 958 1724 hoc
973 1664 1069 1726 officii
1082 1682 1200 1742 genere
1213 1663 1348 1741 quidam
1362 1663 1527 1725 delectan-

330 1753 396 1819 tur,
412 1747 546 1825 quidam
561 1746 785 1820 offenduntur,
800 1746 898 1824 idque
912 1765 1152 1825 nonnunquam
1171 1746 1252 1807 mihi
1268 1747 1365 1825 longe
1379 1746 1527 1808 charissi-

331 1832 394 1891 mis
422 1830 465 1891 cb
494 1830 528 1891 id
553 1849 621 1890 non
648 1835 790 1909 praesto,
814 1849 855 1890 ne
884 1830 963 1908 quid
992 1830 1057 1891 illis
1080 1830 1217 1890 conflem
1246 1830 1399 1891 inuidiae.
1442 1828 1528 1903 Quid
1541 1853 1575 1905 30

331 1913 476 1974 faciam?
519 1914 679 1974 Pecuniae
701 1914 784 1974 adeo
805 1932 873 1973 nou
894 1913 1019 1992 recipis,
1040 1917 1080 1973 vt
1098 1914 1188 1991 quod
1208 1912 1348 1974 debetur
1367 1913 1527 1986 offerenti,

331 2004 370 2058 tu
385 1997 524 2077 duplum
539 1997 666 2057 offeras.
709 1997 843 2058 Mittam
857 1996 982 2057 libros?
1024 1996 1074 2057 Ne
1094 1995 1155 2057 hoc
1175 1996 1307 2075 quidam
1327 1995 1404 2057 licet
1418 1996 1529 2076 quoad

332 2081 401 2159 agis
423 2081 520 2141 istam
544 2078 691 2141 fabulam
713 2080 888 2160 plusquam
913 2081 1099 2141 motoriam.
1142 2078 1434 2141 commendatione
1456 2099 1530 2141 mea

333 2183 401 2224 non
415 2183 497 2242 eges,
513 2163 602 2241 quod
616 2163 698 2223 mihi
712 2164 844 2241 quidem
863 2163 1102 2242 periucundum
1121 2168 1182 2235 est,
1197 2168 1233 2223 et
1252 2169 1312 2223 tuo
1326 2164 1445 2224 merito
1459 2162 1529 2224 fieri

332 2247 469 2326 gaudeo.
514 2246 582 2307 Nec
607 2246 768 2308 addubito
787 2248 868 2324 quin
893 2248 945 2307 tui
967 2265 1076 2307 mores
1098 2245 1310 2325 Caesarisque
1335 2246 1432 2307 fauor
1461 2247 1529 2307 sint
1542 2270 1574 2320 35

333 2331 511 2408 aliquando
526 2336 559 2390 te
571 2329 615 2390 ad
628 2348 791 2391 summam
806 2329 1002 2409 dignitatem
1012 2331 1210 2410 prouecturi.
1240 2328 1312 2390 Iam
1322 2330 1402 2408 quid
1411 2335 1530 2408 agatur

332 2415 367 2474 in
389 2414 475 2485 aula,
499 2432 558 2474 nec
578 2419 630 2474 est
653 2414 902 2474 secretariorum
924 2412 1073 2485 scribere,
1096 2432 1155 2473 nec
1175 2413 1239 2474 mai
1253 2412 1404 2473 candoris
1423 2433 1464 2474 ex
1478 2412 1530 2474 his

334 2497 418 2558 velle
439 2515 641 2575 cognoscere.
685 2495 841 2576 Superest
863 2498 973 2575 igitur,
998 2495 1167 2575 Alphonse
1190 2494 1387 2569 charissime,
1409 2503 1449 2557 vt
1469 2502 1530 2557 aut

333 2580 415 2642 mihi
434 2579 547 2640 credas
567 2599 619 2641 me
642 2599 681 2640 eo
706 2599 776 2640 esse
795 2581 830 2639 in
855 2586 889 2640 te
912 2580 1033 2652 animo,
1057 2598 1123 2657 quo
1144 2598 1205 2658 par
1229 2583 1281 2639 est
1303 2599 1373 2640 esse
1397 2585 1530 2658 gratum

333 2664 500 2725 hominem
515 2664 549 2723 in
564 2664 688 2742 optime
700 2664 871 2735 meritum;
894 2668 954 2723 aut
968 2668 1006 2723 tu
1021 2662 1102 2723 mihi
1116 2661 1306 2742 suppedites
1316 2664 1529 2735 occasionem,
1542 2685 1576 2735 40

334 2767 401 2826 qua
415 2748 480 2807 mei
493 2748 528 2806 in
542 2752 576 2807 te
591 2748 693 2806 animi
707 2746 889 2826 periculum
903 2745 1014 2807 iacias.

377 2831 468 2890 Haec
482 2830 597 2909 scripsi
611 2832 756 2891 incertus
770 2849 813 2890 an
828 2830 907 2890 haec
916 2829 1058 2909 epistola
1066 2830 1110 2889 sit
1118 2828 1162 2889 ad
1173 2835 1207 2889 te
1218 2833 1427 2908 peruentura.
1466 2829 1531 2890 Pro

335 2920 395 2975 tuo
417 2915 452 2975 in
471 2913 624 2975 Liuinum
645 2932 754 2975 meum
776 2913 890 2974 fauore
911 2913 1053 2993 gratiam
1076 2912 1190 2974 habeo.
1234 2912 1304 2976 Nos
1324 2918 1531 2992 apostemate

334 3004 435 3077 rupto
445 2997 634 3059 meliuscule
644 2998 801 3070 valemus,
808 2999 916 3077 gratia
925 2996 1066 3058 Christo.
1089 2996 1207 3057 Aestas
1217 2996 1312 3057 nobis
1324 2995 1388 3057 fuit
1399 2996 1529 3069 sterilis,

334 3082 452 3159 hyeme
472 3081 621 3142 nonnihil
636 3082 863 3153 abortiuimus,
877 3087 1009 3160 praeter
1023 3085 1154 3141 caetera
1167 3100 1247 3141 vero
1264 3099 1321 3141 sex
1336 3080 1438 3141 libros
1452 3099 1530 3160 apo-
1543 3101 1576 3154 45

335 3164 598 3244 phthegmatum,
614 3171 649 3225 st
663 3164 969 3226 commentariolum
980 3165 1015 3224 in
1027 3163 1191 3243 psalmum
1202 3179 1326 3224 xxxm.
1379 3164 1452 3224 Hoc
1465 3164 1532 3225 fuit

335 3268 356 3308 a
370 3247 486 3308 morbo
503 3249 664 3327 paulatim
680 3247 912 3309 reualescentis
929 3246 1146 3326 praeludium,
1163 3266 1251 3307 nunc
1271 3247 1471 3326 accingimur
1488 3245 1532 3308 ad

335 3332 496 3408 grauiora,
517 3337 651 3392 tantum
673 3338 712 3392 vt
733 3330 831 3392 liceat
851 3331 962 3392 videre
984 3329 1194 3391 Germaniam
1216 3350 1237 3390 a
1258 3329 1352 3390 bellis
1373 3331 1530 3408 quietam.

336 3414 426 3475 Bene
440 3414 523 3487 vale,
540 3416 719 3475 amicorum
734 3414 899 3476 fidissime.

378 3498 503 3558 Datum
536 3498 625 3577 apud
661 3497 857 3577 Friburgum
892 3497 1068 3576 Brisgoiae,
1105 3515 1193 3556 anno
1228 3516 1249 3557 a
1278 3495 1409 3557 Christo
1439 3502 1530 3559 nato.
1544 3517 1579 3568 50

336 3597 506 3643 numm.

681 3890 781 3950 2470.
829 3884 881 3950 To
904 3884 1005 3952 Jonn
1029 3884 1190 3953 Csonaa.

376 4015 452 4069 Vita
465 4014 588 4069 Erasini
601 4031 633 4084 p.
647 4029 693 4082 93.
1248 4016 1440 4087 (Freiburg.)

376 4089 425 4145 0¹.
440 4107 470 4160 p.
488 4093 558 4160 146:
579 4089 678 4143 Lond.
693 4106 766 4143 xxx.
782 4104 835 4143 20:
857 4090 921 4144 LB.
939 4105 1020 4144 1210.
1191 4091 1316 4157 <March
1328 4093 1382 4146 fin.
1398 4099 1497 4160 1531.)

373 4208 444 4269 [The
458 4207 526 4257 date
540 4222 608 4271 may
625 4207 661 4257 bs
678 4207 810 4272 supplied
826 4207 866 4271 by
879 4209 1058 4273 comparison
1073 4208 1143 4259 with
1157 4209 1212 4275 Ep.
1229 4213 1305 4273 2462.
1320 4210 1412 4260 which
1427 4211 1506 4274 gives
1516 4225 1535 4260 a

338 4275 444 4326 similar
456 4275 565 4338 though
577 4274 688 4324 shorter
699 4280 821 4324 account
832 4274 863 4324 oi
875 4274 1019 4326 Erasmus‘
1032 4276 1223 4340 negotiations
1234 4276 1324 4326 about
1335 4277 1380 4327 his
1391 4276 1500 4338 house]

381 4397 534 4442 asssuvs
548 4396 797 4442 aorasonsuvs
813 4397 1039 4443 osssrrssruo
1055 4398 1136 4443 v1ao
1152 4398 1184 4443 n.
1200 4398 1492 4444 10ssa1cnonaso

701 4480 906 4526 rssrrosno
921 4481 1089 4537 cvarsrsr,
1104 4481 1131 4527 s.
1146 4481 1176 4525 Ρ.

380 4573 481 4647 viss
502 4572 651 4633 Basileae
672 4591 724 4634 res
743 4573 809 4633 iam
827 4572 1019 4634 viderentur
1036 4573 1269 4648 intolerabiles,
1288 4593 1330 4635 ne
1352 4573 1481 4636 viderer
1494 4574 1535 4636 iis

339 4676 423 4736 quae
440 4657 640 4735 gerebantur
657 4657 818 4729 assentiri,
841 4656 1022 4736 demigrari
1043 4656 1261 4736 Friburgum3
1283 4656 1341 4718 sed
1363 4664 1441 4718 aute
1463 4657 1534 4718 dili

345 4770 447 4857 2469.
466 4770 507 4857 22.
525 4805 911 4871 iiliusnigri]Aleander;see
994 4821 1036 4872 43.
1054 4806 1198 4870 Liuinum]
1235 4807 1346 4873 Aigoua,
1380 4807 1445 4858 who
1477 4823 1536 4858 vas

337 4875 392 4939 Ep'
405 4875 711 5002 iissdiiiesms
961 4873 1173 5002 igliffueddrt
1189 4874 1397 4939 mmmm
1415 4888 1463 4924 Μ
1479 4875 1534 4940 Ep'

372 5009 414 5058 28.
432 5007 580 5069 diensem]
591 5007 643 5058 See
654 5006 709 5072 Ep.
721 5007 797 5070 2528.
809 5020 871 5072 3on.
