4042 5900
541 604 603 664 362
868 600 1067 662 LETTERS
1089 600 1145 663 OF
1165 599 1371 664 ERASMUS
1675 603 1747 681 [1531
1800 667 1801 676 χ

541 761 680 839 misique
689 759 733 821 ad
742 758 945 821 Ludouicum
954 758 1148 833 Castricum,
1158 779 1232 821 curn
1245 760 1465 821 intimatione
1477 779 1527 822 ne
1538 760 1610 822 has
1621 760 1751 839 cuiquun
1800 751 1801 787 ¹

542 845 733 905 committat
747 849 878 916 temere,
893 849 928 904 et
943 849 1037 905 curet
1051 844 1133 904 bene
1147 843 1293 917 dandas;
1315 842 1396 904 dum
1418 842 1563 906 videris
1585 842 1623 904 id
1642 862 1753 905 monere
1800 871 1801 951 q

512 927 623 998 smihi
637 945 703 987 non
718 933 827 1006 preter
840 946 983 988 causam.
1800 958 1801 987 i

584 1009 727 1071 Multum
750 1011 800 1071 tui
821 1010 946 1071 reditus
968 1010 1031 1071 huc
1053 1011 1123 1089 spei
1144 1009 1239 1070 nobis
1258 1010 1393 1082 dirimit,
1412 1010 1515 1088 quod
1540 1012 1619 1072 iam
1639 1010 1755 1072 domun

542 1095 658 1155 emeris
683 1093 842 1173 Friburgi,
868 1101 903 1154 et
927 1113 1024 1154 vaces
1052 1094 1086 1153 in
1114 1093 1305 1155 edificando.
1349 1092 1481 1154 Verum
1509 1094 1580 1154 vbi
1608 1096 1658 1155 sic
1686 1094 1756 1173 cogit

543 1178 729 1320 aeclessitas,
742 1185 777 1237 et
792 1183 830 1237 tu
846 1183 880 1237 te
895 1177 941 1238 sic
955 1176 1083 1237 felicem
1098 1182 1198 1256 putas
1213 1183 1248 1238 et
1262 1183 1384 1248 tutum,
1401 1195 1475 1237 non
1492 1180 1663 1256 potes(t>
1677 1176 1757 1239 nobis

543 1279 597 1321 ma
610 1279 628 1320 e
642 1279 720 1321 esse.
1800 1280 1801 1294 ¹

499 1363 531 1399 10
584 1342 725 1405 Abunde
747 1344 861 1404 veniat
881 1342 970 1422 quod
992 1344 1058 1404 iam
1080 1344 1289 1422 conqueraris
1310 1342 1350 1404 de
1371 1342 1530 1422 dampno
1557 1364 1607 1406 ex
1631 1345 1758 1424 receptis

543 1428 690 1507 pecuniis
714 1433 858 1506 accepto,
882 1445 950 1489 non
976 1426 1081 1488 video.
1125 1427 1189 1487 Vbi
1214 1445 1302 1488 anno
1329 1426 1494 1504 vigesimo
1524 1446 1631 1489 nono
1659 1446 1758 1489 meuse

543 1511 716 1571 Decembri
731 1512 822 1570 iussu
837 1517 896 1571 tuo
911 1511 1024 1571 darem
1039 1510 1176 1583 Quirino
1190 1517 1249 1571 tuo
1264 1510 1299 1572 id
1312 1509 1473 1589 pecuniae
1489 1516 1557 1572 tue
1579 1511 1678 1590 quod
1697 1518 1759 1572 tum

543 1612 643 1673 penes
663 1613 716 1654 me
736 1601 818 1666 erat,
840 1596 949 1673 accepi
971 1593 1014 1654 ab
1035 1612 1075 1655 eo
1095 1594 1316 1672 quietanciam
1335 1598 1370 1654 et
1388 1596 1681 1672 recognitionem.
1723 1594 1760 1655 ut

543 1678 715 1738 numeraui
743 1676 791 1737 illi
819 1678 853 1737 in
880 1676 1040 1738 carolinis
1065 1683 1100 1739 et
1124 1677 1190 1738 ciia
1214 1676 1302 1739 bona
1325 1681 1461 1736 moneta
1485 1684 1658 1740 nostrate
1680 1677 1760 1739 mille

500 1777 531 1827 15
544 1761 741 1839 quingentos
755 1766 790 1820 et
804 1761 1068 1839 vigintiquinque
1087 1760 1227 1822 florenos
1245 1779 1320 1821 cum
1340 1759 1476 1820 stuferis
1497 1762 1673 1841 quinque.
1717 1761 1760 1822 Tu

544 1844 674 1905 dixeras
696 1850 756 1904 tua
776 1844 916 1923 epistola
938 1845 1025 1905 hunc
1047 1842 1220 1917 Quirinum
1242 1844 1359 1905 abste
1384 1841 1508 1904 habere
1533 1845 1711 1920 ordinem,
1731 1850 1761 1906 et

545 1927 704 1989 indicasse
727 1926 775 1986 illi
795 1928 884 1987 viam
906 1946 972 2005 qua
993 1928 1035 1988 de
1055 1947 1095 1988 ea
1117 1928 1257 2007 pecunia
1281 1927 1480 2005 disponeret.
1527 1926 1631 2001 Quid
1657 1929 1760 2009 dispo

545 2012 648 2072 suerit
677 2011 802 2082 nescio;
840 2029 916 2070 nam
945 2010 991 2070 nil
1021 2011 1087 2072 iuit
1113 2011 1194 2071 mihi
1223 2009 1414 2071 indicatum.
1458 2007 1514 2069 Sic
1543 2012 1662 2073 etiam
1692 2018 1761 2073 tum

545 2095 737 2173 scripseram
752 2093 822 2153 tibi.
866 2092 1060 2155 Obtuleram
1075 2100 1115 2155 vt
1128 2100 1335 2173 exspectaret
1346 2092 1524 2167 nundinas,
1536 2100 1577 2155 et
1593 2096 1761 2157 dedissem

499 2193 533 2230 20
546 2184 653 2238 totam
675 2196 838 2237 summam
859 2176 1047 2255 equiualore
1069 2179 1103 2238 in
1124 2177 1255 2238 florenis
1276 2177 1384 2238 aureis
1405 2176 1668 2240 Fhancfordiae.
1706 2178 1762 2239 Ille

546 2261 687 2322 rennuit.
731 2260 803 2320 Iam
818 2262 1025 2339 conquereris
1040 2262 1201 2340 accepisse
1221 2261 1411 2339 dampnum,
1427 2278 1619 2338 monesque
1640 2268 1684 2323 vt
1703 2264 1762 2323 sim

545 2364 584 2405 ea
605 2350 700 2423 parte
721 2344 858 2415 cautior,
879 2343 973 2405 velut
993 2364 1053 2423 ego
1075 2345 1136 2404 sim
1157 2346 1207 2404 tui
1226 2343 1362 2423 dampni
1383 2342 1488 2422 culpa.
1535 2343 1581 2403 Id
1607 2346 1762 2425 proiecto

546 2428 591 2488 sic
609 2447 676 2488 non
694 2426 805 2499 habet,
820 2446 877 2505 my
894 2427 1040 2489 Erasme.
1084 2427 1153 2506 Ego
1173 2427 1307 2506 impleui
1328 2426 1418 2504 quod
1438 2426 1629 2490 mandasti.
1677 2429 1763 2489 Dedi

545 2518 606 2571 tuo
628 2510 764 2584 Quirino
788 2512 961 2589 pecuniam
986 2518 1079 2572 tuam
1104 2512 1314 2589 integerrima
1336 2516 1479 2581 moneta,
1504 2509 1650 2587 qualem
1675 2513 1762 2574 forte

500 2606 533 2656 25
546 2595 616 2673 ipse
643 2595 848 2673 permutauit
876 2593 928 2655 vel
953 2594 1124 2673 disposuit.
1168 2594 1296 2664 Nescio,
1322 2611 1381 2654 nec
1410 2611 1483 2653 sum
1514 2594 1550 2652 in
1581 2594 1703 2675 culpa,
1729 2603 1763 2657 et

546 2677 668 2739 nollem
690 2696 742 2737 me
765 2683 854 2737 stare
878 2676 942 2737 tibi
967 2678 1028 2738 tali
1052 2676 1302 2756 suspitiuncula.
1345 2676 1422 2738 Non
1444 2693 1518 2736 sum
1545 2695 1587 2754 ys
1613 2680 1680 2757 qui
1703 2686 1763 2741 tuo

547 2760 690 2840 dampno
699 2759 800 2821 vellet
808 2760 898 2838 quod
907 2760 1093 2822 chommodi
1102 2780 1245 2839 querere.
1279 2758 1761 2837 Sinceriusquamsicteamo.

588 2843 752 2917 Quirinus,
767 2843 847 2905 dum
863 2844 1039 2905 nouissime
1053 2845 1106 2905 hic
1121 2850 1208 2906 esset
1222 2863 1333 2904 mense
1348 2842 1447 2921 Mayo
1465 2842 1511 2902 nil
1531 2842 1651 2905 valuit
1673 2846 1763 2908 illius

546 2928 703 3007 pecuniae
717 2945 818 3005 quam
833 2934 892 2990 tuo
909 2928 1040 2989 nomine
1060 2927 1112 2989 hic
1131 2933 1303 3008 acceperat
1322 2926 1441 2988 Petrus
1460 2924 1622 3004 Aegidius
1646 2936 1762 2992 extor-

501 3025 654 3090 30quere,
680 3018 790 3090 preter
814 3011 954 3072 florenos
982 3012 1164 3085 duodecim,
1189 3012 1331 3072 demissa
1358 3010 1439 3070 mihi
1464 3011 1668 3089 cyngrapha
1699 3033 1763 3095 que

547 3094 739 3156 continebat
761 3096 923 3175 accepisse
946 3094 1082 3156 Petrum
1109 3113 1148 3157 20
1172 3095 1351 3173 angelatos,
1375 3110 1415 3174 24
1438 3093 1625 3173 philypeos,
1652 3116 1763 3159 vnum

548 3178 656 3240 nobile
678 3185 837 3251 rozetum,
859 3198 962 3238 vnum
982 3178 1142 3240 florenum
1160 3180 1289 3240 aurium
1305 3178 1456 3238 Renense
1470 3183 1505 3237 et
1520 3192 1560 3236 20
1576 3179 1763 3243 carolinos.

547 3262 597 3322 Ea
620 3262 759 3341 pecunia
784 3261 926 3322 confecit
950 3262 1049 3322 simul
1073 3269 1206 3323 centum
1231 3268 1266 3322 et
1290 3261 1477 3340 quindecim
1505 3259 1655 3322 florenos
1684 3285 1763 3325 cum

548 3346 717 3422 st<uieris>
732 3346 821 3405 xviii.
849 3344 910 3405 His
925 3344 1075 3406 deductis
1087 3347 1133 3406 xii
1143 3346 1320 3422 floreni<s>,
1332 3363 1414 3422 quos
1426 3344 1543 3404 Petrus
1556 3355 1764 3409 numerarat

502 3439 534 3491 35
548 3428 692 3502 Quirino,
708 3427 881 3489 restabant
896 3430 941 3488 sic
956 3435 1090 3490 centum
1105 3437 1139 3490 et
1154 3435 1221 3490 tres
1236 3429 1350 3489 floreni
1369 3446 1444 3487 cum
1465 3425 1642 3504 st<uieris>
1667 3433 1763 3492 xviii.

548 3513 618 3574 Hos
641 3514 705 3572 iam
730 3513 855 3573 extorsi
876 3531 896 3572 a
918 3513 1027 3574 Petro.
1071 3512 1200 3573 Abinde
1224 3512 1348 3572 refudit
1370 3511 1470 3571 etiam
1494 3509 1658 3583 Quirinus
1685 3514 1765 3576 illos

548 3594 686 3656 florenos
702 3595 882 3656 duodecim.
927 3595 1046 3674 Itaque
1060 3597 1127 3657 iam
1141 3596 1255 3675 plenos
1266 3595 1405 3656 habeam
1416 3593 1523 3654 dictos
1535 3606 1596 3668 115
1609 3593 1765 3659 florenos

548 3698 622 3739 cum
652 3678 822 3756 st<uieris>
853 3679 900 3739 18.
955 3679 1005 3741 De
1034 3679 1085 3739 his
1114 3680 1295 3740 memoraui
1324 3678 1386 3738 tibi
1414 3696 1487 3738 mea
1517 3675 1675 3754 epistola,
1709 3684 1766 3743 cui

548 3762 725 3840 respondes
740 3769 774 3822 te
789 3781 840 3821 me
860 3781 927 3822 non
947 3761 1136 3842 intelligere.
1180 3763 1225 3822 Et
1244 3762 1335 3833 dicis,
1350 3760 1440 3839 quod
1459 3777 1619 3820 memorer
1638 3762 1765 3826 deberi

502 3856 610 3921 40117
631 3845 771 3905 florenos
794 3864 868 3905 cum
892 3845 1020 3923 aliquot
1045 3847 1223 3923 st<uieris>.
1267 3845 1337 3923 Ego
1359 3850 1447 3904 certe
1468 3863 1509 3903 ex
1531 3851 1703 3921 cumputu
1726 3856 1765 3910 et

548 3930 676 3989 ratione
690 3927 751 3988 hoc
766 3947 834 3988 non
848 3931 1005 4008 experior.

590 4011 641 4070 Ex
667 4011 785 4089 Anglia
813 4013 860 4072 nil
889 4014 1041 4092 percipio.
1085 4012 1205 4092 Scripsi
1233 4013 1299 4072 iam
1327 4011 1457 4071 nouiter
1486 4008 1678 4084 Ludouico;
1723 4021 1764 4076 vt

550 4096 668 4155 resciat
686 4094 794 4154 denuo
814 4114 858 4156 an
876 4115 934 4174 per
951 4095 1033 4157 alias
1055 4115 1174 4157 manus
1194 4095 1255 4155 tibi
1275 4092 1474 4174 prouideant
1494 4094 1682 4171 pecuniam,
1705 4098 1763 4159 vel

548 4179 635 4238 forte
649 4197 707 4257 per
720 4177 870 4239 Grinium
885 4179 938 4238 vel
954 4178 1129 4240 Bibellium
1146 4180 1314 4250 miserint;
1337 4196 1419 4255 quos
1438 4175 1588 4237 nundum
1607 4185 1762 4260 percepi.

503 4271 536 4323 45
549 4260 611 4321 His
625 4281 739 4322 mones
754 4281 822 4323 non
836 4261 1016 4323 admodum
1030 4282 1100 4323 esse
1114 4261 1291 4322 fidendum.
1336 4261 1424 4321 Bene
1439 4265 1499 4332 est,
1515 4258 1649 4320 cauebo.

591 4343 643 4405 Ab
665 4345 784 4406 ultima
806 4347 934 4406 ratione
962 4347 1175 4424 pecuniarum
1204 4352 1349 4416 tuarum,
1379 4362 1471 4422 quas,
1498 4349 1537 4403 vt
1558 4343 1763 4422 predicitur,

550 4428 672 4488 tradidi
686 4427 822 4501 Quirino
836 4448 877 4489 ex
893 4435 953 4490 tuo
972 4431 1073 4502 iussu,
1089 4431 1146 4508 qui
1166 4428 1296 4489 illarum
1316 4427 1397 4488 mihi
1411 4425 1504 4487 dedit
1517 4427 1763 4506 quietantiam,

585 4651 674 4687 11-12.
692 4653 789 4688 mense
811 4636 971 4698 Decembri]
995 4637 1046 4688 See
1069 4637 1124 4703 Ep.
1209 4653 1251 4701 44.
1269 4652 1342 4702 qnos
1357 4635 1488 4686 nundum
1508 4635 1631 4700 percepi]
1651 4635 1764 4692 Schets

550 4717 626 4768 2243.
647 4707 721 4767 3-16.
1176 4719 1266 4754 seems
1281 4709 1313 4754 to
1327 4719 1410 4752 mean
1423 4704 1490 4753 that
1506 4703 1541 4752 he
1556 4703 1607 4751 has
1622 4703 1684 4752 still
1700 4715 1764 4759 not

585 4773 625 4820 16.
639 4769 1125 4836 tuaepistola1Aletternotextant,
1176 4770 1264 4820 heard
1276 4770 1306 4821 oi
1318 4771 1367 4820 the
1380 4775 1478 4820 return
1492 4770 1522 4819 oi
1534 4768 1684 4832 Grynaeus
1693 4776 1761 4825 and

550 4837 641 4887 which
653 4838 677 4886 is
689 4837 833 4887 answcred
845 4837 885 4902 by
895 4837 950 4902 Ep.
963 4852 1040 4902 2²43·
1176 4837 1279 4896 Bebel;
1297 4837 1333 4887 ci.
1346 4837 1401 4902 Ep.
1414 4848 1489 4898 ²51¹·
1504 4848 1563 4897 15n.
1598 4834 1653 4884 For
1666 4836 1761 4891 Erae.

583 4918 625 4964 ²9·
644 4903 747 4954 Petrus
760 4902 906 4968 Aegidius]
919 4904 970 4955 See
981 4905 1036 4970 Ep.
1048 4918 1124 4970 2494.
1175 4904 1249 4954 mus‘
1263 4904 1327 4954 lack
1344 4904 1374 4954 ot
1389 4902 1550 4954 confidence
1567 4901 1597 4951 in
1613 4901 1696 4951 them
1715 4908 1761 4959 cf.

550 4983 642 5034 25-31·
1176 4971 1369 5035 Eranusa
