4042 5900
510 647 573 707 294
837 645 1036 708 LETTERS
1058 644 1113 708 OF
1134 644 1339 708 ERASMUS
1616 650 1714 727 [1531

509 805 626 884 inquis,
643 803 905 866 ‘Ecclesiasticos
921 824 1080 885 proceres,
1095 822 1171 865 cum
1189 804 1255 866 iam
1273 804 1340 865 fere
1360 810 1493 884 recepta
1506 811 1595 867 esset
1608 806 1715 868 editio

510 887 714 966 Hieronymi,
729 895 875 949 mutasse
890 888 1051 967 quwdam
1065 888 1109 948 ab
1123 887 1181 949 illo
1192 906 1297 961 versa,
1309 890 1380 965 (et>
1390 907 1431 949 ex
1443 894 1554 950 vetere
1569 890 1712 951 transle-

447 993 497 1042 2ο5
511 972 600 1032 tione
611 978 672 1033 aut
682 990 722 1031 ex
734 970 839 1032 LXX.
852 972 1033 1032 restituisse
1044 971 1205 1032 nonnulla
1215 972 1232 1032 ’.
1264 971 1421 1043 Primum,
1432 990 1498 1033 non
1513 979 1713 1052 potestesse

510 1054 713 1133 probabilius
724 1074 798 1115 oum
811 1056 933 1115 nonsit
948 1074 1072 1116 verum.
1117 1054 1207 1128 Ques
1220 1055 1308 1115 enim
1323 1054 1499 1116 manifesto
1513 1058 1617 1134 <non>
1633 1076 1713 1118 vera

510 1144 590 1199 sunt
601 1157 641 1198 ne
652 1137 836 1218 probabilia
846 1137 979 1216 quidem
989 1157 1060 1199 esse
1070 1144 1217 1217 possunt.
1261 1136 1327 1198 Cur
1337 1144 1450 1199 eutem
1460 1157 1528 1200 non
1538 1140 1585 1200 sit
1595 1159 1713 1201 verum

510 1222 590 1281 satis
611 1227 750 1300 apparet
771 1241 811 1281 ex
834 1227 908 1282 tota
928 1220 1089 1282 editione:
1117 1222 1237 1301 potius,
1257 1222 1284 1281 si
1303 1221 1384 1300 quid
1402 1221 1554 1283 additum
1576 1229 1630 1283 est
1651 1229 1713 1284 aut

509 1304 734 1376 immutatum,
743 1324 784 1365 ex
793 1324 901 1365 errore
910 1304 1095 1384 putandum
1104 1310 1155 1365 est
1164 1323 1205 1365 ex
1216 1303 1289 1365 ahie
1299 1303 1498 1366 editionibus
1507 1305 1711 1385 adrepsisse:

448 1408 498 1444 210
510 1386 616 1447 veluti
633 1388 665 1447 in
683 1386 775 1448 illum
794 1388 921 1448 locum:
949 1386 1015 1447 ‘Et
1031 1388 1176 1466 respexit
1197 1387 1358 1448 Dominus
1377 1387 1420 1448 ad
1437 1385 1519 1448 Abel
1530 1389 1714 1450 ³-veterae

510 1469 642 1549 quidem
657 1470 783 1531 codices
797 1470 983 1531 hebebant:
1004 1470 1063 1531 ‘Et
1076 1470 1295 1531 inflammauit
1308 1469 1495 1532 dominus’:
1519 1490 1713 1551 quanquam

509 1554 537 1614 is
566 1572 632 1614 non
661 1555 794 1614 omnino
823 1555 866 1613 sit
893 1572 992 1614 error.
1037 1552 1253 1614 Rarissimam
1282 1560 1395 1615 autem
1424 1561 1475 1616 est
1503 1553 1565 1615 hoo
1597 1574 1713 1633 genus.

509 1634 649 1716 Seperas
669 1636 786 1697 deinde
808 1643 951 1697 veterem
972 1636 1150 1698 editionem
1172 1636 1214 1697 ab
1234 1636 1376 1698 editione
1391 1637 1506 1711 Lxx,
1522 1657 1598 1698 cum
1612 1645 1715 1700 vetus

510 1719 611 1780 editio
622 1739 688 1799 qua
697 1720 854 1781 vtebetur
865 1720 943 1780 olim
954 1719 1100 1780 Ecclesia
1111 1719 1214 1779 LXX.
1228 1719 1337 1793 fuerit,
1352 1720 1395 1780 ob
1404 1739 1544 1799 quorum
1559 1741 1713 1783 reueren-

448 1823 497 1871 215
510 1804 592 1863 tiam
601 1802 736 1864 nolebat
744 1803 947 1881 Augustinus
956 1802 999 1863 ab
1009 1802 1213 1881 Hieronymo
1224 1822 1354 1881 quoque
1363 1805 1523 1864 innoumi.
1567 1803 1667 1877 Quod
1679 1813 1715 1866 te

511 1886 732 1964 Hieronymus
743 1887 812 1965 ipse
823 1886 953 1946 abunde
965 1886 1079 1947 docere
1090 1892 1209 1965 potest.
1248 1885 1281 1947 Si
1292 1905 1351 1964 ego
1362 1887 1472 1965 igitur,
1482 1893 1521 1947 vt
1531 1887 1574 1948 ad
1586 1891 1714 1967 superi-

510 1988 599 2029 orem
622 1971 782 2030 rationem
807 1969 946 2042 redeam,
973 1969 1015 2030 ob
1042 1970 1101 2030 has
1126 1969 1307 2030 lenissimas
1332 1988 1448 2030 causas
1472 1971 1717 2032 stomachosior

510 2053 544 2112 in
561 2052 731 2130 quosdam,
746 2053 867 2113 eisdem
885 2060 925 2114 tu
941 2072 1006 2113 non
1026 2054 1060 2112 in
1078 2052 1247 2131 quosdam,
1266 2052 1323 2113 sed
1340 2053 1374 2112 in
1392 2071 1504 2113 omnes
1524 2055 1714 2116 stomacho·

509 2136 575 2196 sior
590 2135 755 2210 videreris,
767 2155 841 2196 cum
857 2136 978 2215 vbique
992 2138 1073 2196 satis
1087 2136 1185 2197 libere
1197 2136 1240 2195 sis
1251 2135 1390 2196 locutus.
1434 2135 1513 2209 Quis
1523 2141 1575 2197 est
1585 2144 1715 2199 morta·

448 2239 497 2275 22ο
510 2218 590 2280 lium
606 2238 643 2279 ac
659 2238 812 2298 superum
827 2219 867 2280 de
882 2238 948 2298 quo
963 2238 1030 2279 non
1045 2225 1084 2279 vt
1099 2219 1160 2279 tibi
1175 2219 1282 2279 visum
1297 2225 1349 2279 est
1363 2220 1655 2298 pronuncieueris?

552 2299 616 2363 Sed
630 2301 710 2364 haee
724 2303 823 2363 missa
837 2302 1006 2364 iaciemus.
1051 2302 1259 2380 Pr0sequeris
1273 2304 1306 2362 in
1321 2302 1407 2362 huno
1424 2302 1578 2363 modum:
1602 2303 1714 2365 Inter·

510 2384 588 2446 dum
609 2384 752 2447 odiosius
770 2386 906 2464 attingis
925 2384 1141 2458 Auerroistas,
1157 2392 1196 2446 vt
1215 2385 1355 2446 videaris
1372 2386 1406 2445 in
1424 2392 1534 2447 totum
1551 2386 1715 2449 damnare

510 2467 753 2547 Philosophiam
768 2468 1020 2530 Aristotelicam.
1065 2468 1160 2529 Hanc
1172 2468 1406 2541 collectionem,
1419 2470 1469 2529 vir
1479 2469 1714 2544 eruditissime,

510 2552 583 2630 quis
600 2571 665 2613 non
683 2552 924 2613 admirabitur?
967 2550 1047 2624 Quis
1065 2553 1151 2612 enim
1171 2570 1238 2612 non
1257 2552 1395 2631 percipit
1417 2552 1511 2631 longe
1530 2552 1714 2615 diuersissi-

447 2655 496 2704 225
510 2654 600 2695 mum
611 2655 679 2696 esse
691 2635 848 2696 damnare
858 2635 1065 2697 Auerroistas
1075 2641 1110 2696 et
1121 2634 1306 2696 Aristotelis
1318 2634 1433 2696 tollere
1444 2635 1714 2715 philosophiam?

510 2717 625 2779 Verius
653 2719 714 2780 hoe
744 2738 813 2780 esse
842 2719 989 2792 dixerim,
1019 2725 1058 2779 vt
1090 2719 1146 2797 qui
1176 2717 1423 2779 luculentiorem
1455 2718 1559 2779 velint
1588 2719 1714 2781 habere

509 2801 749 2881 philosophiam
766 2802 952 2863 Aristotelis
969 2801 1073 2862 malos
1090 2803 1159 2862 eius
1176 2802 1371 2880 interpretes
1390 2801 1619 2864 submoneant.
1664 2803 1714 2865 Et

510 2892 548 2946 tu
573 2891 671 2965 putas
694 2884 767 2946 tolli
789 2885 1029 2966 philosophiam
1055 2884 1241 2946 Aristotelis
1266 2904 1341 2945 cum
1364 2884 1518 2959 Auerroe,
1541 2885 1607 2946 alie
1632 2906 1711 2962 non,

509 2970 633 3048 opinor,
655 2971 784 3030 ratione
805 2971 867 3030 nisi
889 2976 927 3030 vt
949 2989 1049 3048 quem
1072 2969 1212 3048 plurima
1233 2988 1422 3048 congereres
1444 2988 1527 3048 quae
1549 2978 1598 3043 tu,
1615 2972 1712 3032 velut

447 3072 601 3121 230meus
626 3053 842 3125 Aristarchus,
867 3053 1085 3132 reprenderes.
1130 3052 1218 3112 Illud
1242 3072 1339 3131 porro
1368 3052 1511 3113 odiosius
1536 3053 1627 3131 quod
1652 3056 1712 3134 qui

510 3136 645 3197 damnet
659 3137 865 3198 Auerroistas
880 3136 978 3197 tollat
992 3135 1231 3215 philosophiam
1246 3135 1440 3209 Aristotelis,
1457 3156 1532 3197 cum
1550 3143 1588 3197 tu
1606 3156 1712 3216 genus

509 3219 570 3280 hoe
585 3220 853 3298 philosophorum
868 3239 934 3280 non
949 3221 1093 3298 ignores;
1116 3239 1198 3297 quos
1213 3220 1240 3279 si
1255 3225 1293 3279 tu
1307 3220 1479 3297 attigisses,
1491 3219 1712 3299 pulcherrime

509 3302 569 3363 abs
590 3310 624 3363 te
645 3303 771 3364 factum
794 3305 981 3382 opinareris.
1026 3301 1090 3363 Sed
1112 3303 1189 3380 quie
1211 3302 1252 3362 ab
1275 3302 1340 3363 alio
1362 3302 1511 3363 damnati
1532 3309 1621 3376 sunt,
1642 3324 1712 3365 non

509 3386 646 3466 probas:
669 3392 704 3452 at
718 3386 869 3466 displicet
884 3388 916 3446 in
932 3385 1004 3446 aliis
1019 3386 1109 3463 quod
1123 3392 1162 3445 tu
1178 3385 1299 3464 vbique
1317 3385 1573 3447 licentiosissime
1590 3386 1710 3450 iecisti.

447 3488 495 3537 ²35
509 3468 671 3542 Quoniam
687 3470 786 3548 igitur
800 3489 865 3530 non
880 3469 962 3530 tollo
979 3469 1219 3548 philosophiam
1234 3468 1429 3542 Aristotelis,
1444 3488 1503 3529 nec
1518 3469 1621 3530 verba
1635 3489 1711 3532 mea

509 3552 570 3613 hoe
588 3554 740 3626 innuunt,
757 3555 905 3632 sequitur
920 3558 958 3612 vt
975 3572 1060 3631 quae
1079 3553 1113 3612 in
1128 3551 1212 3613 hanc
1232 3553 1428 3613 sententiam
1448 3552 1560 3614 dixisti
1579 3553 1710 3615 nullum

509 3636 561 3697 hio
581 3636 688 3696 locum
708 3636 853 3696 habeant
872 3642 907 3696 et
925 3635 1087 3696 auiditate
1106 3637 1216 3714 potius
1233 3636 1455 3697 calumniandi
1470 3637 1571 3697 sinte
1586 3642 1620 3697 te
1635 3657 1709 3716 pro·

509 3719 619 3780 ducta.
664 3719 753 3779 Illud
768 3738 898 3799 quoque
913 3738 978 3779 non
997 3720 1106 3780 minus
1125 3719 1266 3780 alienum
1282 3739 1303 3779 a
1317 3725 1428 3779 mente
1448 3738 1521 3780 mea
1540 3726 1575 3780 et
1589 3739 1610 3779 a
1625 3723 1709 3781 veri·

509 3808 590 3875 tate,
606 3808 646 3862 vt
665 3804 742 3881 quia
762 3802 922 3881 quosdam
940 3802 1128 3864 Platonicos
1146 3822 1254 3863 errare
1276 3804 1310 3862 in
1331 3802 1538 3881 philosophia
1559 3802 1711 3865 Platonis

447 3903 497 3954 240
509 3886 656 3958 dixerim,
666 3884 791 3947 nullam
804 3885 989 3964 reliquerim
1000 3884 1239 3965 philosophiam
1252 3885 1399 3946 Platonis
1410 3907 1417 3957 ;
1429 3886 1542 3945 eodem
1555 3886 1710 3949 videlicet

509 3968 618 4048 lepore
641 3988 706 4046 quo
728 3975 763 4029 et
784 3968 867 4029 iliud
889 3970 1047 4048 superius,
1068 3968 1224 4040 Damnas,
1245 3970 1361 4047 inquis,
1383 3968 1608 4030 Auerroistas:
1631 3990 1710 4050 ergo

509 4051 754 4113 Aristotelicam
777 4052 1018 4131 philosophiam
1040 4052 1175 4113 adimis:
1199 4052 1345 4112 Damnas
1367 4051 1571 4113 Platonicos:
1596 4053 1709 4115 Plato·

509 4136 559 4196 nis
580 4154 711 4214 quoque
728 4135 968 4215 philosophiam
990 4135 1108 4196 aufers.
1152 4134 1230 4208 Quis
1250 4136 1311 4196 hoc
1333 4136 1584 4214 argumentandi
1605 4155 1710 4215 genus

508 4224 544 4278 et
560 4218 602 4278 ab
620 4220 750 4279 inscitia
767 4219 910 4297 quadam
929 4220 1073 4298 ipserum
1091 4218 1334 4298 disciplinarum
1354 4223 1557 4297 (quanquam
1575 4219 1656 4280 nihil
1675 4226 1710 4282 te

446 4319 496 4370 245
509 4299 606 4379 fugit)
625 4308 660 4362 et
678 4301 840 4363 auiditate
862 4302 1015 4381 carpendi
1036 4301 1219 4382 proiectum
1241 4303 1432 4381 negauerit?
1474 4301 1600 4375 Quibus
1621 4305 1710 4365 enim

509 4381 752 4446 Platonicorum
767 4392 849 4447 nota
862 4392 913 4446 est
928 4385 1141 4464 philosophia,
1153 4387 1261 4446 sciunt
1272 4391 1435 4464 quantum
1449 4404 1562 4446 eorum
1577 4386 1711 4448 decreta

509 4466 633 4528 distent
660 4488 681 4529 a
710 4474 819 4529 mente
845 4469 1001 4530 Platonis.
1047 4468 1139 4529 Idem
1165 4469 1205 4529 de
1231 4469 1428 4529 Auerroistis
1451 4469 1645 4544 dicendum;
1675 4472 1711 4532 in

542 4591 648 4700 2043gt
659 4586 855 4716 suppleamus
866 4602 898 4636 ex
911 4586 964 4650 Ep.
977 4585 1030 4649 246
1032 4598 1057 4647 5.
1070 4599 1114 4649 95.
1266 4601 1323 4649 215.
1341 4602 1455 4652 quoque
1467 4605 1498 4637 c:
1516 4587 1670 4653 quicquam
1681 4586 1709 4652 β.

509 4664 566 4712 ²19·
584 4667 613 4703 vr
634 4667 689 4702 ens
721 4690 728 4703 .

541 4891 600 4926 210.
618 4876 754 4942 respexit]
769 4876 839 4928 Gen.
854 4894 879 4942 4.
894 4894 920 4942 4,
932 4877 1026 4927 where
1037 4893 1083 4928 see
1133 4877 1224 4928 videor
1240 4883 1318 4926 must
1335 4878 1506 4942 apparently
1523 4878 1559 4927 be
1575 4881 1712 4945 supplied

508 4943 745 4994 Steuehus‘note.
1134 4950 1187 4994 out
1197 4945 1228 4993 oi
1238 4944 1367 4994 videreris
1378 4943 1528 5009 following.

541 5012 649 5074 217·18.
667 5009 872 5061 stomachosior
887 5011 916 5060 in
932 5009 1083 5075 quosdam]
1169 5013 1226 5061 218.
1245 5011 1362 5071 eisdam]
1388 5012 1483 5062 cousis
1505 5011 1711 5077 supplendum.
