<?xml version="1.0" encoding="UTF-8"?>
<!DOCTYPE html PUBLIC "-//W3C//DTD XHTML 1.0 Transitional//EN"
    "http://www.w3.org/TR/xhtml1/DTD/xhtml1-transitional.dtd">
<html xmlns="http://www.w3.org/1999/xhtml" xml:lang="en" lang="en">
 <head>
  <title>
</title>
<meta http-equiv="Content-Type" content="text/html;charset=utf-8" />
  <meta name='ocr-system' content='tesseract 3.04.00' />
  <meta name='ocr-capabilities' content='ocr_page ocr_carea ocr_par ocr_line ocrx_word'/>
</head>
<body>
  <div class='ocr_page' id='page_1' title='image "./opusepistolarum02garrgoog_0123.png"; bbox 0 0 4042 5900; ppageno 0'>
   <div class='ocr_carea' id='block_1_1' title="bbox 321 678 1520 773">
    <p class='ocr_par' dir='ltr' id='par_1_1' title="bbox 321 678 1520 773">
     <span class='ocr_line' id='line_1_1' title="bbox 321 678 1520 773; baseline -0.002 -30"><span class='ocrx_word' id='word_1_1' title='bbox 321 682 418 762; x_wconf 87' lang='lat'>2410]</span> <span class='ocrx_word' id='word_1_2' title='bbox 728 678 784 773; x_wconf 83' lang='lat' dir='ltr'><strong>ro</strong></span> <span class='ocrx_word' id='word_1_3' title='bbox 805 679 989 744; x_wconf 76' lang='lat' dir='ltr'><strong>aureus</strong></span> <span class='ocrx_word' id='word_1_4' title='bbox 1010 679 1190 743; x_wconf 74' lang='lat' dir='ltr'><strong>amaru</strong></span> <span class='ocrx_word' id='word_1_5' title='bbox 1479 680 1520 741; x_wconf 85' lang='lat' dir='ltr'><strong>aa</strong></span> 
     </span>
    </p>
   </div>
   <div class='ocr_carea' id='block_1_2' title="bbox 302 838 1564 4337">
    <p class='ocr_par' dir='ltr' id='par_1_2' title="bbox 315 838 1564 1817">
     <span class='ocr_line' id='line_1_2' title="bbox 319 838 1519 921; baseline 0 -20"><span class='ocrx_word' id='word_1_6' title='bbox 319 859 426 921; x_wconf 86' lang='lat' dir='ltr'><strong>nuper</strong></span> <span class='ocrx_word' id='word_1_7' title='bbox 439 839 505 901; x_wconf 90' lang='lat' dir='ltr'><strong>huo</strong></span> <span class='ocrx_word' id='word_1_8' title='bbox 518 838 663 901; x_wconf 85' lang='lat' dir='ltr'><strong>venisset</strong></span> <span class='ocrx_word' id='word_1_9' title='bbox 675 838 930 919; x_wconf 74' lang='lat' dir='ltr'>christophorus</span> <span class='ocrx_word' id='word_1_10' title='bbox 943 859 964 901; x_wconf 87' lang='lat' dir='ltr'><strong>s</strong></span> <span class='ocrx_word' id='word_1_11' title='bbox 977 838 1093 902; x_wconf 91' lang='lat' dir='ltr'><strong>Stadio</strong></span> <span class='ocrx_word' id='word_1_12' title='bbox 1111 840 1281 919; x_wconf 88' lang='lat' dir='ltr'><strong>episcopus</strong></span> <span class='ocrx_word' id='word_1_13' title='bbox 1294 838 1519 920; x_wconf 84' lang='lat' dir='ltr'><strong>Augustensis,</strong></span> 
     </span>
     <span class='ocr_line' id='line_1_3' title="bbox 319 922 1518 1004; baseline 0 -20"><span class='ocrx_word' id='word_1_14' title='bbox 319 925 373 984; x_wconf 87' lang='lat' dir='ltr'><strong>vir</strong></span> <span class='ocrx_word' id='word_1_15' title='bbox 394 942 462 984; x_wconf 89' lang='lat' dir='ltr'><strong>non</strong></span> <span class='ocrx_word' id='word_1_16' title='bbox 486 922 593 985; x_wconf 87' lang='lat' dir='ltr'><strong>solum</strong></span> <span class='ocrx_word' id='word_1_17' title='bbox 618 923 781 985; x_wconf 89' lang='lat' dir='ltr'><strong>natalium</strong></span> <span class='ocrx_word' id='word_1_18' title='bbox 806 923 1002 1004; x_wconf 73' lang='lat' dir='ltr'><strong>imaginibus</strong></span> <span class='ocrx_word' id='word_1_19' title='bbox 1027 923 1275 995; x_wconf 74' lang='lat' dir='ltr'><strong>illustrissimus,</strong></span> <span class='ocrx_word' id='word_1_20' title='bbox 1301 924 1518 984; x_wconf 76' lang='lat' dir='ltr'><strong>verumetiam</strong></span> 
     </span>
     <span class='ocr_line' id='line_1_4' title="bbox 318 1005 1517 1087; baseline 0.001 -20"><span class='ocrx_word' id='word_1_21' title='bbox 318 1006 504 1068; x_wconf 76' lang='lat' dir='ltr'><strong>eruditione</strong></span> <span class='ocrx_word' id='word_1_22' title='bbox 521 1012 648 1079; x_wconf 82' lang='lat' dir='ltr'><strong>exacta,</strong></span> <span class='ocrx_word' id='word_1_23' title='bbox 664 1007 865 1085; x_wconf 87' lang='lat' dir='ltr'><strong>eaeterisque</strong></span> <span class='ocrx_word' id='word_1_24' title='bbox 882 1008 1034 1087; x_wconf 90' lang='lat' dir='ltr'><strong>episcopo</strong></span> <span class='ocrx_word' id='word_1_25' title='bbox 1053 1005 1159 1085; x_wconf 90' lang='lat' dir='ltr'><strong>dignis</strong></span> <span class='ocrx_word' id='word_1_26' title='bbox 1178 1005 1359 1066; x_wconf 89' lang='lat' dir='ltr'><strong>virtutibus</strong></span> <span class='ocrx_word' id='word_1_27' title='bbox 1378 1007 1517 1068; x_wconf 87' lang='lat' dir='ltr'><strong>ornatis·</strong></span> 
     </span>
     <span class='ocr_line' id='line_1_5' title="bbox 319 1088 1517 1162; baseline 0.001 -12"><span class='ocrx_word' id='word_1_28' title='bbox 319 1091 431 1162; x_wconf 92' lang='lat' dir='ltr'><strong>simus,</strong></span> <span class='ocrx_word' id='word_1_29' title='bbox 456 1108 525 1152; x_wconf 89' lang='lat' dir='ltr'><strong>non</strong></span> <span class='ocrx_word' id='word_1_30' title='bbox 547 1090 590 1151; x_wconf 92' lang='lat' dir='ltr'><strong>ob</strong></span> <span class='ocrx_word' id='word_1_31' title='bbox 615 1089 707 1151; x_wconf 87' lang='lat' dir='ltr'><strong>aliud</strong></span> <span class='ocrx_word' id='word_1_32' title='bbox 727 1091 790 1151; x_wconf 89' lang='lat' dir='ltr'><strong>nisi</strong></span> <span class='ocrx_word' id='word_1_33' title='bbox 815 1097 854 1151; x_wconf 89' lang='lat' dir='ltr'><strong>vt</strong></span> <span class='ocrx_word' id='word_1_34' title='bbox 879 1090 1006 1152; x_wconf 88' lang='lat' dir='ltr'><strong>videret</strong></span> <span class='ocrx_word' id='word_1_35' title='bbox 1029 1088 1213 1162; x_wconf 85' lang='lat' dir='ltr'><strong>Erasmum‚</strong></span> <span class='ocrx_word' id='word_1_36' title='bbox 1235 1088 1386 1151; x_wconf 84' lang='lat' dir='ltr'><strong>adferens</strong></span> <span class='ocrx_word' id='word_1_37' title='bbox 1406 1108 1517 1151; x_wconf 91' lang='lat' dir='ltr'><strong>seeum</strong></span> 
     </span>
     <span class='ocr_line' id='line_1_6' title="bbox 318 1171 1564 1253; baseline -0.003 -19"><span class='ocrx_word' id='word_1_38' title='bbox 318 1192 440 1234; x_wconf 87' lang='lat' dir='ltr'><strong>munus</strong></span> <span class='ocrx_word' id='word_1_39' title='bbox 454 1172 676 1246; x_wconf 89' lang='lat' dir='ltr'><strong>honorarium,</strong></span> <span class='ocrx_word' id='word_1_40' title='bbox 691 1173 780 1253; x_wconf 89' lang='lat' dir='ltr'><strong>quod</strong></span> <span class='ocrx_word' id='word_1_41' title='bbox 795 1192 862 1235; x_wconf 95' lang='lat' dir='ltr'><strong>non</strong></span> <span class='ocrx_word' id='word_1_42' title='bbox 883 1173 1073 1234; x_wconf 89' lang='lat' dir='ltr'><strong>indecorum</strong></span> <span class='ocrx_word' id='word_1_43' title='bbox 1091 1171 1373 1251; x_wconf 85' lang='lat' dir='ltr'><strong>fuissetquamuis</strong></span> <span class='ocrx_word' id='word_1_44' title='bbox 1387 1174 1564 1253; x_wconf 78' lang='lat' dir='ltr'><strong>potentiae</strong></span> 
     </span>
     <span class='ocr_line' id='line_1_7' title="bbox 317 1255 1516 1336; baseline 0.001 -20"><span class='ocrx_word' id='word_1_45' title='bbox 317 1258 387 1335; x_wconf 92' lang='lat' dir='ltr'><strong>regi</strong></span> <span class='ocrx_word' id='word_1_46' title='bbox 408 1255 486 1317; x_wconf 89' lang='lat' dir='ltr'><strong>dare</strong></span> <span class='ocrx_word' id='word_1_47' title='bbox 511 1258 678 1335; x_wconf 89' lang='lat' dir='ltr'><strong>magnati:</strong></span> <span class='ocrx_word' id='word_1_48' title='bbox 715 1256 823 1319; x_wconf 90' lang='lat' dir='ltr'><strong>multo</strong></span> <span class='ocrx_word' id='word_1_49' title='bbox 847 1256 995 1336; x_wconf 87' lang='lat' dir='ltr'><strong>frigidius</strong></span> <span class='ocrx_word' id='word_1_50' title='bbox 1017 1255 1182 1317; x_wconf 90' lang='lat' dir='ltr'><strong>hominem</strong></span> <span class='ocrx_word' id='word_1_51' title='bbox 1207 1257 1386 1336; x_wconf 86' lang='lat' dir='ltr'><strong>acceperim</strong></span> <span class='ocrx_word' id='word_1_52' title='bbox 1416 1275 1516 1334; x_wconf 89' lang='lat' dir='ltr'><strong>quam</strong></span> 
     </span>
     <span class='ocr_line' id='line_1_8' title="bbox 317 1338 1516 1420; baseline 0.002 -21"><span class='ocrx_word' id='word_1_53' title='bbox 317 1339 515 1413; x_wconf 74' lang='lat' dir='ltr'><strong>Munatium,</strong></span> <span class='ocrx_word' id='word_1_54' title='bbox 545 1341 665 1420; x_wconf 92' lang='lat' dir='ltr'><strong>quippe</strong></span> <span class='ocrx_word' id='word_1_55' title='bbox 694 1358 792 1419; x_wconf 91' lang='lat' dir='ltr'><strong>quem</strong></span> <span class='ocrx_word' id='word_1_56' title='bbox 820 1359 880 1401; x_wconf 90' lang='lat' dir='ltr'><strong>nee</strong></span> <span class='ocrx_word' id='word_1_57' title='bbox 908 1339 952 1401; x_wconf 85' lang='lat' dir='ltr'><strong>sd</strong></span> <span class='ocrx_word' id='word_1_58' title='bbox 980 1340 1169 1401; x_wconf 87' lang='lat' dir='ltr'><strong>conuiuium</strong></span> <span class='ocrx_word' id='word_1_59' title='bbox 1201 1358 1259 1400; x_wconf 89' lang='lat' dir='ltr'><strong>nec</strong></span> <span class='ocrx_word' id='word_1_60' title='bbox 1287 1339 1331 1400; x_wconf 91' lang='lat' dir='ltr'><strong>ed</strong></span> <span class='ocrx_word' id='word_1_61' title='bbox 1361 1338 1516 1419; x_wconf 86' lang='lat' dir='ltr'><strong>poculum</strong></span> 
     </span>
     <span class='ocr_line' id='line_1_9' title="bbox 316 1421 1514 1503; baseline 0.001 -20"><span class='ocrx_word' id='word_1_62' title='bbox 316 1423 498 1496; x_wconf 86' lang='lat' dir='ltr'><strong>innitarim,</strong></span> <span class='ocrx_word' id='word_1_63' title='bbox 512 1441 573 1484; x_wconf 89' lang='lat' dir='ltr'><strong>neo</strong></span> <span class='ocrx_word' id='word_1_64' title='bbox 587 1424 716 1503; x_wconf 86' lang='lat' dir='ltr'><strong>saepius</strong></span> <span class='ocrx_word' id='word_1_65' title='bbox 731 1442 831 1502; x_wconf 91' lang='lat' dir='ltr'><strong>quam</strong></span> <span class='ocrx_word' id='word_1_66' title='bbox 851 1423 901 1483; x_wconf 91' lang='lat' dir='ltr'><strong>bis</strong></span> <span class='ocrx_word' id='word_1_67' title='bbox 915 1424 980 1484; x_wconf 93' lang='lat' dir='ltr'><strong>mei</strong></span> <span class='ocrx_word' id='word_1_68' title='bbox 994 1421 1209 1484; x_wconf 87' lang='lat' dir='ltr'><strong>conueniendi</strong></span> <span class='ocrx_word' id='word_1_69' title='bbox 1228 1424 1356 1502; x_wconf 89' lang='lat' dir='ltr'><strong>copiam</strong></span> <span class='ocrx_word' id='word_1_70' title='bbox 1373 1423 1514 1484; x_wconf 87' lang='lat' dir='ltr'><strong>fecerim.</strong></span> 
     </span>
     <span class='ocr_line' id='line_1_10' title="bbox 316 1504 1514 1585; baseline 0.002 -19"><span class='ocrx_word' id='word_1_71' title='bbox 316 1504 382 1566; x_wconf 92' lang='lat' dir='ltr'><strong>Odi</strong></span> <span class='ocrx_word' id='word_1_72' title='bbox 404 1525 464 1585; x_wconf 87' lang='lat' dir='ltr'><strong>ego</strong></span> <span class='ocrx_word' id='word_1_73' title='bbox 487 1505 573 1567; x_wconf 90' lang='lat' dir='ltr'><strong>hane</strong></span> <span class='ocrx_word' id='word_1_74' title='bbox 596 1525 663 1567; x_wconf 92' lang='lat' dir='ltr'><strong>non</strong></span> <span class='ocrx_word' id='word_1_75' title='bbox 686 1506 973 1579; x_wconf 74' lang='lat' dir='ltr'><strong>inhumanitatem,</strong></span> <span class='ocrx_word' id='word_1_76' title='bbox 999 1505 1056 1567; x_wconf 90' lang='lat' dir='ltr'><strong>sed</strong></span> <span class='ocrx_word' id='word_1_77' title='bbox 1084 1505 1336 1568; x_wconf 85' lang='lat' dir='ltr'><strong>inhumanitatis</strong></span> <span class='ocrx_word' id='word_1_78' title='bbox 1363 1507 1514 1585; x_wconf 90' lang='lat' dir='ltr'><strong>speciem.</strong></span> 
     </span>
     <span class='ocr_line' id='line_1_11' title="bbox 317 1587 1561 1672; baseline -0.003 -23"><span class='ocrx_word' id='word_1_79' title='bbox 317 1588 440 1650; x_wconf 92' lang='lat' dir='ltr'><strong>Verum</strong></span> <span class='ocrx_word' id='word_1_80' title='bbox 461 1594 522 1650; x_wconf 91' lang='lat' dir='ltr'><strong>aut</strong></span> <span class='ocrx_word' id='word_1_81' title='bbox 541 1587 602 1651; x_wconf 91' lang='lat' dir='ltr'><strong>hoe</strong></span> <span class='ocrx_word' id='word_1_82' title='bbox 622 1589 793 1651; x_wconf 85' lang='lat' dir='ltr'><strong>ferendum</strong></span> <span class='ocrx_word' id='word_1_83' title='bbox 811 1589 1055 1651; x_wconf 89' lang='lat' dir='ltr'><strong>incommodum</strong></span> <span class='ocrx_word' id='word_1_84' title='bbox 1072 1593 1124 1650; x_wconf 91' lang='lat' dir='ltr'><strong>est</strong></span> <span class='ocrx_word' id='word_1_85' title='bbox 1142 1594 1202 1649; x_wconf 87' lang='lat' dir='ltr'><strong>aut</strong></span> <span class='ocrx_word' id='word_1_86' title='bbox 1223 1589 1416 1672; x_wconf 90' lang='lat' dir='ltr'><strong>negligenda</strong></span> <span class='ocrx_word' id='word_1_87' title='bbox 1433 1591 1513 1651; x_wconf 88' lang='lat' dir='ltr'><strong>vite.</strong></span> <span class='ocrx_word' id='word_1_88' title='bbox 1528 1608 1561 1658; x_wconf 84' lang='lat'><strong>25</strong></span> 
     </span>
     <span class='ocr_line' id='line_1_12' title="bbox 315 1671 1515 1752; baseline 0.002 -20"><span class='ocrx_word' id='word_1_89' title='bbox 315 1671 491 1734; x_wconf 88' lang='lat' dir='ltr'><strong>Interdum</strong></span> <span class='ocrx_word' id='word_1_90' title='bbox 505 1672 678 1734; x_wconf 85' lang='lat' dir='ltr'><strong>forticulus</strong></span> <span class='ocrx_word' id='word_1_91' title='bbox 689 1692 788 1734; x_wconf 93' lang='lat' dir='ltr'><strong>eonor</strong></span> <span class='ocrx_word' id='word_1_92' title='bbox 799 1691 894 1752; x_wconf 89' lang='lat' dir='ltr'><strong>agere</strong></span> <span class='ocrx_word' id='word_1_93' title='bbox 904 1672 1027 1733; x_wconf 91' lang='lat' dir='ltr'><strong>bellum</strong></span> <span class='ocrx_word' id='word_1_94' title='bbox 1042 1672 1218 1745; x_wconf 89' lang='lat' dir='ltr'><strong>hominem,</strong></span> <span class='ocrx_word' id='word_1_95' title='bbox 1227 1677 1284 1738; x_wconf 78' lang='lat' dir='ltr'><strong>sed</strong></span> <span class='ocrx_word' id='word_1_96' title='bbox 1294 1692 1373 1737; x_wconf 85' lang='lat' dir='ltr'><strong>mox</strong></span> <span class='ocrx_word' id='word_1_97' title='bbox 1381 1679 1515 1752; x_wconf 89' lang='lat' dir='ltr'><strong>praesto</strong></span> 
     </span>
     <span class='ocr_line' id='line_1_13' title="bbox 315 1754 457 1817; baseline 0.014 -2"><span class='ocrx_word' id='word_1_98' title='bbox 315 1760 370 1816; x_wconf 89' lang='lat' dir='ltr'><strong>est</strong></span> <span class='ocrx_word' id='word_1_99' title='bbox 384 1754 457 1817; x_wconf 88' lang='lat' dir='ltr'><strong>Ate.</strong></span> 
     </span>
    </p>

    <p class='ocr_par' dir='ltr' id='par_1_3' title="bbox 311 1838 1560 2907">
     <span class='ocr_line' id='line_1_14' title="bbox 360 1838 1513 1917; baseline 0.001 -18"><span class='ocrx_word' id='word_1_100' title='bbox 360 1838 411 1899; x_wconf 93' lang='lat' dir='ltr'><strong>De</strong></span> <span class='ocrx_word' id='word_1_101' title='bbox 432 1838 539 1900; x_wconf 86' lang='lat' dir='ltr'><strong>altero</strong></span> <span class='ocrx_word' id='word_1_102' title='bbox 563 1838 658 1901; x_wconf 89' lang='lat' dir='ltr'><strong>erede</strong></span> <span class='ocrx_word' id='word_1_103' title='bbox 683 1838 764 1900; x_wconf 90' lang='lat' dir='ltr'><strong>mihi</strong></span> <span class='ocrx_word' id='word_1_104' title='bbox 789 1839 958 1900; x_wconf 91' lang='lat' dir='ltr'><strong>iustiorem</strong></span> <span class='ocrx_word' id='word_1_105' title='bbox 982 1858 1053 1900; x_wconf 91' lang='lat' dir='ltr'><strong>esse</strong></span> <span class='ocrx_word' id='word_1_106' title='bbox 1078 1838 1323 1899; x_wconf 83' lang='lat' dir='ltr'><strong>excusationem</strong></span> <span class='ocrx_word' id='word_1_107' title='bbox 1348 1857 1449 1917; x_wconf 89' lang='lat' dir='ltr'><strong>quam</strong></span> <span class='ocrx_word' id='word_1_108' title='bbox 1474 1845 1513 1900; x_wconf 92' lang='lat' dir='ltr'><strong>tu</strong></span> 
     </span>
     <span class='ocr_line' id='line_1_15' title="bbox 315 1921 1513 2003; baseline 0.002 -21"><span class='ocrx_word' id='word_1_109' title='bbox 315 1940 449 2000; x_wconf 92' lang='lat' dir='ltr'><strong>quoque</strong></span> <span class='ocrx_word' id='word_1_110' title='bbox 478 1921 587 1996; x_wconf 90' lang='lat' dir='ltr'><strong>velles,</strong></span> <span class='ocrx_word' id='word_1_111' title='bbox 616 1929 670 1984; x_wconf 90' lang='lat' dir='ltr'><strong>sat</strong></span> <span class='ocrx_word' id='word_1_112' title='bbox 698 1924 775 1984; x_wconf 89' lang='lat' dir='ltr'><strong>scio.</strong></span> <span class='ocrx_word' id='word_1_113' title='bbox 822 1921 954 2003; x_wconf 87' lang='lat' dir='ltr'><strong>Septem</strong></span> <span class='ocrx_word' id='word_1_114' title='bbox 983 1924 1050 1983; x_wconf 88' lang='lat' dir='ltr'><strong>iam</strong></span> <span class='ocrx_word' id='word_1_115' title='bbox 1078 1940 1206 1982; x_wconf 90' lang='lat' dir='ltr'><strong>menses</strong></span> <span class='ocrx_word' id='word_1_116' title='bbox 1234 1922 1393 1995; x_wconf 87' lang='lat' dir='ltr'><strong>exierunt,</strong></span> <span class='ocrx_word' id='word_1_117' title='bbox 1423 1923 1513 2001; x_wconf 93' lang='lat' dir='ltr'><strong>quod</strong></span> 
     </span>
     <span class='ocr_line' id='line_1_16' title="bbox 316 2003 1560 2085; baseline -0.003 -20"><span class='ocrx_word' id='word_1_118' title='bbox 316 2005 569 2085; x_wconf 91' lang='lat' dir='ltr'><strong>amplitudinem</strong></span> <span class='ocrx_word' id='word_1_119' title='bbox 585 2011 678 2067; x_wconf 89' lang='lat' dir='ltr'><strong>tuam</strong></span> <span class='ocrx_word' id='word_1_120' title='bbox 692 2006 791 2067; x_wconf 93' lang='lat' dir='ltr'><strong>nullis</strong></span> <span class='ocrx_word' id='word_1_121' title='bbox 805 2005 926 2067; x_wconf 88' lang='lat' dir='ltr'><strong>litteris</strong></span> <span class='ocrx_word' id='word_1_122' title='bbox 940 2004 1172 2085; x_wconf 89' lang='lat' dir='ltr'><strong>compellarim.</strong></span> <span class='ocrx_word' id='word_1_123' title='bbox 1216 2003 1350 2066; x_wconf 91' lang='lat' dir='ltr'><strong>Vtinam</strong></span> <span class='ocrx_word' id='word_1_124' title='bbox 1365 2005 1417 2066; x_wconf 91' lang='lat' dir='ltr'><strong>hie</strong></span> <span class='ocrx_word' id='word_1_125' title='bbox 1431 2006 1512 2067; x_wconf 94' lang='lat' dir='ltr'><strong>nihil</strong></span> <span class='ocrx_word' id='word_1_126' title='bbox 1526 2024 1560 2073; x_wconf 84' lang='lat'><strong>3⁰</strong></span> 
     </span>
     <span class='ocr_line' id='line_1_17' title="bbox 315 2087 1512 2168; baseline 0.003 -20"><span class='ocrx_word' id='word_1_127' title='bbox 315 2087 408 2149; x_wconf 90' lang='lat' dir='ltr'><strong>aliud</strong></span> <span class='ocrx_word' id='word_1_128' title='bbox 422 2090 550 2150; x_wconf 89' lang='lat' dir='ltr'><strong>causari</strong></span> <span class='ocrx_word' id='word_1_129' title='bbox 564 2089 663 2150; x_wconf 88' lang='lat' dir='ltr'><strong>liceat</strong></span> <span class='ocrx_word' id='word_1_130' title='bbox 673 2108 773 2168; x_wconf 92' lang='lat' dir='ltr'><strong>quam</strong></span> <span class='ocrx_word' id='word_1_131' title='bbox 785 2088 1031 2150; x_wconf 88' lang='lat' dir='ltr'><strong>tabellariorum</strong></span> <span class='ocrx_word' id='word_1_132' title='bbox 1045 2089 1199 2167; x_wconf 90' lang='lat' dir='ltr'><strong>inopiam,</strong></span> <span class='ocrx_word' id='word_1_133' title='bbox 1211 2106 1312 2167; x_wconf 88' lang='lat' dir='ltr'><strong>quam</strong></span> <span class='ocrx_word' id='word_1_134' title='bbox 1326 2088 1512 2151; x_wconf 90' lang='lat' dir='ltr'><strong>studiorum</strong></span> 
     </span>
     <span class='ocr_line' id='line_1_18' title="bbox 314 2170 1512 2252; baseline 0.003 -20"><span class='ocrx_word' id='word_1_135' title='bbox 314 2174 564 2251; x_wconf 81' lang='lat' dir='ltr'><strong>occupationes:</strong></span> <span class='ocrx_word' id='word_1_136' title='bbox 588 2172 646 2234; x_wconf 93' lang='lat' dir='ltr'><strong>sed</strong></span> <span class='ocrx_word' id='word_1_137' title='bbox 660 2172 703 2233; x_wconf 91' lang='lat' dir='ltr'><strong>ab</strong></span> <span class='ocrx_word' id='word_1_138' title='bbox 717 2192 757 2233; x_wconf 91' lang='lat' dir='ltr'><strong>eo</strong></span> <span class='ocrx_word' id='word_1_139' title='bbox 771 2172 927 2252; x_wconf 89' lang='lat' dir='ltr'><strong>languore</strong></span> <span class='ocrx_word' id='word_1_140' title='bbox 941 2173 999 2251; x_wconf 92' lang='lat' dir='ltr'><strong>qui</strong></span> <span class='ocrx_word' id='word_1_141' title='bbox 1013 2190 1066 2233; x_wconf 90' lang='lat' dir='ltr'><strong>me</strong></span> <span class='ocrx_word' id='word_1_142' title='bbox 1080 2171 1160 2233; x_wconf 92' lang='lat' dir='ltr'><strong>dum</strong></span> <span class='ocrx_word' id='word_1_143' title='bbox 1174 2170 1227 2232; x_wconf 89' lang='lat' dir='ltr'><strong>hie</strong></span> <span class='ocrx_word' id='word_1_144' title='bbox 1242 2176 1328 2232; x_wconf 92' lang='lat' dir='ltr'><strong>esset</strong></span> <span class='ocrx_word' id='word_1_145' title='bbox 1342 2171 1512 2235; x_wconf 87' lang='lat' dir='ltr'><strong>Mellarius</strong></span> 
     </span>
     <span class='ocr_line' id='line_1_19' title="bbox 314 2255 1511 2335; baseline 0.002 -20"><span class='ocrx_word' id='word_1_146' title='bbox 314 2256 404 2335; x_wconf 92' lang='lat' dir='ltr'><strong>cepit</strong></span> <span class='ocrx_word' id='word_1_147' title='bbox 426 2257 484 2317; x_wconf 86' lang='lat' dir='ltr'><strong>vix</strong></span> <span class='ocrx_word' id='word_1_148' title='bbox 506 2256 568 2317; x_wconf 88' lang='lat' dir='ltr'><strong>sub</strong></span> <span class='ocrx_word' id='word_1_149' title='bbox 593 2255 739 2335; x_wconf 86' lang='lat' dir='ltr'><strong>Aprilem</strong></span> <span class='ocrx_word' id='word_1_150' title='bbox 760 2256 974 2328; x_wconf 91' lang='lat' dir='ltr'><strong>reualueram,</strong></span> <span class='ocrx_word' id='word_1_151' title='bbox 998 2274 1103 2334; x_wconf 91' lang='lat' dir='ltr'><strong>quum</strong></span> <span class='ocrx_word' id='word_1_152' title='bbox 1128 2255 1240 2316; x_wconf 88' lang='lat' dir='ltr'><strong>subito</strong></span> <span class='ocrx_word' id='word_1_153' title='bbox 1260 2255 1352 2316; x_wconf 85' lang='lat' dir='ltr'><strong>venti</strong></span> <span class='ocrx_word' id='word_1_154' title='bbox 1376 2255 1511 2334; x_wconf 90' lang='lat' dir='ltr'><strong>quidam</strong></span> 
     </span>
     <span class='ocr_line' id='line_1_20' title="bbox 314 2337 1512 2401; baseline 0.002 -3"><span class='ocrx_word' id='word_1_155' title='bbox 314 2337 519 2400; x_wconf 88' lang='lat' dir='ltr'><strong>blandissimi</strong></span> <span class='ocrx_word' id='word_1_156' title='bbox 533 2339 591 2401; x_wconf 93' lang='lat' dir='ltr'><strong>sed</strong></span> <span class='ocrx_word' id='word_1_157' title='bbox 605 2341 826 2400; x_wconf 84' lang='lat' dir='ltr'><strong>nocentissimi</strong></span> <span class='ocrx_word' id='word_1_158' title='bbox 840 2339 992 2400; x_wconf 90' lang='lat' dir='ltr'><strong>morbum</strong></span> <span class='ocrx_word' id='word_1_159' title='bbox 1007 2343 1214 2400; x_wconf 87' lang='lat' dir='ltr'><strong>reuooarunt.</strong></span> <span class='ocrx_word' id='word_1_160' title='bbox 1254 2338 1402 2399; x_wconf 90' lang='lat' dir='ltr'><strong>Primum</strong></span> <span class='ocrx_word' id='word_1_161' title='bbox 1416 2345 1512 2400; x_wconf 86' lang='lat' dir='ltr'><strong>erant</strong></span> 
     </span>
     <span class='ocr_line' id='line_1_21' title="bbox 313 2419 1556 2502; baseline 0.006 -21"><span class='ocrx_word' id='word_1_162' title='bbox 313 2419 383 2482; x_wconf 91' lang='lat' dir='ltr'><strong>alui</strong></span> <span class='ocrx_word' id='word_1_163' title='bbox 417 2424 569 2495; x_wconf 86' lang='lat' dir='ltr'><strong>tormina,</strong></span> <span class='ocrx_word' id='word_1_164' title='bbox 598 2424 763 2484; x_wconf 88' lang='lat' dir='ltr'><strong>cruciatus</strong></span> <span class='ocrx_word' id='word_1_165' title='bbox 791 2429 897 2483; x_wconf 84' lang='lat' dir='ltr'><strong>morte</strong></span> <span class='ocrx_word' id='word_1_166' title='bbox 925 2421 1096 2483; x_wconf 88' lang='lat' dir='ltr'><strong>crudelior.</strong></span> <span class='ocrx_word' id='word_1_167' title='bbox 1150 2420 1313 2482; x_wconf 88' lang='lat' dir='ltr'><strong>Successit</strong></span> <span class='ocrx_word' id='word_1_168' title='bbox 1340 2428 1510 2502; x_wconf 84' lang='lat' dir='ltr'><strong>apostema</strong></span> <span class='ocrx_word' id='word_1_169' title='bbox 1524 2440 1556 2491; x_wconf 82' lang='lat'><strong>35</strong></span> 
     </span>
     <span class='ocr_line' id='line_1_22' title="bbox 313 2503 1510 2586; baseline 0.003 -22"><span class='ocrx_word' id='word_1_170' title='bbox 313 2504 431 2566; x_wconf 86' lang='lat' dir='ltr'><strong>subter</strong></span> <span class='ocrx_word' id='word_1_171' title='bbox 451 2505 652 2567; x_wconf 76' lang='lat' dir='ltr'><strong>umbilicum.</strong></span> <span class='ocrx_word' id='word_1_172' title='bbox 696 2505 782 2566; x_wconf 89' lang='lat' dir='ltr'><strong>Hine</strong></span> <span class='ocrx_word' id='word_1_173' title='bbox 803 2505 883 2567; x_wconf 92' lang='lat' dir='ltr'><strong>mihi</strong></span> <span class='ocrx_word' id='word_1_174' title='bbox 901 2525 952 2567; x_wconf 91' lang='lat' dir='ltr'><strong>res</strong></span> <span class='ocrx_word' id='word_1_175' title='bbox 972 2504 1039 2566; x_wconf 86' lang='lat' dir='ltr'><strong>fuit</strong></span> <span class='ocrx_word' id='word_1_176' title='bbox 1060 2523 1135 2566; x_wconf 88' lang='lat' dir='ltr'><strong>eam</strong></span> <span class='ocrx_word' id='word_1_177' title='bbox 1153 2503 1286 2565; x_wconf 90' lang='lat' dir='ltr'><strong>medicis</strong></span> <span class='ocrx_word' id='word_1_178' title='bbox 1305 2510 1340 2565; x_wconf 92' lang='lat' dir='ltr'><strong>et</strong></span> <span class='ocrx_word' id='word_1_179' title='bbox 1359 2505 1510 2586; x_wconf 81' lang='lat' dir='ltr'><strong>chirurgo</strong></span> 
     </span>
     <span class='ocr_line' id='line_1_23' title="bbox 313 2588 1509 2663; baseline 0.002 -15"><span class='ocrx_word' id='word_1_180' title='bbox 313 2588 568 2663; x_wconf 91' lang='lat' dir='ltr'><strong>immanissimo;</strong></span> <span class='ocrx_word' id='word_1_181' title='bbox 590 2608 650 2650; x_wconf 89' lang='lat' dir='ltr'><strong>nec</strong></span> <span class='ocrx_word' id='word_1_182' title='bbox 670 2594 743 2650; x_wconf 89' lang='lat' dir='ltr'><strong>erat</strong></span> <span class='ocrx_word' id='word_1_183' title='bbox 760 2588 833 2650; x_wconf 90' lang='lat' dir='ltr'><strong>finis</strong></span> <span class='ocrx_word' id='word_1_184' title='bbox 852 2589 996 2661; x_wconf 87' lang='lat' dir='ltr'><strong>iuturus,</strong></span> <span class='ocrx_word' id='word_1_185' title='bbox 1016 2589 1079 2649; x_wconf 91' lang='lat' dir='ltr'><strong>nisi</strong></span> <span class='ocrx_word' id='word_1_186' title='bbox 1100 2588 1187 2649; x_wconf 86' lang='lat' dir='ltr'><strong>ferro</strong></span> <span class='ocrx_word' id='word_1_187' title='bbox 1208 2594 1358 2649; x_wconf 87' lang='lat' dir='ltr'><strong>ventrem</strong></span> <span class='ocrx_word' id='word_1_188' title='bbox 1380 2589 1509 2651; x_wconf 88' lang='lat' dir='ltr'><strong>incidis·</strong></span> 
     </span>
     <span class='ocr_line' id='line_1_24' title="bbox 313 2671 1508 2752; baseline 0.003 -21"><span class='ocrx_word' id='word_1_189' title='bbox 313 2690 432 2732; x_wconf 87' lang='lat' dir='ltr'><strong>semus.</strong></span> <span class='ocrx_word' id='word_1_190' title='bbox 477 2671 550 2733; x_wconf 87' lang='lat' dir='ltr'><strong>Hoe</strong></span> <span class='ocrx_word' id='word_1_191' title='bbox 571 2692 686 2752; x_wconf 89' lang='lat' dir='ltr'><strong>genere</strong></span> <span class='ocrx_word' id='word_1_192' title='bbox 707 2673 823 2734; x_wconf 88' lang='lat' dir='ltr'><strong>mortis</strong></span> <span class='ocrx_word' id='word_1_193' title='bbox 849 2672 946 2734; x_wconf 91' lang='lat' dir='ltr'><strong>diuus</strong></span> <span class='ocrx_word' id='word_1_194' title='bbox 971 2671 1127 2733; x_wconf 86' lang='lat' dir='ltr'><strong>Erasmus</strong></span> <span class='ocrx_word' id='word_1_195' title='bbox 1152 2672 1278 2751; x_wconf 80' lang='lat' dir='ltr'><strong>peregit</strong></span> <span class='ocrx_word' id='word_1_196' title='bbox 1303 2673 1508 2751; x_wconf 87' lang='lat' dir='ltr'><strong>martyrium.</strong></span> 
     </span>
     <span class='ocr_line' id='line_1_25' title="bbox 311 2752 1509 2835; baseline 0.002 -20"><span class='ocrx_word' id='word_1_197' title='bbox 311 2752 397 2815; x_wconf 84' lang='lat' dir='ltr'><strong>Cum</strong></span> <span class='ocrx_word' id='word_1_198' title='bbox 421 2754 483 2817; x_wconf 90' lang='lat' dir='ltr'><strong>hoe</strong></span> <span class='ocrx_word' id='word_1_199' title='bbox 506 2755 593 2817; x_wconf 86' lang='lat' dir='ltr'><strong>malo</strong></span> <span class='ocrx_word' id='word_1_200' title='bbox 616 2757 761 2835; x_wconf 92' lang='lat' dir='ltr'><strong>quinque</strong></span> <span class='ocrx_word' id='word_1_201' title='bbox 783 2756 885 2817; x_wconf 86' lang='lat' dir='ltr'><strong>ferme</strong></span> <span class='ocrx_word' id='word_1_202' title='bbox 909 2773 1036 2816; x_wconf 89' lang='lat' dir='ltr'><strong>menses</strong></span> <span class='ocrx_word' id='word_1_203' title='bbox 1057 2754 1203 2816; x_wconf 84' lang='lat' dir='ltr'><strong>luctatus</strong></span> <span class='ocrx_word' id='word_1_204' title='bbox 1228 2774 1310 2828; x_wconf 93' lang='lat' dir='ltr'><strong>sum,</strong></span> <span class='ocrx_word' id='word_1_205' title='bbox 1332 2774 1353 2816; x_wconf 94' lang='lat' dir='ltr'><strong>a</strong></span> <span class='ocrx_word' id='word_1_206' title='bbox 1376 2775 1442 2833; x_wconf 93' lang='lat' dir='ltr'><strong>quo</strong></span> <span class='ocrx_word' id='word_1_207' title='bbox 1463 2758 1509 2817; x_wconf 90' lang='lat' dir='ltr'><strong>sie</strong></span> 
     </span>
     <span class='ocr_line' id='line_1_26' title="bbox 312 2837 1556 2907; baseline 0 -9"><span class='ocrx_word' id='word_1_208' title='bbox 312 2837 449 2899; x_wconf 86' lang='lat' dir='ltr'><strong>tandem</strong></span> <span class='ocrx_word' id='word_1_209' title='bbox 463 2838 614 2900; x_wconf 89' lang='lat' dir='ltr'><strong>dimissus</strong></span> <span class='ocrx_word' id='word_1_210' title='bbox 628 2859 701 2901; x_wconf 89' lang='lat' dir='ltr'><strong>sum</strong></span> <span class='ocrx_word' id='word_1_211' title='bbox 716 2845 756 2900; x_wconf 85' lang='lat' dir='ltr'><strong>vt</strong></span> <span class='ocrx_word' id='word_1_212' title='bbox 770 2859 822 2900; x_wconf 90' lang='lat' dir='ltr'><strong>me</strong></span> <span class='ocrx_word' id='word_1_213' title='bbox 836 2838 917 2900; x_wconf 91' lang='lat' dir='ltr'><strong>mihi</strong></span> <span class='ocrx_word' id='word_1_214' title='bbox 930 2837 1109 2900; x_wconf 83' lang='lat' dir='ltr'><strong>reddiderit</strong></span> <span class='ocrx_word' id='word_1_215' title='bbox 1122 2837 1376 2899; x_wconf 89' lang='lat' dir='ltr'><strong>imbecilliorem.</strong></span> <span class='ocrx_word' id='word_1_216' title='bbox 1522 2855 1556 2907; x_wconf 81' lang='lat'><strong>40</strong></span> 
     </span>
    </p>

    <p class='ocr_par' dir='ltr' id='par_1_4' title="bbox 302 2920 1553 4337">
     <span class='ocr_line' id='line_1_27' title="bbox 354 2920 1509 3004; baseline 0.001 -21"><span class='ocrx_word' id='word_1_217' title='bbox 354 2920 490 2984; x_wconf 89' lang='lat' dir='ltr'><strong>Vtinam</strong></span> <span class='ocrx_word' id='word_1_218' title='bbox 500 2922 579 2984; x_wconf 91' lang='lat' dir='ltr'><strong>mihi</strong></span> <span class='ocrx_word' id='word_1_219' title='bbox 588 2922 732 2984; x_wconf 88' lang='lat' dir='ltr'><strong>licuisset</strong></span> <span class='ocrx_word' id='word_1_220' title='bbox 743 2928 803 2984; x_wconf 90' lang='lat' dir='ltr'><strong>tua</strong></span> <span class='ocrx_word' id='word_1_221' title='bbox 811 2929 930 3004; x_wconf 86' lang='lat' dir='ltr'><strong>tempe,</strong></span> <span class='ocrx_word' id='word_1_222' title='bbox 943 2929 1102 3002; x_wconf 92' lang='lat' dir='ltr'><strong>tuamque</strong></span> <span class='ocrx_word' id='word_1_223' title='bbox 1113 2921 1253 2983; x_wconf 89' lang='lat' dir='ltr'><strong>insulam</strong></span> <span class='ocrx_word' id='word_1_224' title='bbox 1265 2923 1397 2984; x_wconf 90' lang='lat' dir='ltr'><strong>nomine</strong></span> <span class='ocrx_word' id='word_1_225' title='bbox 1405 2923 1509 3003; x_wconf 91' lang='lat' dir='ltr'><strong>magis</strong></span> 
     </span>
     <span class='ocr_line' id='line_1_28' title="bbox 311 3005 1507 3084; baseline 0.002 -18"><span class='ocrx_word' id='word_1_226' title='bbox 311 3023 414 3084; x_wconf 88' lang='lat' dir='ltr'><strong>quam</strong></span> <span class='ocrx_word' id='word_1_227' title='bbox 431 3025 466 3067; x_wconf 91' lang='lat' dir='ltr'><strong>re</strong></span> <span class='ocrx_word' id='word_1_228' title='bbox 481 3005 660 3068; x_wconf 86' lang='lat' dir='ltr'><strong>Barbaram</strong></span> <span class='ocrx_word' id='word_1_229' title='bbox 681 3008 829 3068; x_wconf 89' lang='lat' dir='ltr'><strong>inuisere.</strong></span> <span class='ocrx_word' id='word_1_230' title='bbox 874 3006 988 3067; x_wconf 80' lang='lat' dir='ltr'><strong>Talem</strong></span> <span class='ocrx_word' id='word_1_231' title='bbox 1009 3007 1095 3067; x_wconf 91' lang='lat' dir='ltr'><strong>enim</strong></span> <span class='ocrx_word' id='word_1_232' title='bbox 1115 3005 1224 3066; x_wconf 91' lang='lat' dir='ltr'><strong>sedem</strong></span> <span class='ocrx_word' id='word_1_233' title='bbox 1239 3005 1433 3068; x_wconf 90' lang='lat' dir='ltr'><strong>iamdudum</strong></span> <span class='ocrx_word' id='word_1_234' title='bbox 1448 3008 1507 3068; x_wconf 89' lang='lat' dir='ltr'><strong>cir·</strong></span> 
     </span>
     <span class='ocr_line' id='line_1_29' title="bbox 310 3088 1509 3169; baseline 0.003 -20"><span class='ocrx_word' id='word_1_235' title='bbox 310 3089 499 3169; x_wconf 88' lang='lat' dir='ltr'><strong>cumspieio,</strong></span> <span class='ocrx_word' id='word_1_236' title='bbox 521 3090 555 3151; x_wconf 92' lang='lat' dir='ltr'><strong>in</strong></span> <span class='ocrx_word' id='word_1_237' title='bbox 577 3109 644 3169; x_wconf 90' lang='lat' dir='ltr'><strong>qua</strong></span> <span class='ocrx_word' id='word_1_238' title='bbox 665 3108 738 3151; x_wconf 89' lang='lat' dir='ltr'><strong>mea</strong></span> <span class='ocrx_word' id='word_1_239' title='bbox 759 3095 910 3152; x_wconf 87' lang='lat' dir='ltr'><strong>senectus</strong></span> <span class='ocrx_word' id='word_1_240' title='bbox 930 3090 996 3151; x_wconf 90' lang='lat' dir='ltr'><strong>iam</strong></span> <span class='ocrx_word' id='word_1_241' title='bbox 1018 3095 1053 3150; x_wconf 89' lang='lat' dir='ltr'><strong>et</strong></span> <span class='ocrx_word' id='word_1_242' title='bbox 1077 3088 1245 3150; x_wconf 93' lang='lat' dir='ltr'><strong>laboribus</strong></span> <span class='ocrx_word' id='word_1_243' title='bbox 1265 3094 1301 3150; x_wconf 94' lang='lat' dir='ltr'><strong>et</strong></span> <span class='ocrx_word' id='word_1_244' title='bbox 1321 3090 1401 3151; x_wconf 89' lang='lat' dir='ltr'><strong>rixis</strong></span> <span class='ocrx_word' id='word_1_245' title='bbox 1422 3090 1509 3152; x_wconf 87' lang='lat' dir='ltr'><strong>lassa</strong></span> 
     </span>
     <span class='ocr_line' id='line_1_30' title="bbox 309 3172 1508 3251; baseline 0.002 -19"><span class='ocrx_word' id='word_1_246' title='bbox 309 3173 531 3251; x_wconf 86' lang='lat' dir='ltr'><strong>conquiescat.</strong></span> <span class='ocrx_word' id='word_1_247' title='bbox 576 3173 706 3235; x_wconf 92' lang='lat' dir='ltr'><strong>Inuitcr</strong></span> <span class='ocrx_word' id='word_1_248' title='bbox 731 3193 751 3234; x_wconf 92' lang='lat' dir='ltr'><strong>a</strong></span> <span class='ocrx_word' id='word_1_249' title='bbox 773 3173 897 3246; x_wconf 91' lang='lat' dir='ltr'><strong>multis,</strong></span> <span class='ocrx_word' id='word_1_250' title='bbox 923 3172 980 3234; x_wconf 91' lang='lat' dir='ltr'><strong>sed</strong></span> <span class='ocrx_word' id='word_1_251' title='bbox 996 3173 1105 3234; x_wconf 88' lang='lat' dir='ltr'><strong>nescio</strong></span> <span class='ocrx_word' id='word_1_252' title='bbox 1127 3191 1193 3251; x_wconf 92' lang='lat' dir='ltr'><strong>quo</strong></span> <span class='ocrx_word' id='word_1_253' title='bbox 1214 3191 1335 3234; x_wconf 88' lang='lat' dir='ltr'><strong>arcano</strong></span> <span class='ocrx_word' id='word_1_254' title='bbox 1356 3192 1452 3234; x_wconf 91' lang='lat' dir='ltr'><strong>sensu</strong></span> <span class='ocrx_word' id='word_1_255' title='bbox 1473 3174 1508 3234; x_wconf 94' lang='lat' dir='ltr'><strong>in</strong></span> 
     </span>
     <span class='ocr_line' id='line_1_31' title="bbox 309 3252 1553 3335; baseline 0.003 -19"><span class='ocrx_word' id='word_1_256' title='bbox 309 3252 451 3316; x_wconf 86' lang='lat' dir='ltr'><strong>Galliam</strong></span> <span class='ocrx_word' id='word_1_257' title='bbox 472 3255 609 3317; x_wconf 88' lang='lat' dir='ltr'><strong>inclinat</strong></span> <span class='ocrx_word' id='word_1_258' title='bbox 630 3258 768 3330; x_wconf 88' lang='lat' dir='ltr'><strong>animus,</strong></span> <span class='ocrx_word' id='word_1_259' title='bbox 790 3276 857 3318; x_wconf 91' lang='lat' dir='ltr'><strong>non</strong></span> <span class='ocrx_word' id='word_1_260' title='bbox 878 3257 947 3318; x_wconf 87' lang='lat' dir='ltr'><strong>vini</strong></span> <span class='ocrx_word' id='word_1_261' title='bbox 967 3274 1067 3317; x_wconf 89' lang='lat' dir='ltr'><strong>eausa</strong></span> <span class='ocrx_word' id='word_1_262' title='bbox 1091 3260 1235 3328; x_wconf 88' lang='lat' dir='ltr'><strong>tantum,</strong></span> <span class='ocrx_word' id='word_1_263' title='bbox 1257 3275 1448 3335; x_wconf 86' lang='lat' dir='ltr'><strong>quanquam</strong></span> <span class='ocrx_word' id='word_1_264' title='bbox 1472 3262 1508 3318; x_wconf 92' lang='lat' dir='ltr'><strong>et</strong></span> <span class='ocrx_word' id='word_1_265' title='bbox 1520 3271 1553 3323; x_wconf 83' lang='lat'><strong>45</strong></span> 
     </span>
     <span class='ocr_line' id='line_1_32' title="bbox 308 3337 1507 3419; baseline 0.001 -20"><span class='ocrx_word' id='word_1_266' title='bbox 308 3337 372 3399; x_wconf 91' lang='lat' dir='ltr'><strong>hoc</strong></span> <span class='ocrx_word' id='word_1_267' title='bbox 397 3344 449 3400; x_wconf 91' lang='lat' dir='ltr'><strong>est</strong></span> <span class='ocrx_word' id='word_1_268' title='bbox 473 3339 607 3419; x_wconf 89' lang='lat' dir='ltr'><strong>aliquid.</strong></span> <span class='ocrx_word' id='word_1_269' title='bbox 652 3340 739 3401; x_wconf 89' lang='lat' dir='ltr'><strong>Nam</strong></span> <span class='ocrx_word' id='word_1_270' title='bbox 763 3340 824 3401; x_wconf 91' lang='lat' dir='ltr'><strong>hae</strong></span> <span class='ocrx_word' id='word_1_271' title='bbox 850 3345 978 3400; x_wconf 89' lang='lat' dir='ltr'><strong>aestate</strong></span> <span class='ocrx_word' id='word_1_272' title='bbox 1002 3340 1175 3400; x_wconf 90' lang='lat' dir='ltr'><strong>minimum</strong></span> <span class='ocrx_word' id='word_1_273' title='bbox 1203 3338 1313 3400; x_wconf 85' lang='lat' dir='ltr'><strong>abfuit</strong></span> <span class='ocrx_word' id='word_1_274' title='bbox 1341 3341 1422 3418; x_wconf 93' lang='lat' dir='ltr'><strong>quin</strong></span> <span class='ocrx_word' id='word_1_275' title='bbox 1451 3342 1507 3400; x_wconf 90' lang='lat' dir='ltr'><strong>siti</strong></span> 
     </span>
     <span class='ocr_line' id='line_1_33' title="bbox 306 3421 1507 3586; baseline 0.001 -21"><span class='ocrx_word' id='word_1_276' title='bbox 306 3421 901 3586; x_wconf 56' lang='lat' dir='ltr'><strong>tfltltlltmluffutlltt</strong></span> <span class='ocrx_word' id='word_1_277' title='bbox 921 3422 1507 3584; x_wconf 52' lang='lat' dir='ltr'><strong>fmtthtssmltltthtt</strong></span> 
     </span>
     <span class='ocr_line' id='line_1_34' title="bbox 306 3588 1504 3669; baseline 0.002 -21"><span class='ocrx_word' id='word_1_278' title='bbox 306 3589 482 3650; x_wconf 84' lang='lat' dir='ltr'><strong>canonicos</strong></span> <span class='ocrx_word' id='word_1_279' title='bbox 492 3608 559 3650; x_wconf 94' lang='lat' dir='ltr'><strong>non</strong></span> <span class='ocrx_word' id='word_1_280' title='bbox 569 3589 774 3668; x_wconf 86' lang='lat' dir='ltr'><strong>expediebat.</strong></span> <span class='ocrx_word' id='word_1_281' title='bbox 805 3589 1001 3669; x_wconf 91' lang='lat' dir='ltr'><strong>Lugdunum</strong></span> <span class='ocrx_word' id='word_1_282' title='bbox 1014 3608 1111 3669; x_wconf 86' lang='lat' dir='ltr'><strong>saepe</strong></span> <span class='ocrx_word' id='word_1_283' title='bbox 1125 3588 1314 3667; x_wconf 90' lang='lat' dir='ltr'><strong>gestiebam,</strong></span> <span class='ocrx_word' id='word_1_284' title='bbox 1326 3588 1382 3649; x_wconf 90' lang='lat' dir='ltr'><strong>sed</strong></span> <span class='ocrx_word' id='word_1_285' title='bbox 1398 3588 1504 3650; x_wconf 89' lang='lat' dir='ltr'><strong>deter-</strong></span> 
     </span>
     <span class='ocr_line' id='line_1_35' title="bbox 306 3671 1551 3753; baseline 0.002 -21"><span class='ocrx_word' id='word_1_286' title='bbox 306 3672 405 3732; x_wconf 90' lang='lat' dir='ltr'><strong>rebat</strong></span> <span class='ocrx_word' id='word_1_287' title='bbox 426 3673 547 3752; x_wconf 84' lang='lat' dir='ltr'><strong>partim</strong></span> <span class='ocrx_word' id='word_1_288' title='bbox 568 3673 695 3733; x_wconf 90' lang='lat' dir='ltr'><strong>itineris</strong></span> <span class='ocrx_word' id='word_1_289' title='bbox 715 3672 897 3752; x_wconf 92' lang='lat' dir='ltr'><strong>longitudo,</strong></span> <span class='ocrx_word' id='word_1_290' title='bbox 919 3674 1041 3753; x_wconf 88' lang='lat' dir='ltr'><strong>partim</strong></span> <span class='ocrx_word' id='word_1_291' title='bbox 1067 3672 1149 3732; x_wconf 92' lang='lat' dir='ltr'><strong>nihil</strong></span> <span class='ocrx_word' id='word_1_292' title='bbox 1175 3671 1270 3732; x_wconf 89' lang='lat' dir='ltr'><strong>isthic</strong></span> <span class='ocrx_word' id='word_1_293' title='bbox 1296 3691 1366 3732; x_wconf 88' lang='lat' dir='ltr'><strong>esse</strong></span> <span class='ocrx_word' id='word_1_294' title='bbox 1387 3674 1503 3753; x_wconf 83' lang='lat' dir='ltr'><strong>parati,</strong></span> <span class='ocrx_word' id='word_1_295' title='bbox 1517 3685 1551 3735; x_wconf 79' lang='lat'><strong>50</strong></span> 
     </span>
     <span class='ocr_line' id='line_1_36' title="bbox 306 3753 1503 3834; baseline 0.001 -19"><span class='ocrx_word' id='word_1_296' title='bbox 306 3755 430 3834; x_wconf 83' lang='lat' dir='ltr'><strong>purtim</strong></span> <span class='ocrx_word' id='word_1_297' title='bbox 453 3754 585 3828; x_wconf 93' lang='lat' dir='ltr'><strong>bellum,</strong></span> <span class='ocrx_word' id='word_1_298' title='bbox 609 3755 698 3834; x_wconf 90' lang='lat' dir='ltr'><strong>quod</strong></span> <span class='ocrx_word' id='word_1_299' title='bbox 718 3755 888 3818; x_wconf 86' lang='lat' dir='ltr'><strong>ferebatur</strong></span> <span class='ocrx_word' id='word_1_300' title='bbox 908 3757 1049 3817; x_wconf 87' lang='lat' dir='ltr'><strong>existere</strong></span> <span class='ocrx_word' id='word_1_301' title='bbox 1070 3757 1157 3815; x_wconf 87' lang='lat' dir='ltr'><strong>inter</strong></span> <span class='ocrx_word' id='word_1_302' title='bbox 1178 3753 1349 3816; x_wconf 84' lang='lat' dir='ltr'><strong>Sabandos</strong></span> <span class='ocrx_word' id='word_1_303' title='bbox 1369 3762 1404 3816; x_wconf 90' lang='lat' dir='ltr'><strong>et</strong></span> <span class='ocrx_word' id='word_1_304' title='bbox 1426 3755 1503 3817; x_wconf 89' lang='lat' dir='ltr'><strong>Ber-</strong></span> 
     </span>
     <span class='ocr_line' id='line_1_37' title="bbox 305 3837 1503 3919; baseline 0.001 -20"><span class='ocrx_word' id='word_1_305' title='bbox 305 3844 411 3899; x_wconf 85' lang='lat' dir='ltr'><strong>nates.</strong></span> <span class='ocrx_word' id='word_1_306' title='bbox 455 3837 589 3899; x_wconf 81' lang='lat' dir='ltr'><strong>Certum</strong></span> <span class='ocrx_word' id='word_1_307' title='bbox 611 3843 684 3899; x_wconf 90' lang='lat' dir='ltr'><strong>erat</strong></span> <span class='ocrx_word' id='word_1_308' title='bbox 705 3840 748 3900; x_wconf 92' lang='lat' dir='ltr'><strong>ad</strong></span> <span class='ocrx_word' id='word_1_309' title='bbox 774 3837 934 3901; x_wconf 79' lang='lat' dir='ltr'><strong>calendas</strong></span> <span class='ocrx_word' id='word_1_310' title='bbox 959 3837 1159 3919; x_wconf 91' lang='lat' dir='ltr'><strong>Septembris</strong></span> <span class='ocrx_word' id='word_1_311' title='bbox 1184 3838 1293 3899; x_wconf 87' lang='lat' dir='ltr'><strong>isthuc</strong></span> <span class='ocrx_word' id='word_1_312' title='bbox 1315 3838 1503 3918; x_wconf 92' lang='lat' dir='ltr'><strong>demigrare,</strong></span> 
     </span>
     <span class='ocr_line' id='line_1_38' title="bbox 304 3920 1503 4001; baseline 0.002 -20"><span class='ocrx_word' id='word_1_313' title='bbox 304 3940 384 3982; x_wconf 86' lang='lat' dir='ltr'><strong>nam</strong></span> <span class='ocrx_word' id='word_1_314' title='bbox 406 3920 468 3994; x_wconf 90' lang='lat' dir='ltr'><strong>hie,</strong></span> <span class='ocrx_word' id='word_1_315' title='bbox 490 3928 621 4001; x_wconf 85' lang='lat' dir='ltr'><strong>praeter</strong></span> <span class='ocrx_word' id='word_1_316' title='bbox 642 3941 750 3983; x_wconf 90' lang='lat' dir='ltr'><strong>rerum</strong></span> <span class='ocrx_word' id='word_1_317' title='bbox 772 3924 1028 3984; x_wconf 88' lang='lat' dir='ltr'><strong>necessariarum</strong></span> <span class='ocrx_word' id='word_1_318' title='bbox 1049 3940 1212 3982; x_wconf 87' lang='lat' dir='ltr'><strong>summam</strong></span> <span class='ocrx_word' id='word_1_319' title='bbox 1234 3920 1285 3982; x_wconf 90' lang='lat' dir='ltr'><strong>vel</strong></span> <span class='ocrx_word' id='word_1_320' title='bbox 1307 3921 1503 3984; x_wconf 84' lang='lat' dir='ltr'><strong>charitatem</strong></span> 
     </span>
     <span class='ocr_line' id='line_1_39' title="bbox 304 4003 1502 4086; baseline 0.002 -22"><span class='ocrx_word' id='word_1_321' title='bbox 304 4003 359 4065; x_wconf 88' lang='lat' dir='ltr'><strong>vel</strong></span> <span class='ocrx_word' id='word_1_322' title='bbox 376 4005 531 4083; x_wconf 90' lang='lat' dir='ltr'><strong>inopiam,</strong></span> <span class='ocrx_word' id='word_1_323' title='bbox 546 4010 581 4065; x_wconf 92' lang='lat' dir='ltr'><strong>et</strong></span> <span class='ocrx_word' id='word_1_324' title='bbox 598 4007 705 4067; x_wconf 89' lang='lat' dir='ltr'><strong>saeuit</strong></span> <span class='ocrx_word' id='word_1_325' title='bbox 719 4006 807 4067; x_wconf 89' lang='lat' dir='ltr'><strong>mala</strong></span> <span class='ocrx_word' id='word_1_326' title='bbox 822 4006 1009 4086; x_wconf 90' lang='lat' dir='ltr'><strong>pestilentia</strong></span> <span class='ocrx_word' id='word_1_327' title='bbox 1026 4011 1061 4066; x_wconf 95' lang='lat' dir='ltr'><strong>et</strong></span> <span class='ocrx_word' id='word_1_328' title='bbox 1076 4003 1199 4065; x_wconf 92' lang='lat' dir='ltr'><strong>bellum</strong></span> <span class='ocrx_word' id='word_1_329' title='bbox 1215 4006 1352 4066; x_wconf 88' lang='lat' dir='ltr'><strong>timetur</strong></span> <span class='ocrx_word' id='word_1_330' title='bbox 1366 4024 1502 4085; x_wconf 88' lang='lat' dir='ltr'><strong>euange-</strong></span> 
     </span>
     <span class='ocr_line' id='line_1_40' title="bbox 304 4086 1549 4169; baseline 0.003 -21"><span class='ocrx_word' id='word_1_331' title='bbox 304 4086 423 4149; x_wconf 88' lang='lat' dir='ltr'><strong>licum:</strong></span> <span class='ocrx_word' id='word_1_332' title='bbox 450 4088 496 4149; x_wconf 91' lang='lat' dir='ltr'><strong>sie</strong></span> <span class='ocrx_word' id='word_1_333' title='bbox 517 4089 605 4148; x_wconf 90' lang='lat' dir='ltr'><strong>enim</strong></span> <span class='ocrx_word' id='word_1_334' title='bbox 630 4088 712 4150; x_wconf 89' lang='lat' dir='ltr'><strong>libet</strong></span> <span class='ocrx_word' id='word_1_335' title='bbox 732 4089 906 4169; x_wconf 87' lang='lat' dir='ltr'><strong>appellere.</strong></span> <span class='ocrx_word' id='word_1_336' title='bbox 951 4088 1014 4149; x_wconf 91' lang='lat' dir='ltr'><strong>Sed</strong></span> <span class='ocrx_word' id='word_1_337' title='bbox 1039 4087 1073 4148; x_wconf 92' lang='lat' dir='ltr'><strong>id</strong></span> <span class='ocrx_word' id='word_1_338' title='bbox 1098 4089 1256 4166; x_wconf 88' lang='lat' dir='ltr'><strong>temporis</strong></span> <span class='ocrx_word' id='word_1_339' title='bbox 1278 4095 1441 4149; x_wconf 89' lang='lat' dir='ltr'><strong>venerunt</strong></span> <span class='ocrx_word' id='word_1_340' title='bbox 1461 4101 1549 4152; x_wconf 76' lang='lat' dir='ltr'><strong>exst</strong></span> 
     </span>
     <span class='ocr_line' id='line_1_41' title="bbox 303 4169 1502 4250; baseline 0.003 -20"><span class='ocrx_word' id='word_1_341' title='bbox 303 4170 382 4232; x_wconf 86' lang='lat' dir='ltr'><strong>aula</strong></span> <span class='ocrx_word' id='word_1_342' title='bbox 407 4169 553 4233; x_wconf 61' lang='lat' dir='ltr'><strong>&amp;eserie</strong></span> <span class='ocrx_word' id='word_1_343' title='bbox 579 4171 711 4233; x_wconf 90' lang='lat' dir='ltr'><strong>litterae</strong></span> <span class='ocrx_word' id='word_1_344' title='bbox 735 4174 951 4234; x_wconf 86' lang='lat' dir='ltr'><strong>admonentes</strong></span> <span class='ocrx_word' id='word_1_345' title='bbox 976 4191 1018 4232; x_wconf 95' lang='lat' dir='ltr'><strong>ne</strong></span> <span class='ocrx_word' id='word_1_346' title='bbox 1043 4190 1109 4250; x_wconf 93' lang='lat' dir='ltr'><strong>quo</strong></span> <span class='ocrx_word' id='word_1_347' title='bbox 1134 4171 1251 4250; x_wconf 90' lang='lat' dir='ltr'><strong>pedem</strong></span> <span class='ocrx_word' id='word_1_348' title='bbox 1276 4177 1354 4233; x_wconf 89' lang='lat' dir='ltr'><strong>ante</strong></span> <span class='ocrx_word' id='word_1_349' title='bbox 1376 4173 1502 4234; x_wconf 85' lang='lat' dir='ltr'><strong>exitum</strong></span> 
     </span>
     <span class='ocr_line' id='line_1_42' title="bbox 302 4253 1501 4337; baseline 0.001 -22"><span class='ocrx_word' id='word_1_350' title='bbox 302 4253 450 4315; x_wconf 84' lang='lat' dir='ltr'><strong>concilii:</strong></span> <span class='ocrx_word' id='word_1_351' title='bbox 473 4256 501 4315; x_wconf 90' lang='lat' dir='ltr'><strong>si</strong></span> <span class='ocrx_word' id='word_1_352' title='bbox 520 4254 600 4333; x_wconf 89' lang='lat' dir='ltr'><strong>quid</strong></span> <span class='ocrx_word' id='word_1_353' title='bbox 617 4261 703 4316; x_wconf 87' lang='lat' dir='ltr'><strong>esset</strong></span> <span class='ocrx_word' id='word_1_354' title='bbox 719 4275 739 4316; x_wconf 86' lang='lat' dir='ltr'><strong>a</strong></span> <span class='ocrx_word' id='word_1_355' title='bbox 761 4255 848 4316; x_wconf 93' lang='lat' dir='ltr'><strong>bello</strong></span> <span class='ocrx_word' id='word_1_356' title='bbox 865 4254 1010 4337; x_wconf 90' lang='lat' dir='ltr'><strong>periculi,</strong></span> <span class='ocrx_word' id='word_1_357' title='bbox 1033 4256 1118 4315; x_wconf 91' lang='lat' dir='ltr'><strong>sein</strong></span> <span class='ocrx_word' id='word_1_358' title='bbox 1138 4261 1286 4335; x_wconf 87' lang='lat' dir='ltr'><strong>tempore</strong></span> <span class='ocrx_word' id='word_1_359' title='bbox 1309 4257 1501 4317; x_wconf 91' lang='lat' dir='ltr'><strong>monituros.</strong></span> 
     </span>
    </p>
   </div>
   <div class='ocr_carea' id='block_1_3' title="bbox 423 4362 1384 4430">
    <p class='ocr_par' dir='ltr' id='par_1_5' title="bbox 423 4362 1384 4430">
     <span class='ocr_line' id='line_1_43' title="bbox 423 4362 1384 4430; baseline 0.001 -17"><span class='ocrx_word' id='word_1_360' title='bbox 423 4377 464 4425; x_wconf 87' lang='lat'><strong>19.</strong></span> <span class='ocrx_word' id='word_1_361' title='bbox 482 4363 520 4413; x_wconf 92' lang='lat' dir='ltr'><strong>ob</strong></span> <span class='ocrx_word' id='word_1_362' title='bbox 530 4362 661 4414; x_wconf 77' lang='lat' dir='ltr'><em>JN¹LB=</em></span> <span class='ocrx_word' id='word_1_363' title='bbox 678 4364 717 4415; x_wconf 85' lang='lat' dir='ltr'><strong>ab</strong></span> <span class='ocrx_word' id='word_1_364' title='bbox 728 4364 768 4414; x_wconf 73' lang='grc' dir='ltr'><strong>Ν1</strong></span> <span class='ocrx_word' id='word_1_365' title='bbox 780 4365 868 4416; x_wconf 76' lang='lat' dir='ltr'><strong>Load</strong></span> <span class='ocrx_word' id='word_1_366' title='bbox 959 4378 1000 4415; x_wconf 87' lang='lat'><strong>21.</strong></span> <span class='ocrx_word' id='word_1_367' title='bbox 1019 4364 1174 4430; x_wconf 83' lang='lat' dir='ltr'><strong>acceperim</strong></span> <span class='ocrx_word' id='word_1_368' title='bbox 1186 4363 1230 4414; x_wconf 87' lang='lat' dir='ltr'><strong>N:</strong></span> <span class='ocrx_word' id='word_1_369' title='bbox 1247 4365 1343 4430; x_wconf 83' lang='lat' dir='ltr'><strong>accepi</strong></span> <span class='ocrx_word' id='word_1_370' title='bbox 1354 4363 1384 4414; x_wconf 86' lang='lat' dir='ltr'><strong>J.</strong></span> 
     </span>
    </p>
   </div>
   <div class='ocr_carea' id='block_1_4' title="bbox 297 4546 1503 5081">
    <p class='ocr_par' dir='ltr' id='par_1_6' title="bbox 297 4546 1503 5081">
     <span class='ocr_line' id='line_1_44' title="bbox 336 4546 1503 4613; baseline 0.001 -16"><span class='ocrx_word' id='word_1_371' title='bbox 336 4549 378 4598; x_wconf 84' lang='lat'><strong>16.</strong></span> <span class='ocrx_word' id='word_1_372' title='bbox 397 4547 805 4612; x_wconf 77' lang='lat' dir='ltr'><strong>huovenissetISeeEp.2277.</strong></span> <span class='ocrx_word' id='word_1_373' title='bbox 820 4560 876 4611; x_wconf 78' lang='lat'>1-5.</span> <span class='ocrx_word' id='word_1_374' title='bbox 962 4549 1006 4613; x_wconf 84' lang='lat'><strong>48.</strong></span> <span class='ocrx_word' id='word_1_375' title='bbox 1024 4546 1184 4609; x_wconf 88' lang='lat' dir='ltr'><strong>dissidium]</strong></span> <span class='ocrx_word' id='word_1_376' title='bbox 1201 4548 1257 4598; x_wconf 85' lang='lat' dir='ltr'><strong>For</strong></span> <span class='ocrx_word' id='word_1_377' title='bbox 1276 4563 1294 4598; x_wconf 83' lang='lat' dir='ltr'><strong>a</strong></span> <span class='ocrx_word' id='word_1_378' title='bbox 1312 4546 1364 4597; x_wconf 82' lang='lat' dir='ltr'><strong>tull</strong></span> <span class='ocrx_word' id='word_1_379' title='bbox 1380 4552 1503 4598; x_wconf 88' lang='lat' dir='ltr'><strong>account</strong></span> 
     </span>
     <span class='ocr_line' id='line_1_45' title="bbox 336 4613 1500 4680; baseline 0 -16"><span class='ocrx_word' id='word_1_380' title='bbox 336 4628 379 4664; x_wconf 91' lang='lat'><strong>20.</strong></span> <span class='ocrx_word' id='word_1_381' title='bbox 396 4613 513 4676; x_wconf 89' lang='lat' dir='ltr'><strong>munus]</strong></span> <span class='ocrx_word' id='word_1_382' title='bbox 525 4614 577 4665; x_wconf 84' lang='lat' dir='ltr'><strong>See</strong></span> <span class='ocrx_word' id='word_1_383' title='bbox 588 4614 644 4680; x_wconf 84' lang='lat' dir='ltr'><strong>Ep.</strong></span> <span class='ocrx_word' id='word_1_384' title='bbox 656 4628 731 4679; x_wconf 92' lang='grc'><strong>2277.</strong></span> <span class='ocrx_word' id='word_1_385' title='bbox 744 4627 803 4680; x_wconf 83' lang='grc'><strong>4-5.</strong></span> <span class='ocrx_word' id='word_1_386' title='bbox 928 4630 976 4666; x_wconf 87' lang='lat' dir='ltr'><strong>see</strong></span> <span class='ocrx_word' id='word_1_387' title='bbox 989 4615 1049 4665; x_wconf 73' lang='lat' dir='ltr'><strong>En.</strong></span> <span class='ocrx_word' id='word_1_388' title='bbox 1066 4627 1130 4675; x_wconf 84' lang='lat'>199;</span> <span class='ocrx_word' id='word_1_389' title='bbox 1147 4614 1184 4664; x_wconf 86' lang='lat' dir='ltr'><strong>ci.</strong></span> <span class='ocrx_word' id='word_1_390' title='bbox 1203 4615 1279 4680; x_wconf 83' lang='lat' dir='ltr'><strong>Epp.</strong></span> <span class='ocrx_word' id='word_1_391' title='bbox 1299 4619 1372 4664; x_wconf 72' lang='lat' dir='ltr'><strong>roro·</strong></span> <span class='ocrx_word' id='word_1_392' title='bbox 1393 4626 1500 4678; x_wconf 83' lang='lat'>115-42.</span> 
     </span>
     <span class='ocr_line' id='line_1_46' title="bbox 334 4679 1111 4746; baseline 0 -15"><span class='ocrx_word' id='word_1_393' title='bbox 334 4696 377 4746; x_wconf 80' lang='lat'><strong>45.</strong></span> <span class='ocrx_word' id='word_1_394' title='bbox 395 4679 527 4742; x_wconf 82' lang='lat' dir='ltr'><strong>Gelliam]</strong></span> <span class='ocrx_word' id='word_1_395' title='bbox 553 4681 629 4731; x_wconf 84' lang='lat' dir='ltr'><strong>Thst</strong></span> <span class='ocrx_word' id='word_1_396' title='bbox 656 4681 793 4732; x_wconf 83' lang='lat' dir='ltr'><strong>Erasmus</strong></span> <span class='ocrx_word' id='word_1_397' title='bbox 820 4681 878 4732; x_wconf 79' lang='lat' dir='ltr'><strong>had</strong></span> <span class='ocrx_word' id='word_1_398' title='bbox 931 4684 1004 4745; x_wconf 84' lang='lat'>1956.</span> <span class='ocrx_word' id='word_1_399' title='bbox 1018 4695 1111 4746; x_wconf 83' lang='lat'><strong>24-42.</strong></span> 
     </span>
     <span class='ocr_line' id='line_1_47' title="bbox 298 4745 1501 4812; baseline 0 -14"><span class='ocrx_word' id='word_1_400' title='bbox 298 4746 466 4798; x_wconf 86' lang='lat' dir='ltr'><strong>considered</strong></span> <span class='ocrx_word' id='word_1_401' title='bbox 479 4748 564 4812; x_wconf 85' lang='lat' dir='ltr'><strong>going</strong></span> <span class='ocrx_word' id='word_1_402' title='bbox 577 4754 609 4798; x_wconf 87' lang='lat' dir='ltr'><strong>to</strong></span> <span class='ocrx_word' id='word_1_403' title='bbox 624 4748 731 4798; x_wconf 78' lang='lat' dir='ltr'><strong>Franco</strong></span> <span class='ocrx_word' id='word_1_404' title='bbox 741 4749 766 4799; x_wconf 91' lang='lat' dir='ltr'><strong>is</strong></span> <span class='ocrx_word' id='word_1_405' title='bbox 777 4749 875 4799; x_wconf 82' lang='lat' dir='ltr'><strong>shown</strong></span> <span class='ocrx_word' id='word_1_406' title='bbox 961 4761 1003 4811; x_wconf 84' lang='lat'><strong>52.</strong></span> <span class='ocrx_word' id='word_1_407' title='bbox 1021 4748 1127 4810; x_wconf 88' lang='lat' dir='ltr'><strong>isthuc]</strong></span> <span class='ocrx_word' id='word_1_408' title='bbox 1141 4746 1176 4797; x_wconf 93' lang='lat' dir='ltr'><strong>In</strong></span> <span class='ocrx_word' id='word_1_409' title='bbox 1190 4747 1250 4798; x_wconf 85' lang='lat' dir='ltr'><strong>fect</strong></span> <span class='ocrx_word' id='word_1_410' title='bbox 1263 4747 1299 4797; x_wconf 89' lang='lat' dir='ltr'><strong>he</strong></span> <span class='ocrx_word' id='word_1_411' title='bbox 1310 4745 1368 4796; x_wconf 84' lang='lat' dir='ltr'><strong>hed</strong></span> <span class='ocrx_word' id='word_1_412' title='bbox 1378 4745 1408 4796; x_wconf 94' lang='lat' dir='ltr'><strong>in</strong></span> <span class='ocrx_word' id='word_1_413' title='bbox 1420 4745 1501 4798; x_wconf 86' lang='lat' dir='ltr'><strong>mind</strong></span> 
     </span>
     <span class='ocr_line' id='line_1_48' title="bbox 299 4813 1499 4880; baseline 0.002 -17"><span class='ocrx_word' id='word_1_414' title='bbox 299 4815 341 4880; x_wconf 84' lang='lat' dir='ltr'><strong>by</strong></span> <span class='ocrx_word' id='word_1_415' title='bbox 351 4813 429 4879; x_wconf 82' lang='lat' dir='ltr'><strong>Epp.</strong></span> <span class='ocrx_word' id='word_1_416' title='bbox 441 4826 516 4877; x_wconf 85' lang='lat'>2371.</span> <span class='ocrx_word' id='word_1_417' title='bbox 529 4829 588 4879; x_wconf 79' lang='lat'><strong>4-5,</strong></span> <span class='ocrx_word' id='word_1_418' title='bbox 600 4815 675 4879; x_wconf 87' lang='lat'><strong>2384.</strong></span> <span class='ocrx_word' id='word_1_419' title='bbox 687 4817 764 4879; x_wconf 84' lang='grc'><strong>63-5.</strong></span> <span class='ocrx_word' id='word_1_420' title='bbox 926 4821 980 4865; x_wconf 93' lang='lat' dir='ltr'><strong>not</strong></span> <span class='ocrx_word' id='word_1_421' title='bbox 996 4815 1111 4873; x_wconf 83' lang='lat' dir='ltr'><strong>Frsnee,</strong></span> <span class='ocrx_word' id='word_1_422' title='bbox 1130 4814 1184 4865; x_wconf 92' lang='lat' dir='ltr'><strong>but</strong></span> <span class='ocrx_word' id='word_1_423' title='bbox 1201 4813 1346 4870; x_wconf 80' lang='lat' dir='ltr'><strong>Brabsnt;</strong></span> <span class='ocrx_word' id='word_1_424' title='bbox 1363 4828 1410 4863; x_wconf 85' lang='lat' dir='ltr'><strong>see</strong></span> <span class='ocrx_word' id='word_1_425' title='bbox 1423 4813 1499 4879; x_wconf 84' lang='lat' dir='ltr'><strong>Epp.</strong></span> 
     </span>
     <span class='ocr_line' id='line_1_49' title="bbox 333 4880 1478 4946; baseline -0.001 -15"><span class='ocrx_word' id='word_1_426' title='bbox 333 4884 410 4946; x_wconf 82' lang='grc'><strong>46-7.</strong></span> <span class='ocrx_word' id='word_1_427' title='bbox 428 4881 477 4931; x_wconf 88' lang='lat' dir='ltr'><strong>siti</strong></span> <span class='ocrx_word' id='word_1_428' title='bbox 494 4882 635 4946; x_wconf 84' lang='lat' dir='ltr'><strong>perierim]</strong></span> <span class='ocrx_word' id='word_1_429' title='bbox 653 4881 708 4932; x_wconf 81' lang='lat' dir='ltr'><strong>For</strong></span> <span class='ocrx_word' id='word_1_430' title='bbox 730 4881 874 4934; x_wconf 81' lang='lat' dir='ltr'><strong>Erasmus’</strong></span> <span class='ocrx_word' id='word_1_431' title='bbox 927 4880 1478 4945; x_wconf 71' lang='lat' dir='ltr'><strong>2370.16-18,2375.54-6,2397.18·oo.</strong></span> 
     </span>
     <span class='ocr_line' id='line_1_50' title="bbox 297 4946 1299 5013; baseline -0.001 -15"><span class='ocrx_word' id='word_1_432' title='bbox 297 4946 483 5013; x_wconf 77' lang='lat' dir='ltr'><strong>dependeres</strong></span> <span class='ocrx_word' id='word_1_433' title='bbox 504 4962 541 4999; x_wconf 93' lang='lat' dir='ltr'><strong>on</strong></span> <span class='ocrx_word' id='word_1_434' title='bbox 561 4947 718 5013; x_wconf 86' lang='lat' dir='ltr'><strong>Burgundy</strong></span> <span class='ocrx_word' id='word_1_435' title='bbox 737 4949 810 5000; x_wconf 77' lang='lat' dir='ltr'><strong>wine</strong></span> <span class='ocrx_word' id='word_1_436' title='bbox 828 4963 875 5000; x_wconf 88' lang='lat' dir='ltr'><strong>see</strong></span> <span class='ocrx_word' id='word_1_437' title='bbox 959 4951 1002 5013; x_wconf 83' lang='lat'><strong>56.</strong></span> <span class='ocrx_word' id='word_1_438' title='bbox 1020 4947 1211 5012; x_wconf 74' lang='lat' dir='ltr'><strong>litterselllp.</strong></span> <span class='ocrx_word' id='word_1_439' title='bbox 1223 4960 1299 5013; x_wconf 80' lang='lat'><strong>2374.</strong></span> 
     </span>
     <span class='ocr_line' id='line_1_51' title="bbox 299 5014 733 5081; baseline 0 0"><span class='ocrx_word' id='word_1_440' title='bbox 299 5014 377 5081; x_wconf 69' lang='lat' dir='ltr'><strong>Err-</strong></span> <span class='ocrx_word' id='word_1_441' title='bbox 391 5015 467 5081; x_wconf 73' lang='lat'>234⁸.</span> <span class='ocrx_word' id='word_1_442' title='bbox 480 5028 556 5078; x_wconf 82' lang='lat'>7-13.</span> <span class='ocrx_word' id='word_1_443' title='bbox 568 5028 643 5080; x_wconf 80' lang='lat'><strong>2³⁹7·</strong></span> <span class='ocrx_word' id='word_1_444' title='bbox 658 5029 733 5080; x_wconf 84' lang='lat'>1-17·</span> 
     </span>
    </p>
   </div>
   <div class='ocr_carea' id='block_1_5' title="bbox 0 0 2026 5900">
    <p class='ocr_par' dir='ltr' id='par_1_7' title="bbox 0 0 2026 5900">
     <span class='ocr_line' id='line_1_52' title="bbox 0 0 2026 5900; baseline 0 9"><span class='ocrx_word' id='word_1_445' title='bbox 0 0 2026 5900; x_wconf 95' lang='lat' dir='ltr'><strong> </strong></span> 
     </span>
    </p>
   </div>
  </div>
 </body>
</html>
