4042 5900
334 669 432 749 2424]
630 662 755 728 FROM
775 662 960 729 NIOOLAS
982 661 1239 728 MALLARIUS
1472 666 1532 728 115

333 825 442 898 nimis,
457 843 573 886 ansam
587 823 820 897 calumniandi,
835 843 955 904 magna
968 824 1021 885 sui
1034 823 1152 885 erroris
1166 829 1257 897 nota,
1273 828 1395 886 temere
1413 823 1531 903 caepit,

333 907 418 970 illud
439 908 475 969 in
500 907 629 969 Erasmi
650 906 869 981 insolentiam,
895 913 934 969 vt
959 906 1095 987 pulchre
1123 906 1352 979 rhetoricatur,
1378 906 1530 968 referens.

333 990 444 1052 Vnum
470 996 604 1052 tantum
627 989 736 1069 adque
760 990 902 1052 alterum
925 990 1006 1051 alias
1028 990 1138 1051 videre
1159 990 1311 1062 memini;
1336 990 1429 1050 cuius
1450 989 1531 1051 mihi

333 1074 467 1136 videndi
485 1075 614 1154 copiam
633 1073 784 1153 Fribnrgi
802 1073 882 1136 feeit
898 1072 1080 1135 Glareanus
1096 1074 1161 1146 ille,
1177 1078 1213 1135 et
1231 1073 1354 1152 graecis
1373 1072 1476 1134 literis
1496 1078 1592 1157 et145

332 1157 447 1218 latinia
460 1157 582 1237 oppido
597 1176 697 1236 quam
712 1156 830 1218 doctus
844 1158 960 1235 tuique
974 1157 1082 1218 cultor
1096 1157 1256 1218 assiduus.

375 1240 443 1302 Nec
458 1240 501 1302 ab
515 1260 551 1301 re
564 1240 645 1302 haec
658 1240 749 1302 dicta
763 1259 834 1301 esse
848 1240 956 1313 velim,
972 1259 1039 1319 quo
1053 1241 1188 1301 tandem
1202 1240 1355 1301 desinant
1369 1239 1424 1300 isti
1438 1258 1529 1318 syco-

332 1323 478 1404 phantae
488 1323 697 1404 nugacissimi
710 1324 777 1384 suis
786 1324 927 1403 ineptiis,
938 1323 1065 1385 canillis
1074 1323 1433 1401 obtrectationibusque
1442 1322 1530 1384 clan-

332 1406 465 1469 culariis
479 1407 583 1469 bonos
597 1425 744 1486 quosque
758 1408 925 1486 impetere,
941 1408 1008 1468 suis
1023 1407 1149 1468 offuciis
1164 1413 1198 1468 et
1213 1406 1338 1467 naeniis
1356 1406 1530 1467 doctorum

331 1510 428 1551 aures
455 1490 648 1563 obtundere,
674 1490 883 1570 impudenter
907 1490 1097 1564 vociferare,
1122 1488 1363 1551 deblacterare:
1396 1489 1440 1550 ad
1468 1489 1593 1571 hoc150

331 1572 500 1636 duntaxat
520 1574 686 1654 ingeniosi,
710 1579 749 1633 vt
774 1574 894 1653 probos
916 1573 1070 1646 lacerent,
1095 1572 1195 1634 nullis
1223 1573 1360 1652 prosint,
1388 1579 1531 1634 noceant

331 1659 469 1718 cunctis.
512 1657 683 1729 Desinant,
712 1658 857 1736 inquam,
887 1656 1047 1718 hactenus
1075 1657 1196 1729 mirari,
1226 1656 1315 1735 quod
1343 1656 1528 1729 Erasmum‚

331 1742 441 1802 virum
460 1747 548 1801 certe
567 1740 674 1801 modis
691 1741 842 1801 omnibus
861 1741 1113 1820 suspiciendum,
1128 1739 1281 1801 omnibus
1300 1740 1368 1799 auia
1385 1740 1530 1801 numeris

330 1843 492 1903 perquam
510 1824 710 1896 absolutum,
725 1823 878 1885 omnibus
897 1822 1038 1902 denique
1055 1822 1164 1885 titulis
1182 1823 1382 1884 efferendum
1399 1824 1530 1884 nonita

330 1906 458 1968 dudum
473 1908 650 1980 inuiserim,
666 1907 796 1968 etiamsi
810 1926 885 1967 cum
899 1908 1001 1986 ipsius
1016 1908 1106 1967 vitae
1120 1907 1319 1985 quandoque
1333 1905 1527 1967 discrimine.
1544 1937 1591 1987 155

330 1989 395 2064 Qui
416 2009 519 2069 quum
541 1990 621 2051 nihil
642 1990 741 2051 laude
762 1990 897 2069 dignum
919 1991 981 2070 ipsi
1002 2008 1149 2070 vnquam
1170 1989 1304 2062 faciant,
1326 1989 1529 2050 eruditorum

330 2073 487 2153 phamam
503 2092 689 2152 nomenque
708 2073 863 2135 dentibus
881 2073 1052 2135 lancinant
1071 2093 1109 2134 ac
1129 2073 1197 2134 sine
1214 2090 1329 2133 caussa
1347 2072 1529 2152 plerunque

329 2156 566 2236 proscindunt:
589 2163 659 2218 tam
684 2157 817 2218 sinistro
837 2158 932 2235 genio
954 2158 1035 2217 nati.
1078 2155 1243 2229 Quaeres
1267 2155 1416 2235 profecto
1439 2155 1528 2229 fecit,

329 2241 524 2302 suauissime
541 2240 686 2313 Eraame,
706 2245 746 2301 vt
765 2240 932 2314 hactenus,
953 2246 989 2301 et
1009 2241 1112 2300 serius
1130 2239 1279 2300 fortassis
1297 2245 1399 2317 atque
1418 2237 1527 2312 velles,

329 2323 415 2384 hanc
430 2342 531 2385 vnanr
546 2323 719 2403 epistolam
733 2323 872 2384 scribere
886 2324 930 2385 ad
946 2329 981 2384 te
999 2322 1194 2396 distulerim,
1209 2342 1277 2401 qua
1290 2322 1343 2383 vel
1362 2322 1528 2383 obiectum
1543 2342 1592 2389 ιω

332 2406 419 2469 falso
436 2408 558 2468 crimen
576 2405 694 2468 saltem
713 2426 922 2487 repurgarem
939 2407 1245 2485 recriminarerque;
1267 2405 1427 2484 siquidem
1449 2405 1530 2466 haec

330 2495 403 2551 tam
420 2495 537 2570 aperta
556 2489 773 2569 sycophantia
792 2496 853 2551 aut
870 2509 947 2550 mox
965 2489 1122 2551 diluenda
1139 2496 1212 2551 erat
1228 2493 1289 2550 aut
1305 2488 1445 2568 phamas
1464 2488 1527 2549 dis·

328 2572 486 2654 pendium
501 2592 633 2652 prorsus
648 2572 885 2653 negligendum.

372 2655 438 2718 Sed
452 2675 618 2734 quorsum,
633 2656 770 2735 inquies,
786 2663 856 2717 tam
872 2656 965 2730 belle,
982 2656 1133 2718 Mallari‘l
1156 2655 1250 2717 Vnde
1264 2660 1397 2717 tantum
1415 2655 1527 2717 odium

327 2741 364 2800 in
385 2739 586 2801 Erasmumt
628 2738 710 2801 Cum
732 2739 774 2800 ob
796 2739 862 2801 alia
886 2739 1001 2816 multa,
1025 2747 1097 2801 tum
1123 2740 1213 2819 quod
1236 2758 1359 2820 graece,
1383 2745 1422 2799 vt
1444 2758 1526 2812 reor,
1542 2756 1590 2817 κός

327 2822 349 2902 ἡ
364 2828 466 2901 μοῦσα
480 2822 501 2902 ἡ
515 2822 666 2903 ἐρασμικὴ
682 2821 850 2903 Ἀθήνηθεν
863 2842 991 2903 semper
1005 2823 1163 2885 cantillet.
1207 2822 1358 2884 Oderunt
1370 2824 1458 2883 enim
1472 2823 1527 2883 isti

328 2906 361 2967 oi
374 2905 555 2986 στόμαργον,
568 2906 600 2968 οἱ
613 2906 820 2985 ἀμουσότατον
834 2926 944 2969 musas
956 2926 1102 2981 canoras,
1113 2914 1148 2969 et
1159 2908 1216 2986 qui
1227 2926 1282 2969 eas
1293 2906 1450 2968 excolunt
1460 2925 1527 2969 non

327 2991 518 3064 oscitanter,
540 2990 669 3070 siquid
691 2992 896 3071 potissimum
922 2990 1078 3070 ἐλληνιστί
1100 2992 1270 3065 occinent;
1303 3011 1324 3052 a
1345 2988 1467 3052 Gratiis
1492 2996 1528 3052 et

327 3074 432 3135 Musis
446 3074 536 3136 haud
550 3093 643 3135 secus
657 3073 755 3135 alieni
766 3093 866 3153 quam
880 3073 923 3135 ab
937 3076 1115 3135 amaricino
1126 3094 1199 3148 sus;
1222 3074 1342 3154 quibus
1352 3075 1413 3136 hoc
1424 3093 1527 3136 vnum

327 3162 408 3218 ante
436 3159 547 3218 omnia
574 3157 722 3218 studium
756 3158 851 3230 ineat,
880 3156 1049 3237 politiores
1082 3178 1256 3238 sacrasque
1285 3157 1396 3219 Musas
1427 3159 1590 3237 inter-170

327 3240 510 3318 tu<r>bare,
539 3239 602 3301 illis
631 3259 758 3320 semper
785 3241 983 3320 obstrepere,
1012 3241 1167 3315 inuidere,
1196 3260 1300 3320 eoque
1328 3241 1431 3320 magis
1459 3260 1526 3320 quo

326 3323 484 3402 grandius
503 3329 624 3384 sonant
637 3323 817 3385 modulatis
838 3324 984 3385 vocibus.
1028 3324 1096 3386 Nec
1114 3325 1205 3386 aliud
1222 3327 1359 3404 (quam)
1374 3324 1416 3385 ob
1434 3323 1468 3385 id
1482 3325 1525 3385 ab

328 3407 468 3467 Erasmo
488 3407 721 3486 Musarumque
742 3426 932 3486 graecarum
954 3408 1139 3469 candidatis
1161 3408 1337 3469 abhorrere
1358 3408 1524 3481 videntur,

327 3509 389 3569 pro
400 3510 460 3551 auo
471 3492 609 3570 quisque
620 3491 784 3552 arbitratu
796 3491 830 3551 in
842 3491 983 3570 quoduis
994 3491 1163 3552 hominum
1175 3497 1277 3571 caput
1291 3492 1423 3570 impune
1437 3510 1524 3570 gras·

327 3579 449 3646 santes,
468 3574 551 3635 adeo
568 3580 608 3635 vt
626 3593 694 3634 non
711 3575 875 3635 immerito
894 3573 1030 3635 celebris
1047 3574 1105 3635 illa
1125 3573 1255 3636 Graecis
1277 3573 1526 3635 circumferatur
1540 3600 1586 3652 17⁵

327 3658 494 3736 paroemia
503 3655 663 3734 ἅνθρωπος
671 3656 834 3734 ἀνθρώπου
842 3657 943 3723 λύκος.
966 3657 1356 3736 Alioqui‘homohomini
1365 3657 1524 3718 Deussit’

327 3758 395 3801 non
404 3741 513 3800 minua
524 3759 601 3801 vere
610 3759 710 3819 quam
719 3740 903 3802 luculenter
914 3759 1007 3802 sacro
1016 3739 1137 3802 christi
1146 3741 1279 3802 oraculo
1287 3741 1450 3801 sancitum
1461 3747 1523 3801 est.

326 3821 508 3901 Operosum
520 3842 597 3884 sane
611 3823 790 3885 admodum
805 3823 891 3885 foret
906 3824 1093 3885 huiusmodi
1103 3824 1308 3884 tenebriones
1322 3823 1525 3885 oblocutefos

325 3906 436 3984 adque
455 3905 488 3966 id
508 3925 610 3985 genus
626 3906 759 3968 rabulas
777 3905 993 3984 ἐπιστομίζειν,
1008 3908 1043 3967 ni
1057 3907 1109 3967 vel
1129 3907 1213 3968 hano
1227 3914 1354 3986 pestem
1366 3907 1524 3968 Hercules

326 3990 490 4068 quispiam
508 3991 575 4050 cito
594 3990 732 4069 dissipet
752 3990 944 4069 perdatque,
962 3989 1015 4049 vel
1034 3990 1126 4050 breui
1144 3990 1188 4051 ad
1209 3990 1375 4051 meliorem
1397 3991 1524 4070 frugem
1538 4003 1587 4054 180

326 4071 473 4132 redeant.
517 4072 679 4151 Equidem
697 4072 857 4152 quosdam
876 4074 954 4134 noui
974 4072 1056 4133 adeo
1075 4073 1137 4134 sibi
1158 4073 1335 4153 placentes,
1354 4074 1445 4135 dictu
1464 4093 1522 4153 pu·

325 4155 481 4228 dandum,
497 4157 553 4234 qui
571 4174 673 4234 quum
691 4157 801 4217 animo
820 4158 886 4217 ianr
905 4157 1119 4218 destinassem
1134 4155 1300 4235 ἐλληνικῶν
1313 4162 1376 4217 τῶν
1390 4157 1524 4218 Μουσῶν

324 4238 413 4299 fores
427 4239 624 4318 quandoque
638 4239 778 4319 pulsare,
793 4239 933 4301 necdum
948 4240 1048 4301 limen
1057 4241 1248 4320 ingressum,
1262 4240 1396 4319 adgredi
1411 4247 1524 4302 tamen

324 4328 501 4383 conantem
536 4324 585 4384 ita
616 4323 658 4384 ab
692 4324 794 4383 animi
825 4324 981 4385 instituto
1015 4324 1225 4396 deterrerent,
1261 4324 1309 4384 ita
1344 4328 1523 4385 auocarent

324 4411 525 4479 auerterent,
547 4425 614 4485 quo
634 4425 751 4486 parum
773 4406 917 4467 abfuerit
938 4408 1018 4486 quin
1040 4409 1130 4468 etin
1151 4409 1223 4486 ipso
1248 4407 1360 4468 limine
1382 4407 1524 4485 turpiter
1537 4418 1584 4481 185

324 4488 526 4550 offenderim.
570 4488 639 4550 Nec
653 4489 786 4551 defuere
800 4491 942 4561 interim,
959 4491 1016 4569 qui
1030 4492 1112 4551 satis
1128 4491 1237 4553 odiose
1252 4491 1334 4552 mihi
1352 4490 1522 4570 negocium

324 4572 534 4645 facesserent,
550 4592 666 4651 meque
686 4593 706 4634 a
720 4574 845 4652 coeptis
859 4574 1116 4635 dehortarentur
1134 4593 1173 4635 ac
1187 4574 1398 4635 vehementer
1413 4572 1521 4652 depel-

325 4656 442 4728 lerent,
458 4661 498 4716 vt
511 4657 569 4716 vir
584 4657 731 4717 animum
746 4658 853 4736 ipsum
869 4656 1109 4737 desponderim.
1154 4656 1251 4718 Tales
1267 4664 1346 4718 sunt
1361 4657 1522 4718 mehercle

324 4738 423 4799 huius
437 4738 562 4800 saliuae
576 4739 732 4812 homines,
749 4739 889 4803 simodo
904 4740 1053 4802 homines
1068 4741 1145 4814 sint,
1161 4741 1218 4820 qui
1233 4742 1398 4819 ingeniose
1415 4741 1521 4814 nimia,

342 4889 547 5006 '1⁶⁵''gldi30oe1
570 4888 622 4940 See
644 4888 789 4940 Aduersus
812 4890 896 4956 felm'-
984 4903 1040 4954 175·
1058 4890 1373 5008 paroemqalddcmo.

322 4962 473 5084 αιξέζῗοαδ
484 4959 707 5086 &ediffices
720 5022 808 5088 Adop.
821 5025 879 5088 33⁸·
983 4960 1040 5021 ¹⁷⁶⁸
1079 4956 1155 5019 omo]
1195 4958 1256 5023 m
1269 4961 1312 5019 6⁹·
