4042 5900
385 639 481 719 2615]
774 638 831 702 ΤΟ
852 637 1030 701 MARTIN
1051 636 1199 700 BUCER
1518 637 1580 697 455

385 798 575 870 Clithoueis,
598 798 666 871 Pio,
688 798 825 877 aliisque
847 797 1071 877 compluribus
1095 798 1174 858 estis
1200 796 1294 857 muti.
1337 795 1377 856 In
1402 814 1454 855 me
1478 813 1581 855 vnum
1594 807 1643 869 385

386 882 516 943 habetis
537 881 663 942 dentes.
707 881 753 942 At
773 889 822 953 tu,
848 880 981 953 Bucere,
1006 880 1065 941 ills
1088 879 1212 942 chordo
1235 876 1383 940 nimium‘
1394 878 1582 957 frequenter

387 965 518 1026 oberres
536 986 543 1037 ;
566 964 664 1043 quod,
684 965 712 1025 si
727 964 806 1043 quid
820 966 854 1024 in
871 982 985 1043 genere
999 963 1121 1025 dicitur
1138 964 1172 1023 in
1192 962 1512 1041 Pseudeuangelicos,
1528 961 1581 1021 vel

386 1049 421 1109 in
435 1055 469 1110 te
483 1049 570 1127 repis
586 1047 638 1109 vel
648 1048 691 1109 ad
701 1049 870 1108 uniuersos
883 1049 1054 1109 existimas
1067 1047 1231 1127 pertinere
1243 1067 1250 1119 ;
1272 1051 1307 1106 et
1321 1046 1348 1106 si
1358 1045 1438 1124 quid
1449 1044 1582 1105 liberius

386 1131 513 1192 dictum
526 1131 658 1203 excidit,
673 1131 824 1210 protinus
837 1130 950 1192 odium
963 1135 1016 1191 est
1030 1130 1251 1191 Vatinicnum.
1294 1127 1443 1190 Ceserem
1457 1128 1581 1208 optetis

387 1215 482 1275 vobis
496 1214 673 1294 placatum.
716 1215 763 1275 At
776 1214 856 1293 quid
871 1215 1003 1293 optauit
1018 1214 1074 1292 qui
1092 1214 1201 1275 emisit
1220 1211 1444 1292 Septicipitem
1462 1211 1579 1290 Imegi-
1595 1234 1645 1285 39⁰

388 1304 486 1359 nem?
529 1297 614 1370 Quid
629 1316 734 1358 nouus
753 1298 815 1359 iste
832 1296 1135 1376 historiographus?
1178 1296 1248 1375 Ego
1264 1315 1367 1374 quum
1384 1293 1581 1374 quibusdam

387 1382 488 1442 vestri
503 1380 626 1442 ordinis
640 1381 780 1442 dicerem
800 1400 851 1441 me
871 1382 975 1441 vereri
993 1400 1034 1441 ne
1053 1380 1151 1441 Cessr
1170 1380 1302 1440 iritetus
1320 1377 1404 1439 mele
1422 1382 1582 1439 tractaret

387 1463 515 1543 aliquot
543 1465 705 1537 ciuitates,
730 1465 814 1524 miro
841 1469 1035 1543 contemptu
1064 1464 1205 1524 riserunt
1233 1481 1347 1523 vocem
1377 1481 1493 1523 meam.
1537 1460 1582 1521 At

388 1546 531 1608 vidimus
556 1547 635 1625 quid
660 1546 814 1608 acciderit
839 1546 1002 1626 Tigurinis
1027 1546 1209 1607 dormiente
1233 1544 1357 1607 Cesare.
1401 1545 1450 1606 De
1472 1550 1582 1605 vestra

388 1650 466 1710 rep,
489 1636 528 1690 vt
555 1630 634 1703 dixi,
656 1629 737 1691 nihil
762 1630 861 1691 sudio
883 1631 1159 1709 querimoniarum
1182 1629 1413 1709 mculierium
1443 1634 1481 1688 at
1502 1627 1582 1688 alibi
1596 1650 1645 1700 395

387 1714 512 1776 hsbent
526 1715 647 1774 inuisos
661 1715 718 1793 qui
732 1714 941 1775 dissentiunt.
986 1713 1032 1774 At
1045 1712 1109 1774 illis
1123 1713 1237 1773 inuisis
1251 1712 1373 1773 debent
1387 1711 1476 1790 quod
1495 1712 1581 1790 prin-

388 1799 474 1876 cipes
489 1796 635 1858 nondum
650 1797 736 1857 bello
753 1798 922 1857 ciuitatem
939 1796 1040 1857 vllam
1058 1798 1126 1857 sint
1142 1796 1260 1857 adorti.
1304 1796 1353 1856 De
1374 1794 1502 1855 Besilee
1519 1793 1582 1855 huc
1642 1863 1644 1868 s

388 1879 534 1959 quotidie
545 1899 649 1941 nouae
663 1880 813 1959 querelae
827 1880 1031 1941 adferuntur.
1074 1879 1275 1957 Frequenter
1288 1878 1584 1940 asseuerationibus
1610 1877 1638 1933 V

388 1984 427 2025 ac
442 1964 649 2025 iureiurando
662 1963 794 2043 probari
808 1964 921 2024 niteris
935 1963 1029 2024 nobis
1045 1970 1190 2024 vestram
1209 1963 1453 2041 synceritetem,
1469 1980 1583 2021 verum

389 2047 424 2108 id
446 2054 518 2108 tum
540 2048 637 2108 factis
659 2047 836 2126 Euangelio
857 2046 963 2126 dignis
985 2052 1058 2107 tum
1079 2046 1171 2107 libris
1192 2045 1408 2125 apostolicum
1431 2046 1583 2125 spiritum
1596 2067 1646 2116 400

389 2130 617 2209 resipientibus
635 2137 709 2190 erat
725 2129 896 2209 agendum.
941 2128 981 2190 Id
1000 2149 1044 2190 en
1061 2129 1163 2190 iaciat
1179 2128 1320 2189 Luterus
1338 2130 1408 2208 ipse
1427 2128 1581 2190 iudicato.

389 2214 435 2274 Et
449 2220 562 2275 temen
582 2233 641 2292 pro
659 2214 811 2274 omnibus
828 2212 1028 2292 respondens
1049 2212 1140 2285 dicis,
1157 2212 1225 2273 Nos
1244 2212 1396 2273 Cesaram
1415 2210 1582 2291 placetum

389 2298 549 2376 cupimus,
565 2316 631 2358 non
646 2299 778 2358 iratum.
823 2296 951 2358 Omitto
965 2296 1072 2357 dicere
1090 2315 1190 2375 quem
1206 2295 1353 2357 modeste
1373 2315 1407 2355 se
1425 2296 1584 2375 gesserint

389 2379 557 2459 Augustae
579 2380 713 2458 quidam
733 2381 829 2441 istius
846 2379 1064 2460 professionis,
1079 2398 1244 2458 quamque
1261 2385 1449 2440 reuerentes
1469 2378 1509 2438 de
1528 2376 1584 2438 illo

389 2464 576 2541 loquantur.
621 2462 700 2537 Quis
727 2470 839 2525 autem
868 2464 1020 2543 princeps
1048 2469 1182 2541 cuperet
1209 2463 1311 2524 telem
1339 2463 1418 2541 reip.
1448 2466 1583 2533 stetum,
1597 2482 1646 2535 40⁵

389 2546 496 2625 quelis
505 2548 539 2606 in
548 2546 745 2624 quibusdam
753 2545 944 2607 ciuitatibus
956 2546 1033 2607 oriri
1044 2545 1293 2607 videturl-vbi
1302 2547 1358 2624 qui
1370 2564 1436 2606 non
1446 2550 1585 2625 possunt

389 2650 410 2690 a
425 2630 602 2690 maioribus
619 2636 789 2709 acceptam
807 2628 994 2709 religionem
1012 2630 1161 2702 obiicere,
1177 2635 1317 2708 negatur
1335 2649 1474 2701 socrum,
1489 2647 1583 2707 nega·

390 2721 445 2773 tur
467 2713 683 2786 Eucharistis,
697 2719 733 2773 et
750 2712 953 2774 mulctentur
974 2713 1032 2791 qui
1052 2712 1132 2774 alibi
1152 2714 1393 2773 conuincuntur
1413 2713 1584 2791 accepisse,

390 2803 530 2875 negetur
548 2797 661 2858 concio
680 2796 850 2869 catholica,
866 2802 1005 2876 negatur
1023 2795 1241 2857 ecclesiastica
1260 2795 1430 2868 confessio,
1444 2795 1585 2873 denique

391 2880 551 2960 templum
567 2879 759 2953 occluditur,
771 2898 830 2940 nec
844 2878 951 2940 multo
965 2880 1168 2941 commodius
1179 2880 1299 2940 viuunt
1313 2881 1347 2939 in
1362 2880 1493 2960 propria
1508 2879 1584 2939 ciui·
1598 2901 1648 2954 41⁰

390 2969 461 3025 tate
481 2982 581 3042 quem
601 2964 695 3025 Iudei
709 2964 829 3024 uiuunt
848 2964 934 3024 inter
953 2962 1174 3025 Christianos:
1197 2965 1263 3024 imo
1282 2963 1371 3042 quod
1391 2963 1504 3025 durius
1524 2968 1585 3036 est,

392 3048 489 3107 minis
500 3047 679 3127 adiguntur
690 3046 732 3107 ed
743 3048 1005 3108 communionem
1020 3066 1041 3107 s
1054 3066 1121 3126 qua
1134 3047 1313 3108 abhorrent
1327 3046 1433 3122 (dabis
1445 3047 1585 3119 veniam,

391 3130 506 3191 audita
520 3149 628 3203 narro,
643 3130 701 3190 sed
718 3129 826 3191 multa
839 3135 874 3191 et
888 3149 908 3190 a
923 3129 1046 3201 multis,
1065 3130 1163 3209 idque
1177 3130 1218 3191 de
1233 3132 1428 3210 propinquo)
1440 3152 1447 3190 :
1470 3135 1586 3191 contre

392 3213 449 3273 vbi
466 3214 524 3292 qui
543 3232 631 3275 noue
652 3213 809 3292 dogmate
828 3212 881 3274 vel
900 3213 1046 3293 probant
1067 3212 1120 3274 vel
1139 3232 1173 3274 se
1193 3213 1332 3295 prebere
1353 3213 1520 3286 simulent,
1535 3212 1586 3273 his

392 3297 470 3357 licet
491 3296 580 3375 quod
601 3296 702 3357 libet:
725 3316 792 3358 non
809 3302 945 3377 paretur
964 3295 1101 3377 legibus,
1117 3316 1183 3358 non
1203 3302 1313 3359 statur
1332 3298 1512 3370 conuentis,
1526 3316 1587 3358 nec
1600 3319 1649 3371 415

391 3380 531 3460 publicis
550 3399 610 3441 nec
629 3381 787 3460 priuatis:
818 3380 1017 3460 (exemplum
1036 3399 1055 3441 e
1071 3380 1185 3441 multis
1202 3400 1305 3442 vnum
1326 3380 1506 3460 proferam:
1536 3400 1586 3441 es·

392 3469 546 3524 acuerant
560 3464 595 3524 in
609 3465 830 3525 instrumento
843 3463 962 3524 federis
979 3464 1068 3542 qnod
1086 3462 1280 3525 Besilienses
1300 3465 1496 3544 pepigerunt
1512 3481 1587 3524 cum

392 3547 532 3608 Eluetiis
545 3566 738 3626 expressum
752 3566 831 3619 esse,
847 3547 962 3626 siquis
976 3546 1142 3608 tumultus
1159 3548 1316 3608 existeret
1333 3548 1418 3608 inter
1438 3546 1588 3608 Eluetise

392 3632 538 3709 regiones
559 3630 754 3691 Basilienses
775 3631 919 3709 quietem
941 3638 1084 3710 agerent,
1107 3630 1164 3691 sed
1186 3629 1432 3710 pacificatorum
1454 3649 1588 3692 munere

392 3713 626 3793 iungerentur:
656 3719 694 3775 at
712 3732 797 3775 nunc
815 3713 926 3793 pelam
945 3719 997 3774 est
1016 3733 1116 3792 quam
1138 3713 1290 3775 ferociter
1310 3715 1533 3794 procur-serint
1553 3716 1587 3774 in
1601 3737 1652 3789 420

393 3796 516 3858 bellum
530 3796 678 3876 Zuinglio
688 3797 763 3858 duci
777 3796 879 3857 laturi
889 3798 1088 3877 suppeties):
1111 3797 1168 3858 vbi
1182 3797 1368 3859 sacerdotes
1382 3799 1428 3859 sic
1443 3804 1587 3859 tractan-

393 3889 450 3941 tur
464 3886 504 3941 vt
517 3879 607 3942 vltro
625 3885 705 3942 eant
725 3879 907 3952 exulatum,
922 3880 979 3941 vbi
996 3880 1150 3942 monecbi
1168 3881 1221 3942 vel
1239 3881 1415 3943 eliciuntur
1434 3882 1486 3943 vel
1503 3880 1588 3943 obsi·

393 3963 525 4036 dentur,
550 3970 589 4025 vt
611 3969 750 4024 narrant
770 3963 811 4023 de
832 3961 1035 4024 Certusianis
1060 3963 1226 4024 Besileae:
1250 3963 1307 4025 vbi
1332 3983 1392 4025 nec
1413 3965 1530 4026 libellis
1551 3984 1589 4025 ec

393 4046 629 4127 diplomatibus
643 4047 823 4126 obsignatis
837 4051 990 4107 seruatur
1003 4047 1104 4108 fides:
1127 4046 1185 4107 vbi
1199 4048 1264 4108 ciui
1278 4049 1335 4127 qui
1353 4049 1516 4129 religionis
1529 4054 1591 4110 eut

395 4136 502 4191 metus
517 4149 616 4191 cause
629 4130 736 4202 cessit,
747 4148 814 4192 non
828 4129 906 4191 licet
916 4131 950 4190 in
961 4131 1101 4210 propriis
1114 4130 1231 4191 edibus
1242 4130 1405 4211 hospitem
1415 4151 1521 4212 agere,
1532 4131 1590 4193 sed
1603 4153 1652 4207 4²⁵

394 4215 429 4275 in
444 4212 611 4294 publicum
621 4213 838 4275 diuersorium
852 4214 899 4274 ire
913 4214 1061 4292 cogitur:
1082 4212 1140 4274 vbi
1154 4216 1353 4276 monasteria
1364 4221 1542 4276 vertuntur
1555 4216 1590 4275 in

395 4297 520 4370 horres,
536 4296 661 4377 templa
680 4297 894 4358 desenmtur:
917 4296 974 4357 vbi
987 4316 1122 4376 prorsus
1139 4298 1308 4359 intereunt
1327 4298 1476 4360 liberales
1495 4299 1589 4360 disci·

393 4380 504 4460 plinse
517 4399 592 4441 cum
607 4380 701 4441 bonis
714 4380 843 4441 litteris.
888 4379 991 4442 Video
1000 4380 1116 4441 doctos
1130 4380 1239 4460 pellici
1252 4381 1295 4441 ad
1306 4389 1440 4454 sectam,
1452 4384 1487 4443 in
1501 4387 1603 4443 secta·

395 4464 557 4526 neminem
572 4463 669 4526 video
682 4465 739 4543 qui
753 4462 883 4525 litteras
896 4463 1048 4524 didicerit
1059 4469 1119 4524 aut
1129 4464 1252 4525 discere
1263 4470 1365 4526 curet.
1408 4465 1592 4544 linguntur

394 4547 604 4627 professionis
633 4547 734 4619 tituli,
763 4546 820 4608 sed
853 4546 910 4607 vbi
940 4546 1132 4609 auditores?
1176 4547 1290 4627 Nuper
1323 4548 1396 4609 misi
1429 4548 1591 4610 famulum
1604 4573 1655 4624 430

395 4630 566 4692 Bssileam.
610 4629 748 4692 Audiuit
766 4631 956 4692 concionem
970 4631 1005 4691 in
1020 4649 1158 4692 summo.
1202 4630 1331 4711 Rogsui
1349 4637 1432 4710 quot
1448 4634 1593 4710 esse<n>t

530 4758 587 4820 385.
605 4757 768 4822 copluribus
779 4756 843 4807 MS.
911 4757 970 4821 428.
989 4755 1080 4808 Video
1091 4756 1272 4821 scripsimus:
1297 4756 1382 4809 Vides
1394 4758 1457 4810 MS.

654 4940 712 5002 386.
730 4939 900 5000 chords10i.
914 4939 984 4990 Hor.
997 4939 1058 4990 ΔΡ.
1071 4943 1129 5004 356.

655 5020 712 5070 431·
731 5007 761 5057 in
772 5006 943 5067 snmm01sc.
958 5006 1076 5072 templo,
1088 5007 1125 5058 ci.
1138 5007 1193 5073 Ep.
1206 5020 1281 5057 2211.
1293 5011 1335 5071 64.
