4042 5900
303 683 398 765 2481]
652 681 708 745 ro
730 681 948 745 susurru>
970 680 1136 744 soemo
1439 682 1501 742 aas

303 843 528 905 consobrinus.
564 842 742 904 Audieram
756 843 902 903 ordinem
912 842 1057 904 militum
1071 840 1102 903 S.
1116 842 1206 903 Petri
1220 861 1317 921 quem
1328 841 1395 903 Leo
1408 841 1501 903 insti·

303 932 424 999 tuerat,
439 927 482 987 ab
497 926 643 988 Adriano
658 933 752 988 sexto
766 926 953 988 sublatum:
976 931 1012 987 et
1026 931 1138 987 tamen
1152 945 1228 987 eum
1243 926 1380 987 titulum
1394 925 1502 986 adhuc

303 1017 364 1071 tua
387 1010 489 1071 habet
512 1011 662 1089 epistola,
685 1011 772 1071 vnde
796 1011 932 1071 coniicio
960 1028 1126 1071 rumorem
1149 1028 1225 1070 eum
1246 1008 1346 1070 fuisse
1368 1027 1501 1069 vanum.
1516 1029 1548 1080 75

304 1094 393 1154 Bene
408 1093 491 1166 vale,
506 1093 603 1154 Boeri
617 1093 813 1166 charissime,
825 1099 861 1154 et
877 1094 905 1153 si
923 1093 996 1153 fata
1016 1094 1228 1171 pertinaciter
1244 1092 1413 1171 negabunt
1429 1110 1501 1171 pro·

303 1178 427 1257 piorem
442 1176 720 1251 consuetudinem,
732 1183 820 1238 certe
830 1178 955 1238 mutuis
968 1176 1116 1255 epistolis
1129 1177 1216 1237 inter
1229 1194 1290 1236 nos
1300 1174 1504 1236 confabulari

303 1260 423 1321 licebit.
468 1260 631 1339 Quicquid
652 1261 776 1321 miseris
792 1260 836 1321 ad
857 1259 1094 1338 Hieronymum
1111 1259 1310 1320 Frobenium
1331 1258 1503 1331 Basileam,

304 1344 348 1405 ad
362 1363 413 1405 me
429 1349 506 1405 tuto
521 1343 711 1422 perferetur.

346 1426 445 1507 Apud
459 1426 655 1507 Friburgum
669 1426 835 1506 Brisgoiae
849 1427 892 1487 iii.
909 1425 958 1487 Id.
973 1425 1076 1506 April.
1092 1425 1153 1487 An.
1169 1442 1340 1487 mmmm
1517 1432 1551 1481 80

567 1710 667 1772 2482.
714 1705 768 1772 To
791 1706 1008 1773 Auousrmn
1033 1707 1242 1773 Tarvunmo.

343 1835 549 1907 Copenhagen
561 1834 626 1890 MS.
639 1834 753 1891 dms.
767 1851 803 1904 95
817 1836 894 1900 Fol,
907 1836 930 1891 i.
944 1852 1010 1906 232.
1272 1836 1431 1907 Freiburg.

342 1910 374 1965 J.
388 1927 419 1981 p.
436 1924 507 1980 117²
527 1911 568 1965 K.
583 1927 613 1981 p.
631 1914 701 1966 126:
722 1911 762 1966 N.
775 1928 807 1983 p.
824 1926 913 1982 1043:
1232 1927 1266 1966 12
1280 1911 1369 1983 April
1384 1926 1466 1981 1531.

380 1987 479 2041 Lond.
493 1985 577 2040 xxvi.
590 2001 645 2056 41:
665 1986 731 2041 LB.
748 1987 830 2055 1183.

340 2113 397 2174 [An
415 2112 576 2178 autograph
593 2112 790 2179 rough·drait;
808 2119 840 2164 at
857 2113 908 2164 the
925 2113 999 2164 head
1018 2113 1235 2180 ‘Transcripta’
1253 2114 1278 2164 is
1297 2114 1412 2165 written
1433 2115 1453 2164 b
1489 2130 1508 2166 a

306 2186 464 2244 secretary:
482 2180 654 2246 apparently
665 2196 704 2230 an
716 2195 826 2231 anawer
841 2186 874 2231 to
884 2195 902 2230 a
913 2180 1007 2239 letter,
1020 2187 1073 2231 not
1089 2186 1201 2240 extant,
1216 2181 1247 2232 in
1258 2181 1350 2232 which
1365 2181 1414 2231 Tri
1482 2182 1507 2233 'o

306 2247 364 2298 had
376 2246 484 2311 replied
495 2253 527 2298 to
538 2247 594 2312 Ep.
607 2247 694 2312 ²423·l

636 2370 827 2416 Avuvsmro
841 2370 1022 2416 'I'BIVVL'I'IO
1037 2370 1149 2415 osam.
1165 2370 1192 2415 8.

350 2479 454 2540 Dnvn
479 2478 709 2551 immortalem,
734 2485 773 2538 vt
795 2478 909 2540 crebro
937 2478 1064 2540 felicius
1093 2479 1217 2540 cadunt
1245 2478 1384 2541 audacia
1407 2499 1506 2560 quam

308 2563 478 2624 moderata
493 2561 635 2623 consilia.
675 2561 832 2623 Nonnihil
846 2568 946 2624 antea
962 2561 1192 2623 succensebam
1207 2562 1369 2624 Germano
1382 2569 1506 2637 nostro,

309 2646 398 2725 quod
418 2646 485 2706 suis
506 2645 659 2706 violentis
680 2644 800 2706 litteris
820 2665 872 2706 me
889 2645 932 2706 ad
950 2646 1012 2707 hoc
1027 2646 1168 2707 officium
1189 2645 1374 2725 improbum
1389 2666 1505 2726 perpu-

309 2730 409 2790 lisset.
453 2728 548 2789 Nunc
562 2735 779 2809 posteaquem
793 2748 833 2789 ea
850 2748 901 2789 res
915 2728 996 2789 mihi
1010 2734 1081 2790 tam
1098 2748 1251 2809 prospere
1268 2731 1433 2803 successit,
1448 2749 1508 2809 par

308 2833 376 2874 esse
391 2818 484 2892 puto,
499 2817 539 2872 vt
552 2811 600 2872 illi
615 2831 674 2891 pro
691 2812 955 2891 expostulatione
969 2812 1131 2873 maximas
1151 2831 1247 2891 egam
1268 2814 1400 2891 gratias,
1415 2814 1536 2880 ouiuss

310 2916 409 2977 opera
434 2896 561 2957 iactum
588 2900 639 2957 est
660 2900 700 2956 vt
727 2902 824 2957 tanta
848 2894 989 2958 felicitas
1017 2895 1197 2957 commodis
1222 2897 1302 2956 meis
1325 2896 1505 2958 accesserit.

309 2980 388 3054 Quis
410 2981 496 3041 enim
518 2979 580 3040 sibi
600 2998 667 3040 non
689 2979 841 3040 videatur
862 2978 951 3053 felix,
974 2981 1002 3040 si
1023 2979 1076 3041 vel
1098 2980 1194 3058 longo
1215 2978 1344 3040 ambitu
1365 2981 1398 3040 in
1420 2981 1507 3041 tanti

308 3071 443 3142 tamque
452 3063 580 3125 laudati
589 3063 744 3144 principis
751 3062 953 3124 famulitium
962 3064 1179 3141 reciperetur?
1201 3062 1506 3141 Hecverbaquam·

309 3147 391 3208 libet
404 3165 547 3226 promea
560 3146 788 3208 mediocritate
798 3146 984 3219 honorifica,
994 3166 1060 3207 non
1075 3147 1207 3226 placent
1217 3147 1273 3207 isti
1286 3152 1344 3207 tue
1352 3146 1507 3225 singulari

310 3230 502 3292 modestiae:
515 3231 631 3309 recipis
642 3231 675 3290 in
685 3230 877 3303 amiciciam,
888 3230 955 3290 imo
964 3248 1032 3291 non
1047 3231 1172 3309 recipis,
1184 3228 1241 3290 sed
1252 3229 1315 3290 tibi
1322 3229 1506 3308 gratularis,
1522 3249 1554 3285 10

310 3315 362 3374 cui
386 3314 559 3392 contigerit
583 3332 640 3393 per
669 3314 870 3374 occasionem
899 3313 934 3373 in
958 3318 1106 3374 nostram
1135 3314 1315 3375 amiciciam
1340 3314 1506 3374 insinuari.

310 3397 382 3458 Ista
395 3396 565 3469 modestia,
581 3416 647 3475 qua
661 3401 695 3457 te
708 3398 809 3458 nimio
823 3397 898 3476 plus
908 3396 1066 3469 demittis,
1081 3397 1237 3458 excelsior
1248 3416 1283 3458 es
1293 3416 1366 3457 mea
1376 3396 1508 3475 quidem

310 3482 474 3541 sententia
498 3499 598 3559 quam
624 3481 740 3540 ceteris
765 3481 832 3541 tuis
855 3479 908 3540 vel
929 3479 1112 3541 virtutibus
1136 3481 1188 3541 vel
1214 3481 1422 3552 ornamentis,
1444 3498 1509 3558 que

311 3563 492 3625 Germanus
507 3562 639 3624 Brixius
653 3563 796 3624 facunda
810 3562 950 3643 epistola
963 3563 1176 3642 praedicauit.
1220 3563 1282 3624 Ille
1301 3564 1368 3625 suis
1388 3562 1509 3624 litteris

311 3647 524 3727 praedicauit,
540 3652 578 3707 tu
597 3646 704 3708 fecisti
723 3646 822 3708 fidem
836 3647 904 3709 tuis
923 3652 993 3708 tam
1015 3647 1194 3726 prudenter
1208 3652 1344 3725 tamque
1358 3652 1509 3708 amanter
1524 3663 1553 3712 15

311 3732 441 3809 scriptis
455 3730 584 3791 litteris.

352 3813 405 3874 Ad
419 3813 615 3875 medendum
628 3813 713 3875 febri
723 3811 915 3875 Germaniae
929 3813 1087 3875 hactenus
1101 3819 1137 3875 et
1149 3812 1277 3874 fidelem
1292 3819 1327 3874 et
1341 3819 1509 3875 strenuam

311 3903 347 3958 et
363 3902 569 3958 constantem
588 3898 710 3958 nauaui
729 3916 873 3977 operam,
891 3897 1016 3976 ingenti
1036 3916 1143 3958 rerum
1163 3915 1310 3958 mearum
1329 3896 1508 3976 dispendio,

311 4000 495 4060 magnoque
509 3980 706 4042 valetudinis
717 4000 755 4042 ac
766 3981 836 4041 vite
850 3980 993 4060 periculo
1004 4000 1011 4041 :
1034 3979 1092 4041 sed
1102 3999 1162 4061 pro
1175 3979 1258 4041 bene
1271 3986 1396 4041 nauata
1410 3999 1510 4059 opera

311 4064 392 4125 mihi
420 4064 560 4125 refertur
588 4065 729 4143 pessima
756 4064 872 4143 gratia,
895 4063 994 4142 idque
1022 4062 1065 4124 ab
1094 4063 1145 4123 his
1172 4064 1273 4124 etiam
1302 4082 1362 4143 pro
1390 4062 1509 4142 quibus
1522 4081 1555 4117 20

312 4148 472 4227 depugno.
516 4146 601 4208 Nam
617 4147 706 4226 quod
720 4148 850 4209 diuersa
867 4165 944 4226 pars
958 4167 1010 4207 me
1026 4146 1185 4208 machinis
1199 4146 1350 4208 omnibus
1366 4147 1508 4227 impetit,

312 4250 385 4291 meo
406 4231 525 4291 merito
546 4250 670 4309 suoque
691 4232 762 4292 iure
783 4231 889 4292 iacere
910 4230 1015 4291 videri
1035 4236 1156 4310 potest.
1199 4228 1263 4292 Sed
1283 4229 1373 4309 quod
1393 4229 1436 4290 ab
1458 4229 1509 4290 his

313 4334 451 4393 quorum
460 4315 568 4393 gratia
578 4314 744 4394 periclitor
752 4334 804 4375 me
815 4318 869 4374 tot
880 4312 997 4375 libellis
1006 4333 1133 4375 veneno
1143 4314 1257 4375 tinctis
1267 4314 1417 4393 impetor,
1429 4313 1510 4374 satis

312 4396 467 4458 admirari
481 4417 547 4459 non
560 4417 702 4478 possum.
739 4397 806 4459 Nec
821 4397 998 4458 defuerunt
1013 4397 1128 4470 Rome,
1138 4397 1194 4476 qui
1208 4397 1346 4458 sinistris
1360 4397 1509 4458 crimina·

312 4480 458 4542 tionibus
472 4480 648 4543 Clementis
662 4482 807 4542 animum
822 4500 843 4542 a
857 4500 909 4542 me
923 4482 1034 4541 conati
1052 4485 1131 4541 eunt
1144 4479 1295 4553 alienare,
1309 4498 1415 4558 neque
1428 4478 1510 4541 nihil
1523 4494 1555 4544 25

312 4565 530 4644 proiecerunt.
567 4565 613 4626 At
628 4566 655 4625 si
668 4584 815 4626 summus
829 4563 978 4644 pontifex
993 4565 1127 4643 penitus
1140 4570 1251 4624 nosset
1269 4565 1372 4624 totius
1386 4563 1510 4642 negocii

313 4649 584 4720 circumstantias,
605 4648 694 4709 haud
713 4666 879 4726 quaquam
901 4648 987 4708 inter
1008 4652 1190 4727 postremos
1206 4651 1395 4707 numeraret
1413 4645 1509 4707 Eras-

313 4750 414 4803 mum‚
435 4750 517 4810 quos
536 4751 596 4792 suo
613 4732 727 4793 feuore
748 4731 862 4810 dignos
883 4730 1018 4791 iudicat.
1055 4730 1141 4792 Nam
1161 4731 1277 4791 mitras
1290 4735 1326 4790 et
1344 4749 1422 4810 opes
1443 4749 1510 4791 non

346 4839 1055 4905 2482.r1r.nass.acr.pmp..l.s.add..l.
1147 4839 1427 4903 13.J:viritutibos
1443 4837 1508 4888 MS.

313 4910 353 4956 16.
371 4907 475 4957 litteris
486 4908 549 4958 odd.
561 4908 592 4958 J.
661 4921 703 4971 ²3·
722 4923 831 4958 mecm.
843 4906 874 4957 J.
943 4921 985 4972 24·
1003 4906 1136 4957 demirari
1146 4906 1178 4957 J.

706 5042 781 5093 2482.
799 5056 825 5106 3.
843 5042 958 5105 litteris]
969 5042 1025 5108 Ep.
1038 5054 1113 5106 ²405·
