4042 5900
299 672 393 749 2554]
603 667 727 730 reon
747 668 923 731 Ansrnu
943 667 1202 731 terroremue
1431 669 1493 729 see

341 827 544 889 Scrutarium
560 827 739 889 Prothoum
751 847 820 889 esse
831 827 927 889 video
937 833 973 888 et
983 846 1146 906 nugarum
1156 828 1353 908 principem
1376 833 1494 906 pactus
1507 850 1540 886 20

299 931 426 972 mecum
444 917 497 972 est
515 911 584 972 flor.
605 924 624 987 5
642 929 708 971 non
727 909 756 972 6.
793 910 853 972 Cui
872 918 911 972 vt
932 911 1057 972 incluse
1074 911 1188 972 literae
1205 911 1387 972 offerantur
1404 916 1492 989 opto,

298 1002 333 1056 et
348 1001 461 1056 noscet
475 1000 609 1073 pactum
623 1014 768 1055 essenon
780 994 869 1073 quod
880 994 928 1055 illi
939 994 1042 1055 lubet.
1079 994 1250 1056 Admoneo
1260 994 1378 1056 saltem
1390 993 1492 1055 homi-

299 1097 374 1139 nem
390 1085 428 1138 vt
443 1079 627 1138 meminerit
641 1078 758 1139 famae.

340 1163 496 1222 Animum
516 1167 613 1222 tuum
631 1163 665 1221 in
685 1181 737 1223 me
755 1180 820 1222 non
835 1180 968 1241 possum
983 1179 1050 1222 non
1065 1180 1260 1241 magnopere
1274 1162 1423 1241 probare,
1438 1162 1496 1239 qui

300 1246 461 1305 inferioris
477 1245 595 1306 domus
613 1251 690 1305 tuae
710 1251 837 1324 partem
857 1244 953 1305 nobis
972 1244 1079 1306 offers.
1123 1244 1259 1307 Vtinam
1278 1252 1348 1306 tam
1367 1264 1495 1324 possem
1508 1263 1540 1314 25

299 1329 468 1389 commode
482 1348 582 1406 quam
597 1327 714 1401 velim;
736 1326 903 1389 Christum
917 1328 998 1389 mihi
1013 1334 1131 1388 testem
1146 1347 1237 1401 voco,
1253 1328 1376 1389 nullius
1392 1329 1496 1407 magis

300 1420 450 1490 optarem
461 1430 562 1490 quam
574 1418 670 1472 tuum
681 1411 941 1472 contubernium.
972 1411 1089 1472 Habeo
1102 1411 1223 1472 fratres
1237 1412 1320 1472 duos
1335 1412 1495 1472 sacrificu-

300 1496 359 1567 los,
380 1502 518 1573 vterque
538 1496 606 1556 tuis
625 1495 771 1555 moribus
790 1513 859 1556 sese
878 1495 1126 1556 accommodare
1143 1502 1254 1574 posset
1268 1495 1494 1575 placidissime.

300 1578 405 1652 Quem
415 1580 558 1657 optarim
568 1578 628 1638 tibi
638 1597 740 1638 vnum
750 1577 822 1639 loco
830 1578 961 1638 famuli!
978 1577 1072 1639 Alter
1080 1584 1192 1639 tamen
1201 1579 1267 1640 iere
1276 1585 1328 1639 est
1336 1580 1495 1658 quinqua-

300 1663 460 1740 genarius,
480 1662 564 1722 alter
581 1662 869 1741 quadragenarius.
907 1661 1040 1723 Possem
1058 1680 1118 1741 ego
1133 1663 1196 1722 etsi
1213 1663 1321 1723 iunior
1337 1664 1497 1741 imperare
1510 1682 1544 1733 3⁰

300 1745 374 1818 illis,
390 1747 417 1805 si
432 1746 556 1806 itineris
572 1764 638 1806 non
653 1745 764 1806 obstet
777 1751 812 1805 et
827 1744 977 1805 molestia
988 1752 1024 1806 et
1034 1745 1267 1823 longinquitas.
1297 1745 1392 1805 Esses
1403 1746 1496 1805 nimi·

301 1848 374 1889 rum
389 1849 409 1889 a
424 1830 511 1888 curis
525 1828 712 1889 domesticis
726 1833 819 1888 totus
834 1829 974 1906 quietus.

343 1910 543 1972 stanislaum
565 1912 701 1972 fratrem
723 1912 866 1983 Ioannis,
884 1918 1001 1972 natum
1024 1930 1129 1972 annos
1150 1917 1285 1992 septem,
1304 1930 1371 1972 non
1388 1929 1498 1971 meum

302 1995 454 2073 intellige,
466 2014 605 2074 puerum
619 2001 654 2056 et
665 1995 811 2056 moribus
822 2001 857 2055 et
867 1993 977 2056 indole
988 2014 1063 2055 vere
1074 1994 1228 2067 nobilem,
1237 2014 1334 2073 quem
1344 2001 1498 2075 parentes

303 2080 438 2138 summis
470 2077 594 2138 habent
625 2080 658 2138 in
690 2077 820 2149 delitiis,
849 2076 1020 2139 literarum
1052 2078 1234 2139 studiosiss.
1286 2078 1327 2138 In
1359 2077 1498 2139 dicendo
1511 2097 1544 2147 35

302 2161 455 2222 Terentio
468 2180 561 2223 meae
575 2161 761 2222 sedulitatis
776 2162 809 2221 in
823 2161 981 2222 Ioannem
997 2162 1182 2222 memineris
1195 2162 1416 2241 maximopere
1432 2180 1498 2234 oro,

302 2251 404 2323 vtque
418 2244 522 2305 frater
536 2251 675 2322 vterque
691 2244 735 2306 ad
754 2264 861 2305 mores
879 2246 963 2324 regis
982 2246 1088 2305 nostri
1108 2246 1244 2306 iunioris
1265 2244 1500 2323 Sigismunduli

302 2348 371 2388 sese
386 2329 585 2400 accomodet,
600 2330 657 2406 qui
672 2329 794 2408 regiam
808 2347 887 2388 sane
900 2335 936 2389 et
949 2328 1092 2388 indolem
1107 2334 1143 2388 et
1153 2347 1210 2407 pre
1222 2348 1256 2389 se
1266 2328 1332 2389 fert
1342 2330 1498 2401 smmum,

303 2412 539 2484 adhortaberis‚
555 2418 590 2472 et
603 2413 718 2472 leceris
732 2411 924 2491 parentibus
937 2411 983 2471 nil
997 2413 1134 2491 gratius.

345 2494 378 2555 Si
399 2495 479 2573 quid
501 2494 732 2555 indistractum
753 2492 974 2566 Sebastianus,
995 2495 1038 2555 ad
1058 2495 1218 2574 mequod
1237 2495 1411 2574 pertineat,
1427 2493 1498 2554 reli·
1512 2513 1547 2565 40

303 2580 420 2656 querit,
445 2578 644 2657 pauperibus
669 2578 820 2650 debitum
850 2578 891 2639 de
916 2577 989 2638 eliis
1015 2579 1209 2639 amicissime
1235 2577 1404 2638 satisfecit.
1448 2576 1500 2637 An

304 2661 458 2740 poculum
475 2682 515 2722 ex
534 2661 753 2740 Argentorato
772 2662 935 2741 acceperis
954 2662 1035 2722 scire
1055 2661 1163 2723 velim.
1207 2662 1256 2722 De
1278 2661 1432 2723 cottoniis
1454 2660 1500 2720 nil

304 2745 511 2823 significasti:
549 2746 577 2804 si
604 2746 655 2804 vis
684 2743 736 2805 vel
765 2743 856 2805 aliud
884 2744 927 2805 ad
956 2743 1179 2806 valetudinem
1208 2750 1301 2805 tuam
1330 2763 1431 2823 genus
1459 2763 1501 2803 ex

304 2828 587 2907 pharmacopoliis‚
613 2847 680 2889 vno
708 2828 810 2888 verbo
839 2828 901 2900 dic,
926 2833 961 2889 et
990 2827 1161 2889 curabitur
1185 2829 1295 2906 probe.
1339 2825 1501 2905 Quicquid

305 2912 409 2973 habeo
424 2911 476 2972 vel
496 2911 669 2973 habiturus
687 2929 842 2991 vnquam,
857 2912 909 2972 tui
927 2912 1035 2992 gratia
1055 2910 1240 2993 impendere
1260 2918 1397 2991 paratus
1417 2930 1499 2972 sum.
1513 2928 1547 2982 45

305 2995 384 3056 Vale
400 2996 528 3056 feliciss.

346 3079 494 3140 Besileee
509 3080 668 3158 ocyssime
682 3095 702 3157 9
717 3077 831 3141 Octob.
849 3092 940 3156 1531.

525 3161 616 3223 Tuus
630 3169 670 3223 vt
684 3181 763 3223 suus
777 3161 952 3223 Anselmus
966 3161 1062 3242 Eph,
1077 3160 1207 3234 Silesus,
1223 3179 1289 3223 non
1305 3161 1459 3222 Polonus.

305 3354 331 3413 F
347 3271 467 3414 hgagno
481 3270 538 3331 illo
553 3271 691 3332 Erasmo
706 3270 939 3343 Roterodamo‚
952 3270 1085 3331 domino
1095 3275 1130 3331 et
1140 3275 1282 3349 patrono
1292 3288 1352 3331 suo
1363 3288 1501 3341 summo,
1515 3341 1549 3392 ⁵⁰

332 3374 360 3413 n
383 3374 464 3433 urg1.
622 3454 663 3502 34·
681 3438 807 3504 intelligo
818 3437 883 3488 ns.
962 3450 1003 3502 47.
1023 3436 1189 3502 opens.

340 3587 381 3622 20.
401 3573 587 3634 Sci-uterium]
631 3571 758 3637 Perhaps
802 3588 880 3623 some
930 3571 965 3622 be
981 3572 1048 3621 that
1063 3570 1186 3621 referred
1202 3577 1234 3621 te
1248 3571 1279 3620 in
1295 3569 1350 3635 Ep.
1365 3582 1440 3632 2559,
1452 3570 1503 3621 the

306 3639 401 3689 dealer
419 3640 448 3688 in
465 3638 658 3689 second-hund
674 3639 771 3704 goods,
788 3640 842 3690 but
856 3641 880 3689 it
929 3638 998 3688 final
1005 3636 1504 3702 deliveryolwhichviaNuremberg

308 3707 400 3771 might
412 3707 447 3756 be
459 3721 592 3771 aproper
603 3721 695 3756 name.
930 3706 954 3755 is
971 3704 1135 3755 mentioned
1152 3705 1183 3754 in
1199 3705 1255 3770 Ep.
1273 3707 1349 3754 2606.
1368 3717 1434 3767 5-7:
1452 3719 1502 3768 ep·

340 3787 381 3834 25-
400 3773 495 3834 offers]
514 3773 649 3822 Erasmus
667 3772 725 3822 hed
741 3772 779 3822 sll
796 3772 880 3837 along
930 3770 1063 3888 parlsspltly
1074 3786 1092 3887 p
1103 3771 1157 3835 gift
1169 3771 1242 3821 from
1253 3771 1346 3822 oneof
1358 3769 1502 3821 Erasmus'

953 3855 971 3889 0
1038 3853 1076 3903 pa
1090 3853 1166 3888 tons.

308 3840 413 3889 wished
425 3841 491 3889 thet
502 3839 665 3903 Ephorinus
676 3839 771 3889 would
781 3845 880 3890 return

307 3914 338 3955 to
350 3907 408 3955 him
417 3911 450 3956 at
461 3905 801 3970 Freiburg.ci.1·2p.2535.
815 3919 839 3969 7.
997 3905 1143 3966 cottoniis]
1151 3903 1337 3968 Presumably
1343 3904 1417 3954 from
1428 3903 1504 3954 their

308 3973 346 4022 Of
363 3973 413 4022 the
429 3979 487 4022 two
505 3973 635 4023 brothers
652 3974 745 4023 whom
760 3972 879 4038 Ephori·
930 3972 1113 4035 conjunction
1130 3971 1200 4022 with
1213 3972 1263 4021 the
1276 3986 1343 4035 cup,
1359 3971 1409 4021 the
1426 3985 1504 4020 same

309 4055 363 4089 nus
375 4039 568 4089 recommends
579 4054 610 4089 ss
622 4039 745 4105 possible
758 4040 881 4089 inmstes
930 4054 962 4089 es
985 4039 1036 4088 the
1053 4037 1186 4089 ‘condita
1202 4037 1381 4088 Lusitanica’
1399 4036 1431 4087 of
1447 4037 1502 4101 Ep.

308 4107 429 4170 nothing
441 4107 464 4155 is
476 4107 588 4156 known
930 4117 1076 4167 2511.29n.
1110 4103 1503 4170 Thephreeeeondicseoto·

342 4188 382 4235 33.
402 4173 585 4234 stanislaum]
624 4173 787 4238 Ephorinus
822 4171 881 4222 had
930 4171 1063 4222 neomm’
1076 4187 1174 4221 occurs
1185 4173 1214 4220 in
1226 4171 1281 4236 Ep.
1294 4173 1369 4221 2606.

308 4238 879 4356 {lettliltdtshltlttd’
930 4237 1503 4370 milliti‘lhlmlffpili‘llililh

309 4372 370 4422 laus
387 4374 495 4432 Boner;
515 4373 553 4436 by
571 4373 729 4423 Stanislans
745 4373 880 4423 Erasmus
931 4372 1117 4422 instructions
1133 4372 1163 4421 in
1179 4371 1261 4436 April
1278 4385 1288 4420 r
1293 4384 1341 4434 532
1357 4385 1404 4420 see
1419 4370 1504 4419 Boni-

309 4439 365 4489 hed
385 4440 556 4504 apparently
576 4439 750 4491 understood
774 4439 879 4490 stanis-
931 4438 1018 4489 lsce's
1034 4437 1120 4489 letter
1134 4444 1166 4488 to
1183 4439 1319 4488 Erasmus
1333 4438 1364 4488 ol
1380 4439 1414 4487 26
1430 4436 1504 4487 ch.

308 4505 370 4555 leus
383 4505 512 4570 Aychler.
931 4506 1041 4568 (1532),
1056 4505 1141 4556 Basle
1155 4504 1212 4556 MS.
1227 4504 1257 4555 G.
1271 4504 1334 4555 VI⁸.
1346 4518 1388 4570 73.
1400 4504 1449 4554 28:
1467 4503 1503 4553 cl.

343 4587 383 4636 37.
397 4572 608 4637 Sigismunduli]
617 4573 673 4623 Son
681 4573 712 4623 of
720 4571 881 4638 sigismund
930 4572 985 4637 Ep.
999 4585 1073 4633 2559·
1084 4574 1159 4635 33-6·

309 4652 329 4697 1,
338 4640 409 4688 born
420 4654 493 4702 1520.
505 4640 635 4690 crowned
648 4651 713 4703 1530
724 4640 811 4690 inthe
820 4638 880 4690 liis·
965 4640 1006 4703 48.
1025 4638 1138 4697 Silesus,
1154 4654 1212 4689 non
1227 4637 1362 4698 Polonus]
1378 4637 1408 4686 It
1424 4637 1505 4686 looks

309 4704 883 4765 tirneoihislather,whomhesueoeeded
932 4720 964 4756 ss
986 4705 1097 4771 though
1123 4706 1259 4756 Erasmus
1281 4711 1313 4755 at
1336 4719 1413 4754 some
1435 4703 1505 4753 time

309 4788 340 4821 es
353 4772 512 4837 Sigismund
525 4774 680 4838 Augustus.
932 4771 1078 4838 supposed
1086 4773 1250 4838 Ephorinus
1258 4776 1290 4821 to
1299 4772 1333 4820 be
1342 4786 1360 4819 s
1368 4771 1467 4821 native
1475 4770 1506 4821 ol

342 4853 383 4903 42.
402 4839 547 4904 poculum]
570 4839 631 4891 'l'he
654 4855 710 4905 cup
736 4854 827 4890 seems
851 4845 883 4889 to
933 4838 1053 4890 Poland.
