4042 5900
432 656 493 717 ase
757 653 956 718 turmas
977 653 1259 718 ornansuus
1536 658 1631 734 [1531

431 813 550 875 ambio.
594 812 817 875 Antoritatem
840 814 893 876 vel
918 815 952 875 in
975 813 1037 876 hoc
1061 814 1174 875 adesse
1198 814 1307 887 velim,
1338 820 1377 875 vt
1401 814 1632 895 improborum

385 920 420 970 30
432 897 574 959 latratus
589 897 793 959 submoueat.

473 978 546 1042 Sint
559 981 660 1059 igitur
675 981 715 1042 he
723 987 855 1042 tuorum
864 982 899 1041 in
907 1001 959 1043 mc
968 981 1146 1043 officiorum
1155 982 1307 1061 primitie,
1317 987 1356 1041 vt
1366 1001 1425 1061 per
1435 987 1470 1042 te
1481 1001 1632 1043 summus

431 1064 755 1144 pontifcx'intelligat
765 1064 939 1126 Erasmum
951 1083 1079 1125 summa
1088 1066 1286 1143 synceritate
1297 1066 1433 1144 parique
1443 1066 1632 1127 constantia

431 1146 552 1208 Christi
570 1149 739 1226 negocium
756 1149 868 1227 egisse,
890 1155 1087 1226 tantumque
1109 1148 1331 1209 discriminum
1353 1149 1387 1208 in
1409 1167 1506 1209 suum
1529 1153 1632 1228 capnt

430 1232 601 1292 accersisse
624 1237 673 1304 vt,
699 1232 726 1292 si
750 1231 930 1293 mercedem
954 1231 1124 1292 hominum
1146 1237 1300 1310 spectem,
1326 1231 1445 1292 summi
1470 1231 1633 1311 pontificii

385 1333 418 1385 35
431 1314 652 1375 conditionem
660 1315 778 1376 fuerim
789 1320 1007 1376 recusaturus.
1044 1313 1632 1376 Eruditosfereomncsmihireddidi

431 1397 584 1470 infensos,
610 1403 646 1458 et
668 1398 788 1477 quibus
810 1403 910 1459 antea
933 1417 1006 1458 sum
1027 1417 1106 1458 vaus
1126 1398 1239 1459 amicis
1262 1399 1397 1471 intimis,
1420 1404 1456 1459 et
1481 1400 1632 1459 omnium

431 1499 625 1542 arcanorum
640 1482 785 1554 consciis,
798 1481 857 1542 hos
872 1501 959 1541 nunc
973 1482 1084 1560 patior
1094 1480 1206 1543 hostes
1222 1483 1366 1542 maxime
1380 1481 1551 1560 capitales.
1586 1481 1632 1542 At

431 1563 514 1624 nulli
528 1569 605 1624 sunt
620 1564 664 1625 ad
678 1564 880 1644 perdendum
895 1564 1061 1626 hominem
1072 1565 1175 1643 magis
1189 1565 1353 1637 instructi,
1365 1584 1466 1643 quam
1480 1566 1541 1643 qui
1556 1584 1632 1626 cum

431 1666 470 1708 eo
484 1646 689 1708 familiariter
703 1649 867 1709 vixerunt.
911 1647 997 1709 Nam
1013 1648 1047 1709 hi
1061 1653 1100 1708 vt
1113 1647 1234 1709 nullius
1249 1649 1392 1709 criminis
1411 1648 1533 1709 conscii
1553 1649 1631 1721 sint,

385 1750 419 1800 4ο
431 1730 571 1792 multam
589 1737 701 1792 tamen
720 1730 844 1792 habent
855 1732 1028 1792 materiam
1043 1730 1323 1810 vndeprobabiles
1337 1730 1631 1792 calumniasfabri-

430 1821 555 1876 centur.
598 1815 644 1875 Et
666 1814 790 1875 habent
817 1815 873 1875 isti
895 1814 1055 1893 quosdam
1083 1814 1225 1875 artifices
1253 1816 1342 1875 omni
1364 1814 1492 1875 malicie
1513 1833 1633 1893 genere

430 1898 609 1959 instructos
637 1898 680 1959 ad
708 1897 989 1959 criminationibus
1017 1897 1257 1959 submouendos
1285 1917 1368 1977 quos
1393 1897 1455 1958 sibi
1480 1899 1633 1959 sentiunt

431 1980 576 2043 infestos.

473 2065 571 2144 Apud
585 2084 692 2143 regem
706 2062 897 2137 Galliarum,
912 2066 1004 2126 cuius
1020 2070 1058 2125 vt
1072 2070 1172 2126 antea
1185 2064 1408 2126 calamitatem
1423 2083 1632 2144 summopere

386 2163 418 2214 45
432 2147 593 2221 dolebam,
616 2149 665 2208 ita
687 2167 773 2209 nuno
799 2147 1035 2228 tranquillitati
1059 2147 1268 2209 vehementer
1291 2147 1447 2227 gratulor,
1472 2146 1557 2208 nihil
1581 2154 1632 2209 est

432 2231 521 2309 quod
544 2231 698 2305 ambiam,
721 2233 784 2292 nisi
807 2231 896 2310 quod
918 2230 966 2291 illi
988 2230 1106 2292 charus
1130 2250 1199 2291 esse
1222 2232 1328 2310 cupio,
1350 2230 1632 2310 quemadmodum

432 2314 486 2376 ille
500 2315 689 2393 frequenter
703 2334 896 2394 propensam
913 2334 990 2393 erga
1004 2333 1056 2375 mc
1073 2314 1280 2376 voluntatem
1298 2314 1487 2375 declarauit.
1533 2313 1631 2388 Quod

433 2404 493 2460 tua
507 2398 680 2478 pollicetur
698 2398 891 2478 benignitas,
906 2404 981 2460 toto
1000 2404 1131 2477 pectore
1148 2399 1277 2477 recipio,
1293 2418 1331 2458 ac
1353 2398 1496 2458 vicissim
1516 2397 1631 2459 defero

433 2481 588 2561 quicquid
602 2481 749 2561 obsequii
763 2487 905 2561 patrono
920 2482 1044 2561 optime
1058 2482 1175 2542 merito
1189 2487 1356 2561 praestare
1371 2480 1470 2542 debet
1484 2500 1523 2541 ac
1538 2482 1632 2543 valet

387 2565 536 2628 solidalis
551 2571 585 2626 et
599 2572 713 2645 gratus
728 2565 837 2627 cliens.
875 2565 915 2625 R.
932 2565 972 2625 D.
989 2564 1026 2625 T.
1040 2566 1178 2644 sospitet
1192 2585 1230 2626 ac
1246 2569 1416 2644 prosperet
1430 2564 1464 2623 in
1476 2564 1630 2625 omnibus

432 2648 694 2710 dominuslesus.

474 2732 600 2794 Datum
615 2733 703 2812 apud
718 2732 913 2812 Friburgum
929 2732 1103 2811 Brisgoiae.
1121 2731 1203 2811 prid.
1220 2731 1270 2792 Id.
1285 2730 1388 2811 April.
1405 2730 1465 2791 An.
1484 2744 1577 2808 1531.

719 3020 819 3081 2483.
866 3015 919 3080 To
941 3015 1105 3080 anrrrus
1130 3015 1340 3080 Aunonrus.

470 3144 630 3216 Epistolae
643 3144 785 3198 Floridae
798 3160 829 3214 p.
844 3147 890 3198 26.
1393 3144 1552 3216 Freiburg.

394 3250 399 3259 ·
469 3221 511 3274 K.
525 3237 556 3291 p.
570 3234 624 3290 43:
645 3219 685 3274 N.
699 3236 730 3290 p.
745 3232 818 3288 973:
839 3219 937 3274 Lond.
951 3236 1024 3273 xxv.
1040 3233 1092 3272 20:
1113 3219 1176 3273 LB.
1194 3220 1275 3289 1184.
1355 3234 1388 3288 13
1403 3219 1491 3290 April
1507 3235 1592 3290 1531.

467 3321 545 3383 [This
552 3322 638 3372 letter
648 3321 755 3372 carried
767 3322 806 3386 by
818 3321 969 3372 Utenhove
982 3323 1025 3382 (so
1036 3327 1085 3371 too
1097 3320 1279 3385 presumably
1290 3321 1366 3385 Epp.
1379 3323 1455 3385 2483,
1468 3323 1631 3386 2485-2487,

432 3389 469 3439 cf.
482 3390 536 3454 Ep.
550 3403 624 3452 2494.
640 3390 698 3451 1-3)
710 3405 768 3438 was
776 3394 828 3438 1101
834 3387 979 3438 answered
986 3388 1139 3448 tilloJune
1151 3401 1223 3450 1533,
1234 3388 1380 3452 Besanpon
1388 3387 1444 3438 MS.
1454 3402 1513 3449 599,
1522 3404 1552 3453 p.
1562 3394 1631 3454 2763

432 3456 545 3584 prigrrpg
556 3461 587 3505 to
599 3455 750 3506 Utenhove
762 3457 801 3516 <c.
812 3470 845 3518 24
854 3454 952 3520 April>
966 3469 1030 3518 1533
1042 3455 1178 3504 Erasmus
1190 3455 1314 3519 inquires
1325 3455 1415 3505 about
1427 3456 1460 3513 it,
1473 3455 1631 3516 Horawitz,

597 3646 750 3690 nssasuvs
764 3645 885 3689 acran.
902 3645 1020 3690 LIVINO
1036 3645 1196 3689 eubiculo
1211 3645 1421 3689 CARTVSIANO
1436 3645 1462 3689 S.

474 3737 745 3811 Qvnnauuoovu
767 3736 873 3798 Caroli
894 3738 999 3797 nostri
1020 3743 1212 3816 conspectus
1237 3757 1278 3797 ex
1305 3737 1403 3797 Italia
1428 3737 1556 3799 reducis
1581 3740 1630 3800 in-

433 3820 714 3882 credibilemmihi
728 3821 935 3901 voluptatem
951 3820 1076 3892 attulit,
1089 3821 1137 3880 ita
1151 3839 1217 3880 non
1229 3819 1345 3881 dubito
1356 3822 1435 3898 quin
1447 3840 1506 3882 vos
1517 3840 1632 3884 omnes

432 3923 551 3984 magno
576 3905 620 3964 sit
642 3903 819 3965 effecturus
843 3904 971 3982 gaudio.
1016 3903 1067 3964 Ex
1090 3923 1128 3963 ec
1150 3903 1261 3963 licebit
1281 3903 1412 3976 discere,
1434 3924 1499 3965 non
1522 3906 1631 3967 solum

432 4007 499 4066 quo
513 3989 547 4047 in
561 3993 652 4048 statu
667 3989 735 4048 sint
754 4007 804 4048 ras
823 3993 964 4058 nostrae,
987 3988 1202 4047 verumetiam
1225 3987 1265 4046 de
1288 3986 1404 4059 Roma,
1423 3987 1463 4048 de
1481 3987 1631 4063 Venetia,

403 4071 474 4132 ⁵dc
491 4070 649 4143 Bononia,
669 4069 773 4149 deque
791 4069 964 4131 Germania
983 4069 1113 4148 longam
1129 4077 1220 4130 texet
1234 4070 1380 4131 Iliadem.
1426 4070 1527 4131 Redit
1541 4073 1631 4133 enim

432 4154 524 4215 velut
539 4153 679 4232 Vlysscs,
694 4152 795 4213 πολλὰ
809 4153 916 4213 παθὼν
930 4151 983 4214 καὶ
996 4152 1097 4212 πολλὰ
1111 4152 1226 4230 μαθών.

474 4235 582 4309 Quum
597 4236 763 4297 interdum
779 4256 906 4298 mecum
921 4242 1048 4316 reputo,
1064 4237 1216 4297 Ammoni
1236 4237 1430 4309 charissime,
1447 4237 1632 4300 cuiusmodi

432 4320 561 4399 ingenia
589 4326 781 4399 premantur
808 4340 847 4381 ac
869 4320 1068 4400 sepeliantur
1091 4321 1124 4379 in
1147 4320 1218 4379 istis
1239 4321 1436 4391 ceremoniis,
1462 4321 1632 4383 interdum

432 4404 523 4464 subit
542 4405 689 4463 animum
711 4405 867 4482 cogitatio
888 4404 1037 4464 fortassis
1058 4403 1211 4476 humana,
1231 4403 1414 4464 istiusmodi
1433 4405 1521 4464 vitae
1538 4424 1631 4484 erga-

388 4485 612 4559 Ιο0111100011
629 4487 698 4547 sine
716 4488 875 4548 instinctu
896 4485 1038 4548 Satanae
1059 4487 1157 4547 fuisse
1179 4487 1323 4547 inducta.
1368 4485 1453 4559 Quid
1473 4488 1561 4548 enim
1579 4496 1632 4550 ast

431 4571 583 4649 spiritum
604 4571 802 4649 extinguere,
828 4572 856 4631 si
878 4571 940 4631 hoo
964 4576 1126 4631 nonest?
1168 4570 1214 4630 At
1236 4570 1357 4631 Paulus
1379 4570 1413 4630 id
1434 4570 1502 4630 fieri
1524 4576 1632 4647 vetat,

432 4652 581 4714 Christus
594 4658 706 4715 autem
720 4671 761 4713 ne
775 4653 879 4714 linum
894 4653 1026 4732 quidem
1037 4653 1200 4732 fumigans
1214 4653 1288 4713 vult
1303 4654 1458 4732 extingui,
1475 4653 1531 4714 sed
1542 4657 1630 4716 exci-

466 4805 798 4869 2482.47.v01untatem
836 4804 1002 4865 declarauit]
1086 4808 1111 4854 6.
1132 4803 1223 4866 πολλὰ]
1249 4805 1292 4855 cf.
1319 4805 1404 4854 Hom.
1432 4804 1480 4854 od.
1509 4820 1532 4854 1.
1561 4820 1631 4873 3-4;

432 4872 667 4935 AsinEp·1375·
1053 4871 1209 4922 Simonides
1223 4876 1271 4931 169
1283 4872 1407 4937 (Bergk).

466 4938 540 4987 248³.
561 4951 584 4986 1.
602 4937 704 4998 Caroli]
713 4937 880 4996 Utenhove;
898 4938 934 4988 cf.
948 4938 1002 5003 Ep.
1089 4952 1128 4987 11.
1147 4939 1263 4999 Paulus]
1278 4953 1289 4987 1
1302 4938 1399 4988 Thess.
1412 4951 1436 5001 5.
1452 4952 1491 4997 19.

433 5006 554 5069 2485.1;
573 5004 882 5069 seeEp.2093introd.
1089 5019 1128 5054 11.
1147 5005 1287 5065 christus]
1299 5004 1382 5054 Matt.
1398 5020 1436 5054 11.
1450 5019 1491 5054 20.
