4042 5900
320 670 416 749 2437]
668 668 791 732 FROM
811 669 946 748 <JOHN
966 670 1162 750 OHOLER>
1395 758 1399 765 ι
1456 676 1514 735 147

319 828 409 909 quod
422 828 477 890 ille
491 828 566 889 hinc
581 830 647 890 iam
661 829 797 903 abierit;
812 830 869 908 qui
883 829 927 891 ad
941 828 1052 891 aulam
1060 831 1144 910 regis
1154 830 1356 911 seproficisci
1366 832 1513 894 dicebat:

319 913 360 973 de
381 914 474 974 cuius
494 911 638 974 abitione
658 932 725 974 non
746 932 863 993 parum
884 914 1016 993 gauisus
1036 914 1266 976 sum-Valde
1284 917 1371 977 enim
1390 917 1515 978 veritus

320 1016 393 1058 sum
414 1015 455 1056 ne
476 995 563 1056 illius
584 1015 690 1057 mores
710 1003 824 1058 notam
838 996 983 1075 aliquam
997 998 1231 1059 existimationi
1245 1004 1323 1059 tuae
1342 998 1394 1060 hic
1408 1000 1514 1061 inure-

320 1085 404 1141 rent.
448 1079 504 1140 Ita
523 1098 601 1141 sane
621 1099 687 1141 non
708 1099 825 1160 parum
845 1079 988 1141 multum
1007 1082 1137 1142 nomine
1151 1087 1211 1142 tuo
1225 1081 1347 1143 abusus
1360 1088 1411 1143 est
1425 1083 1515 1163 apud
1528 1106 1561 1143 20

320 1162 500 1243 plerosque,
515 1164 572 1240 qui
585 1163 733 1225 fortassis
747 1163 883 1224 aemulis
897 1164 964 1224 tuis
983 1163 1162 1225 studiosius
1175 1164 1299 1227 fauent.
1343 1166 1424 1227 Mihi
1438 1186 1515 1227 sane

320 1247 411 1307 oneri
424 1264 490 1307 non
503 1245 577 1320 fuit,
593 1253 630 1308 at
644 1253 756 1308 tamen
770 1253 830 1308 tua
844 1266 943 1308 causa
956 1247 1083 1326 gaudeo
1097 1247 1189 1309 illum
1203 1248 1330 1310 abiisse.
1367 1248 1515 1329 Reliquit

320 1348 420 1409 penes
442 1348 494 1390 me
515 1328 574 1391 has
593 1329 735 1392 inclusas
756 1330 892 1404 litteras,
913 1335 948 1391 et
962 1330 1042 1391 mihi
1056 1332 1227 1405 commisit,
1243 1333 1271 1392 si
1285 1351 1369 1410 quae
1383 1333 1515 1394 litterae

321 1414 380 1474 abs
395 1419 429 1474 te
443 1412 487 1474 ad
501 1412 592 1474 illum
611 1415 770 1487 venirent,
790 1432 845 1474 eas
859 1432 957 1493 penes
971 1432 1024 1475 me
1038 1414 1073 1473 in
1087 1413 1252 1475 redditum
1266 1434 1513 1489 conseruarem3

321 1495 410 1576 quod
425 1495 556 1574 quidem
571 1496 742 1577 diligenter
755 1496 874 1558 faciam
888 1502 923 1557 et
937 1495 997 1558 has
1011 1498 1176 1576 proximas
1191 1503 1267 1559 tuas
1281 1498 1329 1559 illi
1343 1499 1492 1561 seruabo.
1528 1519 1560 1570 25

363 1580 513 1640 Remitto
536 1579 598 1641 tibi
620 1581 755 1660 paginas
777 1585 853 1641 tuas
877 1581 911 1639 in
935 1579 1135 1641 Thrasonem
1159 1580 1253 1643 illum
1272 1584 1412 1662 scriptas
1433 1602 1515 1662 quas

321 1662 540 1741 Polyphemus
554 1664 725 1725 attulerat.
769 1663 849 1723 Mihi
863 1663 995 1741 quidem
1009 1665 1237 1743 suprimendae
1251 1665 1442 1744 videntu<r>
1455 1685 1515 1727 nec

321 1745 474 1818 edendae,
490 1747 553 1807 nisi
570 1748 597 1808 si
614 1747 717 1826 [quid]
733 1746 926 1826 gloriosulus
945 1746 999 1807 ille
1014 1748 1093 1807 noui
1112 1747 1236 1826 aliquid
1250 1754 1366 1810 contra
1380 1756 1414 1811 te
1429 1768 1513 1810 com-

321 1830 562 1902 minisceretur;
585 1836 664 1891 tunc
679 1829 866 1891 huiusmodi
876 1848 1032 1909 responso
1046 1830 1094 1891 illi
1108 1831 1309 1892 obuiandum
1324 1851 1496 1893 censerem.

362 1913 522 1973 Dominus
541 1914 704 1974 Antonius
725 1913 891 1993 Fuggerus
911 1914 1030 1974 mirum
1051 1914 1086 1973 in
1104 1913 1239 1976 modum
1254 1916 1323 1976 vini
1342 1916 1515 1995 superioris
1528 1937 1562 1987 30

321 1996 412 2058 dolet
433 1996 604 2070 iacturam,
626 2003 661 2058 et
682 1996 814 2075 quidem
835 2016 902 2058 non
927 1997 995 2057 vini
1019 1998 1188 2071 iacturam,
1214 1998 1272 2059 sed
1295 2000 1399 2077 magis
1424 1997 1515 2060 dolet

321 2081 467 2142 studium
482 2084 517 2140 et
527 2081 731 2160 diligenciam
746 2081 780 2140 in
794 2079 1051 2141 transmittendo
1061 2086 1144 2141 eoet
1158 2080 1369 2142 conducendo
1383 2083 1515 2161 proprio

321 2166 435 2244 auriga
448 2165 579 2240 penitus
592 2163 674 2224 nihil
689 2164 751 2225 sibi
761 2163 930 2243 profuisse.
988 2163 1102 2225 Voluit
1115 2164 1237 2226 idcirco
1251 2165 1285 2224 in
1298 2165 1406 2226 locum
1420 2165 1515 2226 etiusi

322 2249 390 2309 vini
404 2244 494 2309 aliud
509 2248 552 2308 ad
567 2254 601 2309 te
616 2247 789 2320 destinare,
805 2248 832 2308 si
845 2246 971 2308 felicius
988 2266 1074 2308 nunc
1096 2267 1147 2308 res
1164 2248 1375 2310 succederent
1391 2254 1426 2309 et
1442 2248 1513 2310 dili-

321 2332 451 2411 gentius
466 2330 510 2392 ad
524 2337 557 2392 te
571 2332 758 2412 perueniret
766 2332 890 2403 vinum,
900 2328 989 2409 quod
1003 2349 1081 2392 sane
1091 2330 1291 2411 iampridem
1306 2351 1381 2392 cum
1395 2331 1515 2393 litteris
1528 2346 1561 2399 35

322 2416 443 2479 nostris
463 2414 507 2476 ad
527 2422 562 2476 te
581 2416 765 2494 peruenisse
786 2413 988 2475 confidimus.
1032 2414 1140 2475 Tuum
1160 2415 1224 2475 erit
1245 2416 1401 2476 continuo
1420 2414 1516 2476 nobis

321 2500 521 2578 signifficare,
536 2518 635 2577 quam
652 2503 740 2558 recte
759 2498 821 2558 tibi
837 2496 1003 2558 redditum
1022 2497 1132 2559 fuerit.
1175 2496 1302 2577 Scripsi,
1318 2499 1449 2578 aurigae
1463 2498 1515 2559 hic

320 2584 526 2646 satisfactum
541 2601 601 2662 pro
615 2586 759 2652 vectura,
773 2600 815 2641 ne
829 2580 909 2659 quid
922 2580 1133 2660 impenderes.

364 2665 530 2740 Quantum
545 2666 588 2726 ad
602 2666 742 2725 amicum
758 2663 851 2725 illum
871 2669 1022 2725 nostrum
1043 2683 1141 2744 penes
1155 2683 1215 2725 vos
1234 2666 1387 2744 pertinet,
1403 2665 1515 2726 scribis

322 2749 469 2812 subolere
483 2749 610 2810 illinon
623 2746 704 2808 nihil
718 2753 754 2808 et
768 2748 936 2808 existimas
950 2767 1002 2809 me
1016 2748 1145 2809 litteras
1159 2753 1235 2809 tuas
1249 2747 1413 2826 aliquibus
1428 2767 1513 2810 com·
1527 2766 1562 2816 40

322 2836 514 2905 manicasse,
529 2834 586 2911 qui
595 2850 661 2893 non
675 2832 849 2904 tacuerint,
864 2836 899 2892 et
913 2850 961 2904 ea,
973 2850 1057 2909 quae
1071 2830 1112 2893 de
1121 2830 1178 2892 illo
1186 2833 1375 2911 scripsisses,
1387 2832 1430 2892 ad
1440 2851 1515 2893 eum

320 2916 420 2980 fuisse
434 2916 571 2999 perlata.
608 2916 677 2995 Ego
691 2921 803 2977 autem
817 2920 907 2976 certo
921 2916 1041 2977 certius
1056 2916 1118 2976 tibi
1131 2914 1230 2976 velim
1245 2915 1448 2995 persuadeas,
1463 2934 1515 2978 me

322 3001 405 3062 nulli
425 3000 614 3063 mortalium
635 2999 763 3060 litteras
784 3005 860 3060 tuas
874 2999 936 3059 nisi
950 3000 1007 3060 vni
1017 2998 1162 3060 Antonio
1176 2999 1323 3079 Fuggero
1336 3001 1514 3061 communi·

322 3103 430 3158 casse;
461 3084 559 3163 idque
583 3103 623 3144 ea
645 3083 772 3143 ratione
800 3102 821 3143 a
846 3101 897 3143 me
921 3081 1047 3143 factum
1070 3087 1130 3156 est,
1154 3083 1243 3160 quod
1267 3084 1451 3162 optauerim
1476 3088 1515 3144 vt

321 3168 485 3230 Antonius
496 3167 583 3228 illius
595 3167 760 3245 ingenium
769 3173 804 3227 et
813 3184 928 3239 mores,
937 3166 1087 3244 quamuis
1096 3167 1177 3227 satis
1185 3166 1308 3245 alioqui
1318 3172 1514 3246 perspectos,
1527 3180 1561 3234 45

322 3253 442 3313 certius
463 3249 571 3312 adhuc
591 3255 703 3310 tamen
724 3249 872 3329 cognitos
894 3248 1039 3310 haberet.
1082 3249 1151 3311 Nec
1172 3250 1361 3329 persuaderi
1382 3269 1515 3329 possum

322 3335 502 3413 quidquam
517 3333 566 3394 illi
579 3332 760 3393 Antonium
775 3331 977 3412 significasse.
1021 3331 1085 3394 Sed
1098 3333 1218 3394 ariolor
1231 3334 1341 3412 potius
1354 3352 1423 3413 ego,
1435 3333 1515 3411 quid

322 3418 370 3478 illi
391 3418 551 3478 suboleat.
595 3415 821 3495 Superioribus
838 3434 978 3494 namque
999 3415 1124 3489 diebus,
1142 3435 1217 3477 cum
1232 3416 1286 3477 ille
1299 3417 1515 3478 intellexisset

322 3501 483 3563 Mathiam
506 3500 678 3561 Kretzium
700 3499 828 3560 muneri
849 3499 1059 3561 contionandi
1082 3500 1134 3561 hic
1157 3501 1433 3572 renunciaturum,
1448 3501 1515 3580 egit

322 3604 450 3646 mecum
470 3604 528 3665 per
546 3584 674 3645 litteras
692 3587 732 3643 vt
745 3582 835 3662 apud
853 3584 1026 3644 canonicos
1041 3602 1100 3662 pro
1113 3603 1153 3645 eo
1167 3583 1408 3656 intercederem,
1423 3589 1462 3644 vt
1475 3603 1515 3644 ea
1528 3598 1561 3648 50

322 3669 490 3748 prouincia
511 3666 559 3727 illi
582 3665 852 3727 demandaretur:
886 3685 1003 3746 cupere
1022 3668 1109 3727 enim
1132 3686 1166 3727 se
1188 3667 1295 3728 denuo
1316 3666 1379 3728 huc
1401 3667 1514 3728 redire.

322 3752 392 3831 Ego
407 3770 494 3824 vero,
509 3751 566 3829 qui
580 3750 720 3810 hominis
734 3768 841 3810 mores
854 3751 919 3810 iam
934 3750 1060 3829 pridem
1071 3750 1259 3829 exploratos
1273 3750 1434 3823 haberem,
1448 3769 1515 3811 non

323 3834 459 3896 obscure
473 3853 551 3915 prae
562 3853 614 3894 mc
628 3832 690 3893 tuli
707 3851 808 3912 quam
819 3839 932 3912 gratus
943 3832 1030 3894 illius
1045 3832 1192 3894 redditus
1206 3833 1258 3893 hic
1272 3833 1404 3894 iuturus
1418 3838 1514 3906 esset,

322 3925 356 3980 et
377 3919 421 3979 ob
440 3918 475 3978 id
495 3917 617 3978 disuasi
638 3916 686 3976 illi
704 3935 746 3977 ne
764 3922 913 3996 pergeret
932 3936 1051 3977 munus
1065 3916 1127 3978 hoc
1142 3917 1275 3990 ambire,
1290 3916 1399 3995 palam
1413 3917 1514 3978 etiam

322 4001 505 4081 significans
526 4001 769 4061 intercessorem
789 4019 929 4061 menon
949 4000 1121 4073 iuturum3
1151 4000 1240 4078 quod
1261 4000 1393 4077 quidem
1415 4018 1515 4079 quam
1528 4013 1561 4064 55

321 4104 416 4165 aegre
438 4084 560 4156 tulerit,
582 4082 658 4144 hinc
679 4082 782 4162 liquet
798 4084 886 4161 quod
900 4103 941 4144 ne
959 4083 1106 4144 litteram
1120 4082 1260 4162 amplius
1275 4083 1318 4143 ad
1332 4102 1393 4156 me,
1407 4101 1466 4143 nec
1480 4083 1515 4142 in

323 4168 373 4229 his
387 4169 483 4228 rebus
497 4168 532 4227 in
542 4166 661 4246 quibus
670 4185 769 4246 opera
777 4166 824 4227 illi
834 4186 907 4228 mea
915 4167 1056 4228 maxime
1065 4167 1247 4228 necessaria
1254 4165 1329 4240 fuit,
1340 4166 1514 4246 scripserit.

323 4251 391 4312 Nec
405 4271 457 4312 me
469 4251 626 4330 praeterit
641 4253 737 4329 (quae
751 4249 897 4311 illiusest
911 4250 1099 4311 humanitas
1107 4256 1143 4311 et
1156 4250 1406 4328 aequanimitas)
1421 4249 1515 4309 illum

322 4337 386 4396 iam
408 4334 531 4395 inuidia
552 4333 721 4413 disrumpi,
742 4332 831 4412 quod
851 4333 1015 4412 intelligat
1033 4333 1096 4395 tibi
1109 4339 1239 4394 tantam
1252 4352 1321 4394 esse
1336 4351 1410 4394 cum
1425 4351 1514 4393 reue·

321 4418 513 4479 rendissimo
530 4418 682 4497 episcopo
701 4423 816 4478 nostro
833 4423 934 4496 atque
953 4436 1028 4478 cum
1047 4416 1193 4479 Antonio
1207 4423 1321 4477 nostro
1334 4415 1514 4477 amiciciam
1527 4420 1562 4469 60

322 4509 356 4562 et
370 4501 640 4574 familiaritatem,
656 4501 809 4578 quodque
823 4506 921 4562 tanto
940 4500 1051 4562 studio
1068 4499 1132 4561 huc
1146 4499 1190 4561 ab
1204 4499 1269 4561 illis
1284 4501 1328 4561 sis
1342 4499 1514 4560 inuitatus.

322 4584 389 4646 Nec
411 4585 560 4663 ignorare
579 4588 691 4666 potpst
711 4585 807 4644 xenia
824 4583 886 4645 tibi
908 4583 1046 4645 subinde
1061 4583 1104 4645 ab
1119 4582 1183 4645 illis
1198 4584 1316 4657 missa;
1338 4601 1423 4661 quae
1436 4600 1515 4643 sane

355 4837 397 4885 26.
415 4835 533 4900 paginas
561 4839 628 4885 tuas
655 4834 685 4884 in
709 4833 894 4897 Thrasonem]
944 4832 1360 4900 Eppendoriiinmanuscript,
1374 4833 1444 4884 then
1457 4833 1515 4885 hed

322 4902 406 4952 From
413 4902 472 4952 this
481 4917 599 4967 passage
606 4899 663 4951 and
670 4901 744 4951 irem
750 4901 805 4967 Ep.
818 4905 893 4966 2406.
944 4902 968 4952 it
979 4901 1103 4966 printed,
1114 4900 1256 4966 defer-ring
1267 4900 1452 4966 publication.

322 4984 372 5032 2-3
391 4970 415 5019 it
434 4969 528 5020 would
545 4984 653 5034 appear
671 4967 738 5018 that
757 4968 894 5019 Erasmus
977 4982 1019 5031 39.
1036 4968 1169 5030 amicum]
1194 4968 1359 5027 Luscinius;
1387 4983 1435 5019 sae
1458 4968 1514 5035 Ep.

321 5036 475 5087 cheulatad
508 5036 552 5086 his
585 5035 747 5086 Admonitic
781 5036 893 5101 against
943 5049 1019 5100 243⁰·
1032 5047 1094 5098 1511.
