4042 5900
430 618 492 680 sss
757 616 956 680 uermes
976 616 1034 680 or
1054 614 1269 681 sumnus
1562 622 1626 699 [1531

431 777 520 857 quod
541 776 706 839 bonafide
727 778 762 837 in
782 778 947 840 mendatis
968 782 1105 857 accepta
1125 776 1188 838 tibi
1205 777 1423 854 retulisset;
1448 782 1485 842 in
1502 799 1562 859 quo
1575 780 1629 841 nihi

432 868 542 923 tecum
556 861 718 922 conuenit.
763 859 923 933 Quoniam
940 862 1109 940 negocium
1124 879 1256 940 magna,
1275 868 1319 923 vt
1336 864 1481 937 scribis,
1496 863 1630 925 celerius

385 1032 418 1082 2⁵
431 950 608 1089 ἕξειὲξει,
639 943 682 1004 ad
715 944 859 1005 natalem
890 944 1023 1006 Domini
1056 944 1164 1005 adero.
1208 943 1308 1006 Bene
1342 946 1450 1022 Vale,
1481 945 1631 1009 Clarisrim

474 1076 619 1173 Basileus
634 1111 790 1191 postridie
805 1110 1026 1190 conceptionis
1039 1109 1080 1171 D.
1096 1109 1235 1189 Virginis
1250 1110 1363 1174 Anno
1380 1130 1562 1176 mmm.

857 1194 947 1255 Tuus
960 1213 1001 1255 ex
1016 1193 1125 1255 animo
1140 1192 1339 1257 Bonifacius
1355 1196 1605 1260 Amerbachius

707 1486 806 1547 2581.
854 1481 907 1546 To
923 1479 1073 1546 Hnsnr
1087 1479 1354 1547 Bunuuuruus.

471 1619 576 1675 Berlin
589 1619 653 1674 MS.
667 1620 739 1674 Aoo.
753 1617 818 1674 MS.
1362 1620 1545 1694 Freiburg.

1273 1706 1315 1747 10
1328 1695 1525 1753 December
1538 1711 1611 1767 1551.

450 1824 507 1884 [An
514 1822 631 1888 original
638 1822 731 1880 letter,
739 1820 901 1886 autogruph
907 1819 1186 1886 throughout,inthe
1193 1818 1476 1875 smbibliothek
1482 1830 1518 1877 at
1524 1823 1627 1885 Bam]

475 1938 506 2000 S.
534 1940 569 1999 P.
614 1936 798 2014 Versipcllis
826 1937 888 1996 iste
917 1936 959 1996 ob
988 1935 1050 1996 hoc
1078 1936 1231 2016 precipue
1255 1939 1355 1998 venit
1385 1940 1513 2002 isthuc
1538 1946 1577 2002 vt
1600 1959 1638 2001 nc

475 2023 582 2083 rderet
610 2028 644 2081 et
669 2040 762 2081 suem
787 2019 974 2080 ostenderet
1002 2020 1217 2081 maiestatem.
1270 2020 1400 2083 Emisit
1437 2022 1640 2086 libellumin

462 2106 546 2167 alliis
568 2124 634 2165 non
654 2106 761 2165 minus
782 2103 940 2164 furiosum
962 2121 1063 2182 quam
1088 2103 1259 2176 famosum,
1281 2102 1431 2183 plenum
1461 2108 1640 2169 scurrilibus

434 2190 586 2250 conuiciis
606 2208 643 2249 ac
661 2187 842 2248 manifestis
861 2186 1046 2247 mendaciis.
1091 2186 1221 2247 Titulus
1234 2192 1286 2246 est
1299 2186 1385 2249 Iulii
1398 2187 1543 2253 Cesar-is
1557 2190 1640 2253 Scali-

405 2275 501 2353 5geri
520 2291 579 2353 pro
599 2271 749 2333 Cicerone
768 2277 883 2331 contre
900 2270 1083 2331 Erasmum.
1126 2268 1190 2330 Sed
1208 2269 1357 2349 phrasim
1375 2277 1414 2332 et
1430 2276 1574 2353 genium
1589 2293 1642 2335 nou

434 2358 541 2418 minus
561 2373 700 2434 agnosco
722 2372 822 2432 quam
842 2352 980 2414 hominis
1001 2353 1127 2414 taciem.
1170 2350 1289 2432 Accipe
1310 2360 1473 2432 gustum.
1522 2357 1582 2419 Ait
1600 2376 1642 2418 me

435 2439 487 2501 hic
498 2441 599 2517 egisse
610 2444 649 2498 vt
659 2438 807 2498 extincta
817 2435 977 2497 Ciceronis
991 2435 1093 2515 gloria
1107 2455 1167 2514 ego
1183 2455 1241 2516 pro
1255 2434 1416 2499 Cicerone
1434 2438 1643 2520 leger[sr]cr;
1688 2501 1689 2512 ,

435 2523 524 2603 apud
545 2521 667 2583 Aldum
688 2520 840 2581 functum
861 2521 966 2581 officio
987 2518 1215 2593 semihominis,
1237 2519 1346 2580 idest
1369 2521 1539 2599 lectoris;
1565 2523 1645 2605 apud

435 2606 573 2668 cundem
598 2623 767 2682 nunquam
795 2604 970 2664 surrexisse
998 2621 1019 2662 a
1044 2622 1156 2664 mensa
1183 2603 1244 2663 nisi
1272 2602 1417 2678 ebrium,
1447 2625 1563 2685 quum
1589 2607 1645 2669 illic

391 2720 422 2756 ιο
435 2709 493 2751 nec
514 2694 733 2768 apponeretur
754 2686 843 2765 quod
865 2692 975 2765 posset
996 2686 1164 2759 inebriare,
1179 2705 1238 2747 nec
1259 2704 1412 2764 unquam
1435 2695 1587 2753 vacaret
1606 2693 1646 2753 in·

435 2773 567 2850 dulgere
592 2773 689 2844 vin0;
721 2788 891 2849 nunquam
916 2769 1028 2848 legisse
1053 2768 1272 2842 Aristotelem,
1302 2788 1411 2848 quum
1440 2774 1587 2837 nullum
1610 2776 1648 2836 sit

436 2875 517 2935 opus
539 2854 625 2915 illius
643 2854 730 2914 vnde
751 2872 817 2913 non
838 2853 936 2913 citem
957 2852 1091 2931 aliquid.
1135 2851 1265 2914 Orestes
1285 2852 1319 2913 in
1340 2853 1418 2932 ipso
1438 2875 1648 2940 paroxysmo

436 2940 558 3001 diceret
572 2939 709 2999 seniora.
753 2935 817 2998 Sed
832 2935 999 2997 dissimula
1013 2942 1049 2997 et
1063 2936 1209 2998 obserua.

478 3023 601 3084 Vellem
623 3029 656 3083 ts
678 3026 806 3081 mutare
828 3039 929 3098 genus
950 3021 1049 3081 vitae.
1093 3020 1181 3080 Dum
1205 3020 1377 3081 assectaris
1404 3021 1545 3099 aulam,
1572 3026 1649 3088 nihil

392 3121 422 3171 15
436 3108 591 3168 accrescit
607 3107 662 3177 rei,
681 3111 715 3165 et
735 3104 891 3164 decrescit
908 3109 988 3164 etas.
1032 3103 1129 3164 Nosti
1151 3103 1232 3164 illud
1251 3103 1416 3165 iactatum
1437 3108 1564 3187 vulgo,
1585 3111 1651 3172 Een

436 3191 531 3250 ionck
551 3188 710 3267 houeling
726 3207 785 3248 een
803 3193 863 3248 out
882 3186 1077 3266 schoueling.
1121 3186 1206 3260 Quid
1220 3186 1309 3266 quod
1325 3187 1466 3250 interim
1485 3191 1554 3254 illa
1570 3213 1651 3273 quae

436 3293 477 3335 ex
499 3279 533 3333 te
556 3273 684 3352 pendet,
705 3271 774 3332 sola
796 3272 1004 3332 consenescit.
1049 3269 1082 3331 Si
1104 3276 1137 3331 te
1159 3270 1355 3348 Lugdunum
1376 3273 1573 3350 conferres,
1597 3278 1651 3339 ali.

437 3361 520 3436 quot
539 3356 687 3435 discipuli
704 3355 829 3415 alerent
847 3360 890 3428 te,
905 3360 939 3414 et
957 3353 1105 3414 nonnihil
1122 3353 1332 3414 emolumenti
1352 3356 1491 3417 veniret
1508 3379 1534 3419 a
1553 3367 1651 3442 typo

436 3440 576 3520 graphis.
620 3439 694 3499 Non
722 3438 873 3499 omnibus
902 3444 953 3498 est
981 3436 1061 3497 felix
1086 3436 1171 3498 aula.
1224 3437 1295 3498 Hac
1324 3436 1365 3497 de
1393 3456 1433 3498 re
1464 3441 1537 3503 tibi
1570 3447 1653 3506 serio

358 3586 359 3590 ,
391 3540 424 3575 20
437 3523 644 3602 cogitandum
666 3526 726 3582 est.
771 3521 859 3582 Bene
880 3520 963 3594 vale,
985 3520 1171 3581 charissime
1193 3520 1259 3581 Hil.
1303 3519 1389 3580 Nam
1412 3521 1452 3582 in
1475 3530 1653 3604 presentis

436 3607 584 3687 pluribus
598 3624 664 3666 non
678 3604 779 3665 licuit.

480 3689 603 3750 Datum
618 3689 767 3768 Friburgi
782 3688 906 3749 decimo
921 3688 981 3748 die.
997 3686 1166 3748 Decembr.
1184 3700 1263 3763 1531

1031 3771 1186 3832 Erasmus
1201 3770 1279 3831 Rot.
1296 3774 1373 3831 tuus
1388 3789 1467 3833 mea
1482 3794 1608 3841 manu.

479 3856 528 3917 De
549 3855 838 3934 epigrammatibus
861 3856 926 3915 tuis
947 3854 1080 3916 edendis
1101 3856 1170 3934 ipse
1195 3860 1331 3927 statues,
1357 3853 1433 3914 vide
1458 3862 1587 3923 tamen
1612 3868 1652 3924 vt

391 3957 423 4005 25
437 3941 504 4000 sint
525 3938 688 3999 edentula.
733 3937 766 3998 Si
788 3940 886 4016 [q]uis
905 3940 939 3998 in
954 3939 1105 3999 manibus
1127 3937 1294 3999 hominum
1309 3938 1440 4009 versari,
1458 3943 1576 4006 scribe
1591 3947 1649 4007 ali.

437 4023 516 4101 quid
532 4023 620 4103 quod
635 4026 762 4083 teretur
773 4023 923 4083 manibus
934 4021 1260 4094 adolescentulorum,
1275 4020 1316 4082 dc
1329 4020 1498 4099 elegantis
1510 4024 1650 4107 linguae

437 4107 583 4179 Latinae,
600 4107 639 4167 de
654 4107 816 4185 preceptis
830 4105 1016 4177 rhetorices,
1031 4110 1092 4166 aut
1106 4104 1198 4166 aliud
1212 4104 1325 4165 simile.
1370 4103 1524 4167 Rursum
1540 4112 1633 4173 vale.

479 4215 618 4276 Erudito
632 4215 704 4274 viro
720 4213 846 4274 Hilario
861 4212 1075 4292 Berthulpho.
1122 4213 1162 4273 ln
1176 4212 1253 4274 aula
1267 4210 1421 4274 Caesaris.

470 4369 543 4417 2581.
564 4382 587 4417 1.
604 4366 778 4432 Versipellis]
801 4365 950 4424 Aleender,
970 4363 1006 4414 cf.
1058 4369 1136 4414 went
1158 4369 1189 4414 to
1209 4364 1312 4428 Lyons,
1334 4363 1428 4414 where
1450 4363 1489 4415 he
1512 4368 1574 4418 and
1601 4372 1647 4421 his

435 4434 490 4500 Ep.
504 4438 636 4498 2565.4n.
1058 4431 1149 4482 whole
1164 4431 1263 4495 family
1273 4430 1339 4481 died
1351 4430 1382 4481 oi
1393 4430 1544 4496 plaguein
1558 4450 1644 4501 1533;

471 4505 561 4564 15-16.
591 4502 651 4550 Een
676 4536 683 4549 .
708 4537 714 4549 .
740 4537 746 4550 .
770 4498 942 4564 schoueling]
967 4499 1008 4548 ‘A
1059 4497 1332 4563 seeEp.1257.13n.

435 4585 531 4634 young
547 4569 679 4625 courtier,
696 4583 734 4616 an
751 4565 799 4616 old
818 4566 915 4630 digger
931 4565 1007 4630 (bag
1093 4579 1135 4629 24.
1153 4564 1416 4630 epigrammatibus]
1427 4564 1522 4617 These
1535 4566 1576 4618 do
1589 4576 1644 4621 not

435 4636 523 4700 garl’.
565 4636 620 4684 For
637 4633 781 4683 Erasmus'
799 4649 849 4683 use
865 4633 896 4682 oi
912 4633 1009 4683 Dutch
1059 4632 1337 4683 seemtohavebeen
1345 4631 1643 4697 published,norwss

435 4702 573 4767 proverbe
584 4701 619 4749 cf.
633 4701 687 4765 Ep.
700 4703 775 4762 2566.
788 4714 866 4760 209n.
1059 4699 1109 4748 the
1131 4698 1207 4748 book
1228 4713 1266 4748 on
1287 4699 1338 4749 the
1357 4698 1513 4762 elegancics
1533 4701 1566 4752 oi
1588 4704 1642 4754 the

471 4772 510 4818 16.
529 4768 588 4828 illa]
600 4766 775 4831 Bertulphus
783 4766 840 4816 had
848 4766 969 4816 married
978 4766 1008 4816 in
1059 4765 1144 4815 Latin
1155 4765 1293 4829 language
1304 4765 1427 4815 written.

438 4837 510 4898 1528.
546 4835 591 4884 He
603 4835 673 4885 took
685 4834 828 4884 Erasmus'
840 4833 939 4883 advice
949 4832 1007 4882 and
