4042 5900
515 661 575 722 120
839 654 1037 720 uarrres
1059 654 1341 719 oraessuus
1618 658 1715 735 [1531

748 899 895 983 242524„
941 894 1050 961 Facu
1065 893 1191 960 ΡΜ
1206 891 1478 959 (lassaturus.

550 1023 674 1096 Leipzig
685 1023 752 1080 MS.
1483 1021 1581 1077 Paris.

550 1100 615 1154 ΕΕ.
632 1115 695 1170 144.
1383 1113 1400 1152 2
1413 1097 1577 1169 February
1592 1100 1677 1170 1533.

547 1217 604 1278 [An
615 1216 733 1281 original
744 1216 829 1267 letter
840 1216 1000 1281 autograplr
1012 1216 1199 1281 throughout.
1234 1215 1295 1266 The
1306 1215 1455 1281 year-date
1466 1229 1579 1266 unm
1594 1216 1620 1267 is
1631 1216 1716 1281 given

512 1284 661 1349 according
671 1290 703 1334 ιο
713 1283 764 1333 the
776 1283 885 1334 French
896 1283 1093 1333 iashion—the
1108 1283 1249 1333 reference
1263 1288 1295 1332 to
1307 1282 1357 1333 the
1368 1284 1507 1348 expected
1520 1288 1607 1348 entry
1619 1284 1651 1334 oi
1665 1284 1717 1333 the

513 1351 623 1402 French
635 1350 731 1410 Queen
743 1351 805 1400 into
817 1350 896 1400 Paris
907 1350 999 1400 shows
1010 1350 1077 1400 that
1091 1362 1152 1412 1531
1166 1349 1191 1399 is
1203 1349 1359 1411 intended]

556 1457 586 1520 S.
603 1459 639 1519 P.
671 1456 767 1531 Quod
780 1457 824 1519 ed
839 1463 873 1517 te
887 1456 1002 1529 scribo,
1018 1455 1208 1517 mortalium
1220 1457 1366 1517 omnium
1381 1456 1630 1536 spectatissime,
1643 1462 1714 1517 tam

512 1541 710 1620 frequenter,
725 1560 791 1602 non
806 1547 856 1602 est
871 1540 959 1620 quod
979 1560 1039 1601 suo
1054 1546 1174 1601 ornatu
1188 1539 1241 1600 vel
1261 1539 1372 1619 lepore
1387 1538 1637 1600 commendatas
1651 1538 1715 1601 tibi

512 1625 668 1705 epistolas
687 1644 776 1685 meas
795 1644 863 1685 esse
883 1630 1006 1703 putem,
1023 1622 1076 1684 vel
1098 1623 1187 1702 quod
1202 1624 1286 1683 scitu
1302 1622 1438 1702 dignum
1452 1622 1579 1701 aliquid
1593 1622 1717 1684 autad

513 1728 564 1769 res
586 1715 660 1769 tuas
682 1708 828 1768 attinens
849 1706 964 1768 afferre
986 1706 1123 1767 soleant.
1168 1704 1232 1767 Sed
1246 1725 1299 1767 me
1314 1725 1389 1767 cum
1404 1705 1524 1767 fiducia
1544 1707 1715 1768 comitatis

485 1798 591 1869 5tuae
614 1791 695 1853 facit
717 1792 751 1851 in
770 1790 831 1851 hac
856 1790 952 1851 officii
974 1790 1080 1869 specie
1099 1788 1267 1862 audacem,
1288 1795 1360 1850 tum
1383 1796 1470 1850 certe
1492 1808 1585 1850 amor
1606 1791 1660 1850 tui
1680 1796 1718 1850 et

514 1875 682 1936 veneratio
703 1875 751 1935 ita
773 1893 824 1934 me
845 1872 1027 1934 admonent
1041 1878 1080 1933 vt
1102 1872 1381 1951 (quandoquidem
1404 1872 1484 1933 mihi
1500 1891 1560 1934 nec
1580 1878 1717 1934 constat

513 1977 573 2019 nec
596 1957 690 2019 facile
716 1963 767 2018 est
791 1956 881 2035 quod
905 1961 1135 2034 quatenusque
1160 1974 1270 2017 meum
1295 1975 1372 2035 erga
1395 1961 1449 2017 tot
1472 1954 1630 2017 beneficia
1654 1962 1717 2018 tua

513 2042 665 2115 officium,
680 2040 768 2119 quod
789 2040 937 2101 studium
958 2058 1028 2100 esse
1045 2057 1105 2119 par
1123 2039 1180 2116 sit)
1200 2038 1307 2100 multo
1321 2038 1434 2100 malim
1449 2039 1717 2119 imtempestiuae

513 2124 567 2186 vel
580 2125 681 2186 etiam
696 2122 863 2203 improbae
878 2124 911 2182 in
925 2122 986 2183 hoc
998 2141 1115 2201 genere
1124 2121 1309 2183 sedulitatis
1323 2122 1518 2183 manifestus
1532 2140 1716 2201 essequam

470 2236 501 2273 ιο
514 2208 567 2269 vel
581 2208 797 2287 negligentiae
811 2206 865 2267 vel
879 2205 1133 2284 ingratitudinis,
1146 2205 1235 2284 quod
1244 2212 1304 2266 aut
1318 2212 1370 2267 est
1381 2206 1514 2267 vuicum
1528 2211 1589 2267 aut
1604 2207 1710 2267 maxi·

514 2311 604 2353 mum
620 2289 789 2351 clientelae
804 2289 974 2369 flagitium,
990 2288 1059 2349 vlla
1073 2290 1226 2368 opinione
1240 2290 1393 2369 respergi.

555 2373 668 2435 Scribo
691 2374 813 2452 itaque,
833 2374 933 2433 immo
957 2372 1098 2433 rescribo
1118 2373 1257 2452 saepius,
1280 2392 1319 2433 ac
1341 2392 1382 2433 ne
1404 2373 1557 2434 vincente
1578 2371 1715 2451 quidem

514 2457 598 2518 hanc
613 2458 769 2518 rusticam
784 2456 1039 2517 obstinationem
1049 2462 1119 2517 tam
1128 2475 1203 2516 rara
1217 2474 1447 2535 responsorum
1458 2461 1593 2517 tuorum
1608 2457 1713 2535 copia.

514 2541 673 2601 Ducentis
688 2559 829 2618 namque
844 2538 990 2619 epistolis
1005 2540 1085 2600 meis
1100 2538 1211 2600 deberi
1225 2540 1322 2600 vuius
1336 2538 1495 2619 epistolae
1513 2544 1592 2600 tuae
1607 2540 1715 2601 vicem

470 2652 500 2702 15
513 2643 682 2703 nunquam
697 2624 893 2684 existimaui.
924 2621 1010 2683 Nam
1026 2628 1065 2683 vt
1078 2622 1254 2701 plaeraque
1269 2622 1349 2683 mihi
1363 2622 1428 2683 alia
1439 2622 1557 2696 desint,
1571 2622 1716 2684 eruditio

513 2708 679 2786 ingenium
694 2706 839 2767 sollertia
853 2706 995 2767 facultas
1009 2707 1136 2779 merita,
1152 2705 1272 2784 quibus
1287 2705 1547 2785 magnitudinem
1562 2706 1714 2766 humani·

514 2792 594 2852 tatis
608 2797 643 2852 et
657 2789 920 2869 incomparabilis
931 2790 1065 2849 virtutis
1080 2794 1158 2849 tuae
1172 2807 1336 2868 assequar,
1352 2790 1400 2849 ita
1415 2788 1495 2849 mihi
1509 2807 1587 2849 sane
1599 2788 1714 2850 videar

514 2893 581 2935 non
602 2875 761 2954 pessimus
778 2873 948 2952 diguitatis
968 2877 1046 2933 tuae
1070 2871 1272 2944 obseruator,
1295 2872 1322 2932 si
1345 2872 1465 2933 affectu
1489 2891 1539 2932 res
1561 2878 1659 2933 tante
1678 2878 1714 2933 et

514 2958 744 3037 qualicumque
766 2958 895 3030 iudicio,
918 2976 985 3017 non
1006 2957 1108 3017 etiam
1130 2974 1236 3036 opere,
1253 2955 1367 3016 confici
1387 2961 1507 3036 posset.
1551 2954 1712 3019 Attamen

468 3069 501 3105 2ο
514 3042 578 3102 ista
599 3042 708 3102 omnia
730 3040 842 3101 malim
864 3040 982 3119 quouis
1003 3039 1068 3100 alio
1089 3059 1189 3119 quam
1211 3038 1369 3119 epistolae
1389 3040 1578 3102 testimonio
1592 3058 1710 3120 appro-

513 3124 593 3185 bari.

556 3208 693 3268 Interim
712 3209 738 3268 si
758 3207 837 3286 quid
855 3206 896 3268 de
915 3205 1103 3268 Castellano
1118 3213 1177 3267 tuo
1192 3206 1305 3267 audire
1325 3206 1430 3278 iuuet,
1446 3225 1534 3267 nunc
1548 3225 1662 3267 sumus
1676 3206 1712 3267 in

514 3292 674 3352 comitatu
696 3292 838 3370 episcopi
861 3290 1085 3368 Pyctauorum
1107 3290 1269 3362 Lutetiae,
1291 3288 1344 3349 hic
1367 3291 1610 3368 op<p>erientes
1635 3308 1710 3351 cum

514 3373 646 3453 reliquis
673 3394 779 3435 nouae
806 3373 950 3452 Reginae
979 3375 1169 3452 ingressum,
1192 3373 1235 3434 ad
1260 3391 1368 3451 quem,
1392 3371 1519 3433 solenni
1543 3371 1712 3434 Gallorum

468 3485 500 3534 25
514 3477 603 3519 more
617 3457 767 3518 futurum
782 3456 1009 3536 percelebrem,
1026 3476 1112 3517 nunc
1128 3463 1201 3518 tota
1219 3458 1290 3535 ipsa
1304 3454 1411 3517 Gallia
1426 3461 1565 3536 spectat.
1610 3455 1709 3517 Hunc

514 3542 550 3615 si,
573 3542 763 3621 priusquam
786 3540 844 3600 has
867 3539 1035 3614 dedissem,
1057 3541 1197 3619 spectari
1219 3540 1418 3618 contigisset,
1437 3540 1655 3619 perscriptum
1669 3538 1713 3600 ad

513 3631 548 3685 te
567 3625 732 3696 misissem,
748 3623 885 3702 simplici
900 3623 1054 3702 nudaque
1069 3643 1177 3684 rerum
1192 3623 1395 3702 expositione
1415 3628 1592 3683 contentus
1611 3628 1714 3702 etque

514 3707 604 3768 haud
618 3706 745 3786 vulgari
759 3708 891 3786 iusuper
905 3706 978 3767 fide.
1024 3706 1165 3785 Reliqua
1180 3726 1264 3785 quae
1285 3705 1329 3767 ad
1344 3711 1498 3767 omatum
1519 3705 1713 3767 elocutionis

514 3797 549 3853 et
570 3796 714 3851 caeteras
735 3791 875 3851 virtutes
898 3790 1066 3869 pertinent
1088 3791 1287 3851 conscientia
1309 3788 1544 3850 imbecillitatis
1564 3808 1656 3850 meae
1670 3808 1715 3849 ne

468 3901 501 3951 3⁰
514 3880 691 3935 tentassem
707 3873 848 3952 quidem.
892 3873 942 3933 De
959 3879 1088 3933 caetero
1106 3880 1217 3933 autem
1236 3873 1316 3952 quid
1335 3873 1454 3933 faciam
1471 3877 1507 3933 et
1526 3877 1658 3951 tempus
1678 3877 1714 3933 et

513 3977 583 4019 rem
597 3958 701 4036 ipsam
717 3959 749 4017 in
765 3957 899 4018 consilio
913 3956 1087 4020 habiturus
1102 3975 1184 4017 sum.
1229 3956 1366 4016 Interim
1377 3955 1451 4016 vale
1466 3961 1515 4029 tu,
1530 3955 1651 4016 saeculi
1662 3957 1714 4017 tui

514 4041 621 4103 decus.

556 4124 607 4184 Ex
621 4122 755 4184 Lutetia
769 4124 934 4203 postridie.
951 4121 1018 4184 Cal.
1035 4122 1113 4184 Feb.
1128 4121 1190 4183 An.
1207 4139 1341 4183 unxxx.

1295 4206 1386 4266 Tuus
1401 4206 1436 4266 P.
1453 4204 1669 4267 Castellanus.

468 4316 500 4367 3⁵
556 4289 689 4368 Siquid
710 4290 883 4351 rescribere
903 4289 1029 4362 liberet,
1044 4295 1179 4370 possent
1196 4287 1326 4350 litterae
1341 4296 1419 4351 tuae
1434 4289 1528 4369 dirigi
1542 4288 1711 4351 Lutetiam

514 4373 557 4435 ad
572 4374 696 4453 insigne
710 4372 802 4435 Scuti
816 4373 1020 4446 Basileensis,
1035 4373 1176 4452 indeque
1190 4371 1234 4433 ad
1249 4392 1301 4433 me
1316 4372 1405 4433 haud
1419 4391 1515 4452 aegre
1529 4371 1674 4452 perferri.

445 4512 447 4516 ⁴
514 4483 596 4626 Bi).
627 4481 793 4543 Desiderio
829 4482 965 4542 Eresmo
1002 4481 1237 4554 Roterodam0,
1273 4480 1406 4542 domino
1442 4500 1525 4554 meo,
1561 4480 1713 4562 Friburgi

542 4585 675 4646 nsgoae.

548 4716 590 4765 23.
608 4702 733 4767 episcopi
746 4700 949 4766 Pycteuorum]
966 4698 1018 4751 See
1031 4698 1086 4765 Ep.
1172 4714 1214 4764 24·
1232 4714 1324 4750 nouae
1357 4699 1494 4765 Reginae]
1528 4699 1650 4752 Eleanor
1682 4701 1714 4752 oi

514 4770 590 4833 2388.
604 4783 665 4833 1311.
1139 4766 1264 4818 Austris.
