4042 5900
344 675 438 755 244³]
699 669 756 734 ιο
775 669 939 734 ιιοοιο
959 669 1185 734 sanonum
1479 671 1538 734 ms

344 832 443 895 modo
461 831 549 894 absit
565 831 765 910 superstitio,
781 850 881 910 quam
898 829 1071 910 aliquoties
1089 836 1179 904 noto,
1196 850 1257 891 nec
1274 830 1308 892 id
1330 831 1399 891 sine
1419 849 1537 892 causa:

344 916 610 996 superstitionem
631 915 718 976 enim
739 915 946 994 interpretor,
966 933 1069 993 quum
1091 915 1200 975 omnia
1221 919 1380 994 petuntur
1400 934 1422 974 a
1443 913 1537 987 diuis,
1551 936 1601 973 220

345 997 603 1078 quemchristus
622 998 666 1058 sit
680 1004 848 1059 mortuus:
871 1002 931 1058 aut
948 1016 1051 1075 quum
1069 996 1131 1058 hoc
1149 998 1260 1058 animo
1274 996 1426 1058 diuorum
1441 1015 1536 1076 opem

345 1082 566 1162 imploramus,
585 1081 679 1160 quasi
700 1081 768 1142 sint
789 1079 1020 1141 exorabiliores
1041 1079 1124 1141 deo:
1155 1086 1216 1141 aut
1237 1098 1339 1159 quum
1361 1099 1382 1141 a
1403 1078 1537 1159 singulis

344 1165 522 1246 peculiaria
540 1163 704 1244 quaedam
723 1165 876 1243 petimus,
894 1164 988 1242 quasi
1005 1163 1067 1224 hoc
1087 1164 1191 1242 possit
1209 1169 1356 1242 prestere
1373 1161 1536 1236 Catarina,

345 1248 434 1328 quod
455 1268 522 1309 non
543 1248 648 1328 possit
668 1247 832 1308 Barbara:
863 1254 923 1308 aut
943 1265 1046 1325 quum
1068 1246 1142 1307 illos
1162 1245 1386 1319 inclamamus,
1407 1265 1474 1307 non
1499 1252 1539 1307 vt

346 1334 583 1404 intercessores,
604 1329 661 1392 sed
678 1336 718 1390 vt
734 1335 865 1391 autores
886 1348 999 1391 eorum
1017 1329 1178 1391 bonorum
1200 1349 1264 1409 que
1285 1329 1380 1390 nobis
1401 1329 1539 1409 largitur
1553 1314 1601 1402 225

346 1415 436 1476 deus
479 1413 550 1475 Hec
569 1413 745 1474 admonere
763 1432 829 1473 non
848 1412 990 1475 arbitror
1006 1411 1098 1474 tibi
1088 1414 1226 1492 smpium
1240 1411 1354 1485 videri,
1368 1431 1410 1473 ne
1428 1432 1537 1509 super·

346 1516 527 1559 uacaneum
547 1495 680 1575 quidem
698 1502 750 1557 sat
770 1497 846 1569 scio,
866 1515 893 1556 sr
885 1495 1130 1575 prodigiosam
1147 1497 1345 1557 nostratium
1365 1495 1457 1557 hac
1448 1515 1482 1556 m
1503 1514 1539 1556 re

346 1581 611 1661 superstitionem
631 1598 810 1658 cognosses.
854 1578 927 1640 Iam
946 1580 1089 1658 grauiori
1106 1579 1249 1659 periculo
1263 1580 1371 1639 vicina
1388 1585 1440 1640 est
1458 1579 1538 1640 ima·

346 1666 459 1744 ginum
474 1663 634 1734 adoratio,
649 1662 692 1724 ad
707 1681 808 1741 quam
822 1662 916 1723 nobis
929 1662 1012 1723 adeo
1027 1681 1095 1723 non
1109 1662 1309 1741 suffragatur
1323 1663 1487 1741 scriptura
1500 1668 1540 1723 vt

347 1748 492 1827 grauiter
501 1746 603 1807 etiam
614 1745 787 1806 deterreat.
814 1744 901 1806 Nam
910 1746 938 1805 si
952 1744 1062 1824 placet
1073 1745 1192 1807 subtile
1204 1744 1293 1807 Scoti
1307 1750 1538 1818 commentum,
1553 1768 1603 1819 230

347 1832 503 1909 imagines
526 1829 641 1890 eadem
663 1827 855 1890 adoratione
876 1828 1062 1890 adorandas
1086 1848 1153 1907 qua
1177 1833 1256 1889 sunt
1277 1827 1437 1889 adorandi
1457 1847 1540 1907 quos

346 1918 605 1993 repraesentant,
629 1930 827 1991 magnopere
852 1912 951 1972 crassi
979 1911 1115 1973 fuerunt
1139 1911 1186 1972 illi
1211 1918 1338 1973 veteres
1360 1912 1418 1991 qui
1443 1917 1540 1973 tanto

347 1996 457 2058 studio
480 1995 682 2056 obstiterunt
704 2014 746 2056 ne
769 1993 849 2073 quid
874 1995 1052 2074 imaginum
1076 1996 1110 2055 in
1135 1995 1261 2075 templa
1281 1994 1540 2056 Christianorum

348 2082 554 2160 reciperetur.
583 2077 656 2140 Iam
666 2078 693 2139 si
708 2097 774 2139 non
787 2077 874 2138 idem
888 2077 1047 2139 adorandi
1057 2098 1159 2157 genus
1173 2080 1332 2158 competit
1345 2078 1541 2157 imaginibus

349 2163 401 2225 dei
429 2183 468 2225 ac
497 2162 658 2233 diuorum,
687 2180 790 2240 quum
815 2161 957 2241 populus
985 2180 1068 2240 eque
1097 2168 1175 2223 ante
1203 2162 1356 2223 diuorum
1385 2162 1541 2240 imagines
1554 2183 1603 2234 255

348 2246 497 2326 adaperit
511 2250 622 2323 caput,
633 2244 820 2323 procumbit
833 2245 868 2304 in
882 2250 1015 2316 terram,
1026 2244 1157 2323 adrepit
1170 2245 1316 2323 genibus,
1331 2244 1542 2306 exosculatur

348 2350 368 2391 a
383 2333 539 2390 contactu
553 2347 682 2401 manus,
696 2327 826 2389 affricet
843 2327 1033 2406 strophiola,
1049 2346 1116 2405 qua
1132 2327 1267 2389 tandem
1284 2334 1365 2389 nota
1380 2328 1542 2389 discernes

348 2412 549 2474 adorationis
566 2416 692 2490 genus?
735 2409 821 2484 Quid
837 2429 925 2471 nunc
945 2409 986 2471 de
1002 2409 1067 2471 illis
1086 2409 1212 2489 loquar,
1228 2411 1285 2489 qui
1299 2411 1433 2490 perinde
1447 2411 1540 2472 fabu-

348 2496 461 2557 lantur
476 2514 550 2556 cum
565 2494 761 2572 imaginibus
776 2495 870 2572 quasi
884 2512 1016 2554 sensum
1027 2493 1182 2567 habeant,
1194 2514 1254 2555 nec
1269 2494 1418 2556 similiter
1432 2494 1542 2555 affecti

348 2585 427 2641 sunt
448 2580 482 2639 in
503 2596 616 2638 omnes
633 2576 754 2638 Christi
774 2596 813 2638 ac
834 2576 985 2637 diuorum
1002 2578 1168 2656 imagines,
1189 2577 1246 2638 sed
1265 2577 1309 2638 ab
1328 2577 1389 2639 hac
1408 2582 1542 2657 sperant
1555 2601 1606 2653 24ο

349 2662 438 2742 quod
453 2661 495 2723 ab
510 2661 568 2721 illa
582 2680 649 2721 non
663 2660 824 2721 auderent
837 2665 971 2739 petere?

391 2744 461 2806 Hec
476 2763 579 2823 quum
593 2746 661 2805 sint
674 2744 812 2804 nimium
827 2763 915 2816 vera,
930 2749 1043 2804 tamen
1057 2743 1138 2804 nihil
1153 2763 1278 2824 poenae
1292 2743 1499 2823 deprecabor,
1515 2745 1542 2804 si

349 2830 423 2907 quis
444 2847 584 2906 vsquam
605 2828 639 2888 in
661 2828 791 2907 scriptis
812 2828 893 2887 meis
914 2826 1087 2888 ostendere
1108 2829 1213 2906 possit
1233 2827 1424 2906 simpliciter
1448 2846 1468 2887 a
1489 2846 1542 2888 me

350 2911 541 2973 damnatam
551 2910 604 2973 vel
616 2911 767 2972 diuorum
778 2911 1021 2972 inuocationem
1033 2910 1086 2972 vel
1097 2911 1275 2991 imaginum
1287 2912 1541 2973 venerationem.

350 2996 423 3057 Hac
440 2997 474 3056 in
494 3015 529 3056 re
550 2996 577 3056 si
599 2994 783 3074 dignaberis
804 3000 839 3055 et
860 2994 950 3073 apud
970 2994 1053 3056 alios
1074 3014 1144 3056 esse
1165 3014 1311 3074 sponsor,
1333 2994 1488 3074 polliceor
1508 2994 1542 3056 id
1556 3019 1605 3072 245

350 3081 433 3140 citra
452 3079 638 3158 captionem
658 3097 697 3138 ac
715 3079 784 3139 sine
802 3077 919 3138 fraude
937 3084 998 3140 tua
1012 3078 1092 3140 fore.
1135 3077 1230 3153 Quod
1245 3080 1271 3138 si
1287 3080 1360 3157 quis
1374 3078 1436 3139 tibi
1451 3097 1543 3139 secus

350 3164 522 3242 persuasit,
545 3162 573 3222 si
593 3160 674 3221 mihi
695 3180 812 3240 parum
834 3160 917 3234 fidis,
936 3180 1038 3240 queso
1059 3168 1094 3223 te
1115 3168 1154 3223 vt
1175 3161 1218 3222 ab
1240 3162 1290 3222 his
1311 3162 1368 3240 qui
1390 3161 1544 3223 deferunt

350 3245 464 3306 iubeas
489 3244 551 3305 tibi
572 3245 823 3305 commonstrari
844 3243 934 3305 loca:
965 3263 1006 3305 ea
1026 3244 1124 3306 simul
1145 3265 1184 3306 ac
1205 3246 1394 3324 inspexeris,
1416 3244 1543 3306 videbis

350 3328 480 3389 illorum
496 3329 636 3406 tragicas
651 3327 832 3388 calumnias
846 3327 927 3388 nihil
941 3347 1011 3389 esse
1026 3329 1088 3389 nisi
1103 3347 1209 3389 meros
1223 3328 1332 3390 fumos
1346 3348 1385 3390 ac
1396 3328 1542 3390 nebulas.

352 3411 442 3472 Haeo
462 3429 565 3489 quum
582 3430 641 3490 per
657 3430 691 3471 se
708 3409 889 3472 leuiuscula
906 3412 982 3484 sint,
998 3418 1101 3490 tuque
1118 3411 1160 3472 de
1177 3411 1228 3472 his
1243 3418 1312 3473 tam
1327 3411 1445 3473 leniter
1458 3418 1542 3473 tam·
1558 3437 1607 3486 250

352 3514 416 3574 que
432 3500 583 3555 amanter
598 3493 803 3566 submoneas,
818 3500 930 3555 tamen
944 3494 1118 3556 immodice
1132 3495 1300 3556 modestus
1319 3494 1490 3556 audaciam
1505 3514 1544 3556 ac

351 3579 572 3639 temeritatem
597 3578 763 3638 amiciciae
785 3582 961 3656 praetextu
990 3577 1181 3657 deprecaris,
1210 3579 1353 3639 immane
1381 3583 1544 3656 quantum

351 3660 512 3723 dissidens
530 3680 551 3720 a
570 3659 777 3738 quorundam
799 3659 954 3733 moribus,
975 3662 1032 3739 qui
1051 3680 1153 3740 quum
1172 3662 1234 3740 ipsi
1252 3666 1327 3724 tota
1348 3667 1458 3723 errent
1479 3662 1543 3733 via,

351 3750 463 3805 tamen
485 3745 584 3804 tertio
605 3762 735 3822 quoque
755 3743 857 3804 verbo
873 3742 1051 3805 schismata
1071 3752 1106 3805 et
1127 3743 1256 3805 hereses
1274 3751 1420 3824 crepant.
1464 3744 1544 3823 Ego,

351 3829 396 3889 mi
413 3825 575 3899 Sadolete,
591 3846 611 3887 a
631 3827 682 3887 tui
701 3826 863 3887 similibus
883 3826 935 3887 vel
955 3828 1110 3888 conuiciis
1126 3826 1180 3888 vel
1199 3827 1345 3906 colaphis
1365 3829 1465 3888 etiam
1487 3827 1543 3888 ad·
1558 3851 1607 3901 255

351 3911 476 3971 moueri
501 3910 675 3988 equissimo
700 3910 810 3970 animo
834 3910 948 3983 feram,
973 3917 1108 3972 tantum
1133 3911 1227 3971 abest
1256 3917 1295 3971 vt
1319 3917 1389 3972 tarn
1414 3910 1545 3972 blandis

350 3993 629 4055 admonitionibus
650 3992 806 4066 offendar,
829 3994 891 4054 nisi
912 3993 1001 4072 quod
1023 3994 1085 4055 hoc
1105 3995 1213 4073 ipsum
1238 3993 1376 4054 offendit
1400 4012 1452 4055 me
1477 4013 1545 4055 non

351 4077 520 4138 admoneri
540 4076 682 4138 liberius.
726 4075 812 4137 Nam
834 4076 1013 4139 Ontbertus
1034 4077 1234 4149 Tonstallus,
1257 4083 1366 4138 cetera
1391 4097 1460 4157 par,
1483 4076 1545 4138 hoc

352 4180 418 4221 vno
432 4161 565 4221 nomine
579 4166 613 4221 te
628 4165 771 4240 superat,
787 4160 876 4239 quod
891 4159 1025 4221 liberius
1040 4160 1259 4240 reprehendit,
1274 4161 1301 4220 si
1316 4160 1396 4240 quid
1415 4163 1449 4221 in
1464 4161 1545 4222 meis

352 4243 512 4322 displicet,
535 4249 652 4323 vtpote
674 4245 808 4323 propius
828 4245 1013 4323 inspectum
1035 4243 1160 4305 habens
1184 4244 1348 4324 ingenium
1371 4263 1481 4305 meum
1506 4264 1544 4306 ac
1558 4258 1608 4306 260

351 4346 458 4388 mores
473 4326 652 4388 domestico
667 4328 768 4388 etiam
783 4327 937 4388 conuictu
951 4327 1073 4388 rectius
1087 4328 1243 4406 cognitos.

394 4410 444 4470 De
465 4410 582 4488 insigni
603 4409 786 4471 sacerdotio
807 4409 896 4488 quod
917 4410 996 4471 mihi
1018 4409 1167 4472 Clemens
1187 4410 1336 4490 pontifex
1359 4416 1392 4471 te
1414 4429 1546 4472 suasore

352 4493 491 4555 daturus
511 4498 593 4566 erat,
608 4494 671 4554 nisi
690 4500 853 4554 certorum
872 4492 1042 4554 hominum
1059 4493 1231 4555 calumniis
1247 4499 1410 4555 retractus
1429 4494 1547 4555 fuisset

353 4578 387 4638 in
412 4576 576 4638 diuersam
606 4577 814 4650 sententiam,
843 4596 904 4656 pro
933 4582 993 4638 tua
1021 4576 1154 4656 quidem
1183 4595 1346 4657 propensa
1373 4576 1547 4638 voluntate

385 4724 443 4774 224.
462 4711 607 4776 potestN.
709 4723 799 4775 ²33·4·
816 4709 965 4776 templo..
980 4709 1213 4775 ‚reperireturJ
1315 4724 1372 4775 234
1391 4709 1546 4761 IamMS..

352 4776 520 4894 AtdhaJcJ.
589 4789 647 4840 237.
666 4776 886 4828 discemereaN.
954 4791 1046 4841 ²40·1·
1064 4777 1148 4827 his..
1164 4776 1277 4828 illis.J.
1357 4780 1415 4828 260.
1434 4792 1547 4844 perspe-

351 4859 431 4894 cum

357 4963 582 4970 .--.-..-.---.

599 5029 656 5090 265.
675 5031 818 5079 certorum
829 5026 987 5089 hominum]
999 5026 1051 5079 See
1062 5026 1117 5092 Ep.
1130 5027 1204 5090 2585.
1216 5027 1280 5077 68η.
