4042 5900
340 675 436 754 2443]
688 672 745 736 TO
765 671 928 736 JACOPO
953 672 1178 736 SADOLETO
1472 676 1531 737 165

340 833 478 894 Erasmo
499 831 714 911 praedictum.
758 832 903 894 Primum
924 838 997 894 erat
1018 832 1176 912 negligere
1193 831 1351 894 Luterum
1370 852 1444 894 cum
1464 834 1531 894 suis
1543 847 1594 897 310

340 916 389 977 Dc
404 915 621 995 Indulgentiis
631 916 917 995 propositionibus,
927 936 987 977 nec
998 916 1107 977 oleum
1115 915 1234 977 addere
1245 917 1383 977 camino.
1417 916 1529 977 Proxi-

340 1019 440 1073 mum,
456 1018 515 1060 nec
532 1018 590 1079 per
603 998 782 1060 monachos
799 998 870 1061 orbi
884 999 951 1061 iere
971 1001 1103 1072 inuisos,
1118 1018 1176 1059 uec
1191 999 1427 1079 impotentibus
1441 999 1530 1079 apud

340 1082 469 1163 plebem
501 1081 800 1156 vociferationibus,
829 1088 890 1144 aut
918 1082 1075 1143 librorum
1106 1087 1141 1143 et
1174 1081 1343 1143 hominum
1373 1082 1530 1144 incendiis

339 1186 443 1245 agere,
460 1165 518 1227 sed
532 1165 624 1227 libris
643 1167 730 1226 inter
744 1166 889 1227 eruditos
909 1165 1076 1227 duntaxat
1091 1167 1278 1227 versaturis.
1322 1166 1529 1227 Postremum

339 1255 412 1310 erat
425 1248 498 1310 illos
512 1249 556 1309 ad
569 1256 701 1328 tempus
715 1248 918 1310 dissimulare
929 1269 967 1310 ac
981 1249 1065 1311 ferre
1079 1248 1356 1328 quemadmodum
1371 1249 1530 1310 hactenus
1542 1262 1592 1311 315

339 1332 477 1393 tulimus
505 1332 668 1393 Bohemos
695 1338 730 1393 et
758 1331 887 1393 Iudeos.
940 1332 1083 1412 Tempus
1111 1334 1219 1412 ipsum
1247 1351 1323 1412 sepe
1350 1332 1529 1393 remedium

339 1415 449 1477 adfert
469 1415 565 1476 malis
585 1415 887 1477 immedicabilibus.
932 1416 1001 1477 Hec
1024 1422 1183 1495 perpetuo
1200 1415 1341 1477 suadens
1359 1416 1442 1477 adeo
1462 1434 1530 1477 non

339 1518 412 1559 sum
433 1498 567 1561 auditus
588 1505 627 1559 vt
648 1497 778 1575 (vellem
801 1499 933 1576 nollem)
956 1518 1061 1560 essem
1082 1506 1246 1560 sectarum
1267 1499 1389 1560 fautor.
1433 1499 1528 1560 Prae·

339 1581 464 1644 clarum
489 1581 617 1642 facinus
645 1582 707 1643 sibi
734 1582 841 1644 facere
870 1582 1046 1644 videbatur
1073 1581 1128 1643 ille
1157 1581 1433 1661 deniwpcrcddpcc
1461 1584 1528 1661 qui,

339 1685 533 1745 quacunque
553 1667 617 1726 iret
637 1664 782 1739 Carolus,
804 1665 992 1727 chartarum
1014 1666 1113 1727 fumis
1134 1673 1170 1727 et
1190 1666 1347 1727 incendiis
1370 1664 1530 1744 implebat
1542 1677 1592 1730 3²0

339 1750 458 1822 omnia,
479 1747 562 1809 nulli
580 1768 646 1810 uon
665 1750 831 1810 minitans.
875 1749 928 1809 Me
949 1768 1111 1847 veroque
1130 1750 1238 1810 minus
1255 1750 1452 1829 oppresserit
1471 1768 1530 1829 per

339 1831 432 1892 illum
456 1852 524 1893 nou
547 1833 661 1892 stetit:
693 1833 836 1911 perierat
857 1831 1014 1893 Erasmus
1038 1834 1066 1892 si
1090 1852 1210 1912 pronas
1230 1852 1325 1893 aures
1345 1832 1529 1912 principum

340 1916 542 1995 repperisset
586 1914 638 1975 Ab
653 1914 714 1976 hoc
728 1921 857 1994 praeter
870 1922 1025 1976 naturam
1041 1936 1113 1977 sum
1128 1917 1312 1995 instigatus.

380 1998 474 2060 Alter
492 1998 547 2060 illc
566 1998 646 2059 mihi
660 1998 701 2060 dc
717 1998 801 2060 facie
814 2000 1008 2078 incognitus,
1021 1999 1079 2061 sed
1092 1999 1284 2061 eruditionis
1299 1999 1527 2060 humanitatis-

339 2100 404 2160 que
425 2081 515 2143 iama
536 2088 610 2142 tum
630 2088 730 2142 notus
752 2084 947 2144 tumetium
972 2082 1099 2156 charus,
1123 2083 1249 2144 Romae
1273 2101 1436 2161 nusquam
1461 2100 1528 2144 non
1541 2093 1591 2145 3²5

337 2164 574 2226 declamabat'
565 2185 599 2225 ιιι
616 2165 799 2238 Erasmum‚
814 2165 985 2239 infantem,
1000 2166 1180 2240 indoctum,
1194 2165 1286 2227 nullo
1304 2165 1424 2227 iudicio
1437 2184 1527 2244 prae·

338 2247 455 2309 ditum.
499 2248 581 2309 Cum
604 2267 643 2309 eo
663 2254 879 2328 posteaquam
900 2248 1160 2328 expostulassem
1182 2249 1302 2310 litteris
1323 2255 1473 2310 amanter
1493 2254 1529 2310 et

339 2330 515 2393 honorifice
544 2333 681 2411 scriptis,
708 2331 761 2392 ille
785 2334 874 2393 iusto
901 2332 1128 2411 meditatoque
1157 2332 1322 2394 volumine
1350 2331 1528 2412 respondit,

338 2415 427 2494 quod
449 2415 493 2476 ad
514 2434 566 2475 me
587 2414 734 2476 noudum
754 2434 911 2476 excusum
935 2417 1034 2477 misit.
1078 2416 1129 2476 Ex
1150 2436 1189 2477 eo
1213 2416 1309 2477 facile
1329 2414 1529 2494 deprehendi

338 2497 502 2560 hominem
520 2517 594 2558 mea
613 2518 680 2559 non
701 2498 825 2578 legisse,
841 2498 898 2559 sed
915 2499 1031 2560 audita
1050 2499 1227 2578 deletaque
1244 2498 1391 2571 scribere,
1406 2499 1472 2559 imo
1487 2517 1528 2558 ne
1540 2510 1591 2560 330

337 2580 477 2643 scribere
499 2580 630 2660 quidem
655 2583 718 2642 nisi
739 2600 797 2661 per
818 2581 1037 2643 conductitias
1058 2601 1182 2662 operas.
1227 2582 1298 2644 Hoc
1320 2601 1403 2661 opus
1425 2600 1527 2660 quum

338 2664 470 2726 Parisiis
484 2684 650 2738 excusum,
665 2664 723 2725 sed
736 2664 873 2726 adiectis
885 2666 1060 2739 nonnullis,
1076 2666 1119 2727 ed
1134 2685 1186 2727 mc
1200 2668 1352 2737 venisset,
1365 2663 1526 2744 respondi,

337 2747 396 2808 sed
421 2754 533 2810 tamen
556 2749 696 2810 ciuiliter
717 2754 753 2810 et
775 2748 958 2822 honorifice,
981 2749 1096 2811 sedulo
1119 2769 1247 2822 cauens,
1272 2754 1434 2828 quantum
1456 2749 1528 2826 ipsa

337 2851 454 2892 causae
473 2839 594 2893 natura
612 2832 811 2911 patiebatur,
826 2851 868 2893 ne
887 2832 966 2911 quid
982 2832 1148 2894 excideret
1168 2833 1257 2911 quod
1278 2832 1365 2893 illius
1386 2829 1440 2891 vel
1459 2832 1526 2891 ani-

337 2934 392 2977 mo
401 2917 517 2977 merito
526 2914 651 2977 doleret
659 2914 712 2977 vel
720 2915 829 2978 famae
838 2914 1072 2978 detrimentum
1080 2916 1233 2990 adferret,
1238 2916 1419 2977 amiciciam
1427 2915 1527 2975 etiam
1541 2924 1590 2978 335

337 3005 489 3060 mutuam
503 2999 641 3061 offerens
657 3019 757 3078 quam
771 2998 826 3060 ille
839 3000 1009 3061 deferebat
1023 3002 1057 3060 in
1072 2999 1160 3061 calce
1174 2999 1358 3061 voluminis.
1385 2997 1448 3060 Sed
1461 3015 1527 3059 nou

336 3084 525 3162 conquieuit
535 3084 709 3162 instigator
723 3083 778 3143 ille
788 3084 922 3162 primus,
931 3102 990 3144 uec
1000 3084 1177 3144 defuerunt
1185 3082 1338 3145 Lutetiae
1346 3083 1403 3161 qui
1413 3083 1527 3142 stimu-

338 3165 388 3227 los
399 3166 567 3239 adderent,
576 3167 768 3246 praesertim
777 3166 992 3239 Franciscani,
1007 3185 1147 3245 quorum
1162 3185 1291 3227 sacrum
1301 3167 1459 3227 amictum
1473 3163 1528 3225 ille

336 3249 448 3310 triduo
469 3269 569 3328 quam
591 3255 772 3311 moreretur
790 3249 909 3322 induit,
927 3251 961 3310 in
977 3268 1081 3329 eoque
1102 3249 1250 3329 sepultus
1269 3255 1320 3311 est
1339 3248 1528 3310 solennibus

337 3332 424 3393 illius
438 3333 561 3393 ordinis
575 3334 702 3405 ritibus,
714 3335 904 3413 priusquam
915 3333 1142 3413 typographus
1152 3333 1307 3394 volumen
1322 3331 1526 3394 absoluisset.
1540 3341 1590 3394 340

337 3415 431 3489 Quod
453 3416 533 3477 mihi
554 3417 700 3478 nondum
722 3415 833 3477 videre
854 3417 1010 3495 contigit:
1041 3419 1099 3496 qui
1120 3416 1275 3478 viderunt
1299 3417 1393 3477 aiunt
1414 3417 1528 3494 ingens

336 3519 424 3560 esse:
448 3500 482 3559 in
504 3518 544 3560 eo
560 3499 673 3561 multis
690 3501 796 3579 operis
815 3499 1027 3561 conducticiis
1046 3500 1220 3562 collectum
1241 3505 1292 3561 est
1312 3519 1353 3560 ex
1375 3498 1527 3560 omnibus

336 3584 416 3644 meis
430 3581 722 3656 lucubrationibus,
738 3582 893 3662 quicquid
908 3583 1101 3663 improbatis
1114 3583 1323 3662 dogmatibus
1337 3583 1432 3643 affine
1447 3601 1526 3661 quo·

336 3685 402 3745 quo
426 3672 526 3745 pacto
550 3665 653 3726 videri
677 3671 797 3746 potest.
841 3665 972 3739 Quanto
997 3666 1176 3728 consultius
1200 3674 1272 3728 erat
1295 3685 1335 3726 ea
1355 3666 1527 3744 decerpere

336 3768 400 3827 que
419 3750 529 3829 palam
545 3749 762 3810 aduersantur
781 3750 940 3811 eiusmodi
961 3750 1179 3829 dogmatibus,
1197 3768 1337 3829 quorum
1350 3748 1462 3809 nullus
1475 3754 1527 3810 est
1539 3759 1589 3810 345

336 3838 515 3893 uumerus?
556 3832 611 3893 Ita
631 3833 737 3894 bonus
756 3831 811 3893 ille
831 3833 890 3905 vir,
909 3832 1019 3906 infixo,
1035 3840 1074 3894 vt
1093 3834 1157 3894 dici
1175 3832 1267 3905 solet,
1289 3831 1402 3893 aculeo
1421 3832 1525 3910 fugit:

336 3918 428 3977 cuius
447 3917 555 3976 anime
573 3935 686 3994 precor
703 3916 764 3976 Dei
781 3916 1043 3989 misericordiam,
1061 3923 1181 3995 optans
1200 3922 1239 3976 vt
1258 3915 1417 3976 feliciores
1436 3934 1526 3994 repe·

335 4000 401 4061 riat
419 4006 577 4078 patronos
596 3999 686 4078 apud
699 4018 863 4060 summum
883 3999 1022 4061 iudicem
1037 4018 1136 4078 quam
1151 4001 1220 4079 ipse
1233 4000 1460 4079 patrocinatus
1475 4003 1527 4059 est

335 4081 432 4143 Gallo
448 4082 606 4143 aduersus
625 4082 805 4156 Caesarem,
821 4088 881 4144 aut
895 4082 1046 4144 Pontifici
1067 4082 1224 4144 aduersus
1243 4081 1391 4144 Caesaris
1405 4082 1525 4161 copias,

335 4173 395 4226 aut
409 4166 473 4227 sibi
487 4166 549 4245 ipsi
563 4167 598 4227 in
612 4167 736 4227 tuendo
751 4185 811 4228 suo
825 4167 1020 4246 principatu.
1539 4176 1590 4227 330

377 4250 426 4311 De
441 4248 577 4311 Stunica
594 4249 758 4311 cohercito
776 4269 934 4330 perquam
949 4248 1067 4310 lubens
1080 4250 1143 4312 tibi
1162 4249 1274 4322 debeo,
1292 4268 1390 4328 quem
1411 4250 1478 4310 scio
1492 4254 1528 4309 et

368 4379 426 4439 316.
444 4374 519 4426 acl.
610 4390 668 4440 323.
687 4383 819 4428 naturam
830 4375 901 4427 MS:
918 4376 1053 4425 meritum
1064 4375 1102 4426 Κ.
1189 4377 1248 4438 338.
1266 4375 1444 4426 Francisoeni
1455 4372 1526 4425 MS:

333 4441 533 4506 γυμιόποδιςΚ.
613 4458 672 4508 342.
690 4443 853 4509 permultas
864 4457 965 4508 operas
975 4442 1166 4493 conductitius
1176 4441 1207 4493 J.
1282 4456 1340 4508 347.
1359 4449 1527 4507 optans...

334 4524 392 4573 350.
411 4511 575 4575 principatu
586 4511 649 4561 cdd.
661 4510 692 4561 J.
760 4523 819 4573 351.
837 4509 988 4575 perlubens
998 4509 1030 4560 J.

368 4640 426 4699 3ι6
444 4635 651 4697 Bohemos10i
663 4636 718 4700 Ep
730 4637 805 4698 3366.
818 4647 879 4698 33η.
988 4637 1046 4698 326.
1065 4634 1216 4697 infantem]
1238 4634 1281 4686 cf.
1304 4634 1380 4700 Epp.
1402 4635 1477 4699 2387.
1500 4635 1527 4695 8,

368 4717 426 4766 319
445 4701 678 4767 διπλωμιτοφόρος]
695 4701 732 4752 Ιιι
751 4702 902 4819 Elsd²⁵⁶l
954 4703 1134 4767 2406.17-18.

336 4784 385 4833 13-
388 4783 417 4831 15
429 4769 642 4835 Erasmussc
652 4775 666 4820 t
666 4767 767 4819 hatho
844 4784 891 4818 im
987 4783 1046 4832 3²7·
1064 4768 1332 4833 litteris11ip.1634.

333 4837 415 4887 tcted
423 4836 595 4889 Aleanderb
595 4785 808 4902 ycallinghim⁴
816 4835 905 4900 diplo·
990 4837 1048 4898 338.
1066 4850 1178 4886 sacrum
1210 4834 1358 4895 amictum]
1392 4833 1443 4886 See
1470 4834 1526 4901 Ep

334 4903 535 4969 matophoros’
566 4905 596 4954 in
623 4903 674 4953 the
701 4903 784 4966 Reep
802 4902 839 4953 cd
867 4903 1031 4967 A.244.1
1043 4904 1106 4963 63η.

334 4970 428 5021 Pium
988 4982 1047 5032 33.ι
1064 4969 1119 5020 tibi
1132 4967 1233 5030 debeo]
1246 4967 1289 5018 cf.
1306 4967 1361 5034 Ep.
1381 4968 1457 5032 2385.
1475 4971 1527 5031 69-

367 5052 425 5104 324,
445 5037 536 5100 Alter]
547 5037 682 5088 Albcrtus
692 5035 769 5088 Pius.
954 5049 997 5100 7²·
