4042 5900
514 674 575 737 220
838 673 1037 737 LETTERS
1058 673 1113 736 OF
1134 670 1339 737 ERASMUS
1615 676 1712 753 [1531

514 835 720 913 deliquerint,
737 834 982 896 confitebuntur
996 841 1169 914 peccatum
1183 852 1289 895 suum.
1333 832 1386 894 An
1399 834 1486 895 inter
1500 834 1580 895 hmo
1594 853 1711 895 nume·

515 919 620 980 rande
641 925 749 998 putas,
765 918 948 998 parricidia,
963 919 1118 991 incestus,
1134 917 1356 997 blasphemias
1373 918 1409 979 in
1428 916 1537 990 deum,
1553 923 1588 979 et
1610 918 1711 978 sacri·

453 1002 608 1081 5301egia,
624 1019 708 1080 quae
727 1000 834 1063 solent
851 1000 1037 1062 hominibus
1054 1019 1111 1079 per
1130 1000 1361 1079 negligentiam
1378 999 1546 1061 accidere?
1581 1000 1656 1061 Iam
1676 1007 1713 1061 et

516 1092 557 1147 tu
576 1085 690 1145 fateris
713 1084 817 1164 legem
839 1086 1013 1164 praecipue
1032 1082 1123 1162 loqui
1142 1083 1183 1144 de
1199 1083 1308 1157 imto;
1331 1084 1409 1163 quia
1428 1102 1507 1144 mox
1527 1084 1713 1157 subiicitur,

516 1168 655 1229 reddent
679 1169 786 1246 ipsum
812 1174 922 1247 caput,
941 1168 1157 1246 quintamque
1179 1174 1308 1246 partem
1332 1167 1471 1246 desuper
1493 1168 1533 1240 ei,
1551 1168 1586 1228 in
1611 1186 1713 1246 quem

515 1252 734 1332 peccauerint.
777 1251 876 1313 Multi
903 1270 1002 1330 porro
1030 1256 1110 1311 sunt
1137 1250 1293 1323 homines,
1319 1252 1376 1328 qui
1400 1269 1459 1329 per
1482 1269 1627 1311 errorem
1649 1257 1714 1311 aut

516 1336 694 1396 humanam
709 1336 868 1396 incuriam
882 1334 1095 1395 detinuerunt
1109 1333 1226 1395 aliena.
1270 1332 1368 1394 Hunc
1385 1352 1528 1394 errorem
1550 1334 1713 1413 expiabat

453 1434 502 1484 535
516 1418 685 1490 confessio,
711 1425 746 1479 et
774 1418 892 1497 capitis
915 1418 1083 1478 restitutio
1110 1435 1186 1477 cum
1214 1418 1396 1478 accessione
1421 1417 1541 1495 aliqua,
1567 1422 1603 1478 et
1626 1418 1714 1479 aries

516 1500 714 1563 immolatus.
757 1500 843 1562 Nam
872 1500 1048 1580 plagiarius
1077 1499 1193 1561 Exodi.
1225 1501 1290 1560 xxi.
1318 1501 1425 1579 capite
1454 1499 1621 1580 plectitur.
1665 1500 1714 1561 Et

516 1584 662 1647 eiusdem
679 1584 854 1645 voluminis
876 1603 946 1663 cap.
970 1585 1049 1656 xxii,
1071 1583 1204 1663 abigeus
1223 1602 1283 1663 pro
1301 1602 1367 1644 vno
1385 1582 1469 1644 boue
1487 1582 1597 1644 reddit
1615 1585 1713 1661 quin-

516 1687 581 1747 que
608 1673 643 1728 et
671 1686 731 1747 pro
759 1686 821 1728 oue
849 1686 916 1727 vna
938 1673 1090 1745 quatuor.
1133 1665 1346 1728 Suffossorem
1368 1673 1565 1728 nocturnum
1588 1666 1716 1728 licebat

516 1753 649 1830 impune
675 1750 828 1812 occidere.
873 1749 908 1811 Si
930 1749 990 1811 bos
1014 1756 1163 1829 repertus
1184 1749 1293 1811 iuerat
1314 1749 1403 1829 apud
1426 1749 1578 1828 abigeum
1602 1751 1713 1822 viuus,

454 1859 505 1909 54⁰
516 1833 677 1895 reddebat
697 1833 844 1913 duplum.
889 1832 984 1906 Quod
1005 1835 1033 1893 si
1054 1852 1148 1912 vrges
1168 1852 1227 1894 nos
1248 1832 1377 1905 litteris,
1401 1832 1497 1894 simul
1518 1834 1612 1911 exige
1634 1852 1714 1894 cum

517 1917 717 1978 confessione
739 1916 932 1978 sacrificium
952 1917 1074 1977 arietis.
1118 1915 1264 1977 Rursum
1289 1918 1316 1977 si
1337 1935 1397 1977 nos
1417 1917 1584 1995 pmeepti
1601 1915 1715 1978 verbis

517 2002 658 2079 stringis,
674 1999 770 2061 simul
784 2001 892 2079 exiges
909 2020 930 2060 a
948 1999 1043 2061 nobis
1061 2005 1100 2060 vt
1121 1999 1284 2060 sacerdoti
1305 1998 1518 2061 confiteamur
1538 2006 1575 2060 et
1595 2019 1714 2078 quam-

517 2084 598 2144 libet
615 2083 702 2144 leuia
718 2083 848 2156 delicta,
864 2102 947 2162 quae
967 2083 1076 2144 solent
1095 2083 1280 2143 hominibus
1301 2102 1359 2163 per
1377 2081 1608 2161 negligentiam
1628 2084 1714 2143 acci-

517 2167 603 2240 dere,
618 2166 707 2245 quod
721 2186 787 2227 non
802 2167 904 2246 exigit
917 2166 1061 2228 ecclesia.
1107 2166 1284 2238 Postrem0,
1300 2185 1402 2244 quum
1417 2165 1616 2227 Iudaeorum
1628 2166 1715 2227 ditio

455 2274 504 2325 545
517 2249 585 2311 late
607 2255 738 2330 pateret
758 2269 796 2310 ac
818 2250 964 2329 plerique
985 2250 1086 2310 etiam
1112 2248 1238 2309 Romae
1259 2251 1349 2310 etin
1371 2249 1448 2310 Asia
1468 2250 1594 2310 minore
1619 2248 1714 2310 habi·

518 2340 637 2407 tarent,
653 2352 711 2394 nec
726 2332 905 2394 sacrificare
921 2332 970 2393 ias
984 2332 1095 2405 fuerit,
1104 2333 1166 2392 nisi
1180 2331 1426 2410 Hierosolymis,
1435 2334 1492 2412 qui
1507 2331 1576 2393 fieri
1586 2334 1712 2411 potuit,

518 2423 558 2477 vt
572 2436 683 2477 omnes
697 2415 806 2478 omnia
819 2422 955 2496 peccata
969 2414 1203 2477 confiterentur
1217 2415 1379 2477 sacerdoti
1392 2416 1427 2476 in
1441 2417 1540 2476 sacris
1555 2417 1622 2476 suis
1636 2414 1712 2476 fun·

517 2501 608 2580 genti
619 2501 767 2561 vicibus?
792 2500 837 2561 Et
848 2518 933 2579 quae
944 2500 1043 2560 turba
1051 2499 1168 2560 fuisset
1178 2500 1328 2571 arietum,
1341 2500 1368 2559 si
1379 2498 1498 2578 singuli
1506 2517 1566 2578 pro
1575 2498 1714 2577 singulis

517 2583 645 2645 delictis
659 2583 855 2645 obtulissent
869 2584 1061 2644 victimam?

456 2690 506 2741 55ο
559 2666 630 2727 Hos
644 2667 823 2746 scrupulos,
839 2668 889 2726 vir
903 2667 1036 2745 optime,
1051 2670 1243 2744 oportuerat
1257 2665 1436 2726 discutere:
1459 2683 1518 2726 nec
1538 2666 1620 2725 satis
1639 2672 1715 2727 erat

518 2749 641 2811 dicere:
665 2748 718 2810 ‘Si
727 2751 800 2827 quis
808 2756 896 2810 recte
910 2748 1114 2809 considerare
1124 2748 1275 2821 voluerit,
1284 2749 1430 2809 inueniet
1443 2750 1589 2810 omnium
1600 2768 1715 2827 pecca·

519 2838 629 2894 torum
647 2833 880 2893 confessionem
898 2851 968 2892 esse
985 2832 1127 2911 positam
1138 2832 1157 2903 ',
1180 2850 1247 2892 non
1266 2831 1355 2909 quod
1372 2833 1442 2910 ipse
1460 2831 1714 2911 probationibus

518 2916 593 2977 vllis
612 2935 732 2995 egeam,
748 2915 805 2977 sed
822 2935 981 2978 armasses
1002 2934 1063 2977 nos
1080 2921 1196 2977 contra
1217 2934 1272 2977 eos
1293 2914 1488 2994 quibuscum
1508 2914 1604 2976 nobis
1625 2934 1714 2976 com-

519 3001 625 3061 munis
644 3006 695 3060 est
713 2999 921 3061 conflictatio.
965 3000 1053 3060 Inibi
1072 2999 1176 3060 simile
1195 2998 1354 3078 quiddam
1375 3000 1510 3077 attingis
1532 2998 1573 3059 de
1593 3000 1714 3078 princi·

457 3104 506 3154 555
518 3089 601 3163 patu
624 3082 766 3143 Romani
786 3082 959 3162 pontificis,
975 3102 1077 3161 quum
1095 3102 1134 3143 ea
1156 3083 1305 3162 quaestio
1326 3082 1449 3143 multos
1470 3082 1592 3143 habeat
1611 3083 1714 3156 sinus,

519 3184 601 3243 quos
624 3167 752 3226 vtinam
778 3165 965 3245 diligentius
990 3167 1194 3238 excussisses,
1219 3171 1281 3227 aut
1305 3166 1438 3226 omnino
1463 3167 1638 3226 tacuisses:
1660 3185 1714 3240 ne,

519 3247 597 3309 dum
612 3249 701 3326 quod
714 3250 845 3310 fortiter
858 3268 1024 3309 asseueras
1039 3249 1144 3309 diluto
1158 3248 1287 3327 probas,
1298 3250 1378 3309 risui
1392 3250 1436 3309 sis
1449 3248 1715 3328 improbioribus,

519 3338 554 3392 et
567 3351 622 3392 eos
637 3333 671 3392 in
685 3334 828 3410 ipsorum
844 3333 995 3411 opinione
1010 3331 1189 3394 confirmes.

561 3414 662 3488 Haec,
685 3422 769 3476 teste
791 3414 930 3487 Christo,
950 3434 1016 3475 non
1038 3420 1072 3475 te
1093 3434 1268 3488 monerem,
1291 3416 1354 3475 nisi
1376 3422 1410 3477 te
1432 3435 1513 3495 pure
1536 3415 1715 3493 diligerem,

457 3509 507 3568 560
519 3498 650 3576 tuisque
665 3499 875 3558 sanctissimis
889 3498 1057 3559 laboribus
1071 3517 1113 3558 ex
1127 3500 1236 3558 animo
1256 3498 1419 3572 fauerem;
1443 3518 1519 3559 nam
1539 3498 1620 3558 mihi
1641 3518 1714 3577 per-

519 3582 641 3641 suadeo
656 3587 690 3641 te
705 3579 888 3641 Christiano
902 3584 937 3641 in
950 3600 1003 3641 me
1018 3599 1087 3640 esse
1100 3582 1220 3654 animo,
1235 3588 1297 3642 aut
1310 3583 1338 3642 si
1354 3581 1435 3661 quid
1454 3582 1600 3642 animum
1615 3588 1714 3643 tuum

519 3664 749 3725 exulcerarunt
770 3664 877 3725 malae
898 3664 1036 3743 linguae,
1052 3683 1092 3723 ea
1112 3684 1163 3724 res
1184 3683 1251 3725 non
1272 3671 1405 3726 tantum
1427 3665 1529 3725 habet
1549 3664 1639 3744 apud
1660 3684 1716 3725 me

519 3749 685 3821 momenti,
701 3754 740 3807 vt
754 3747 855 3807 vllam
874 3747 1126 3808 amarulentiam
1147 3749 1181 3807 in
1200 3753 1235 3808 te
1256 3749 1446 3827 concipiam.
1491 3748 1653 3808 Reuertor
1669 3749 1716 3809 ad

520 3830 616 3891 huius
637 3830 870 3910 disputationis
893 3837 1002 3909 caput,
1027 3829 1118 3908 quod
1140 3850 1192 3891 me
1214 3836 1326 3910 petere
1349 3831 1516 3892 videbitur
1541 3830 1714 3910 plerisque,

457 3924 506 3984 565
520 3915 613 3991 quasi
640 3933 757 3993 parum
785 3914 916 3975 honoris
944 3912 1115 3973 habuerim
1138 3913 1332 3993 Augustino,
1356 3914 1446 3993 quod
1470 3916 1505 3975 in
1527 3935 1561 3975 re
1589 3915 1715 3975 nullius

519 3998 677 4057 momenti
691 3997 734 4057 ab
749 4016 787 4057 eo
801 3997 936 4058 dissensi
949 4015 1017 4057 non
1031 3996 1137 4057 solum
1150 3997 1308 4070 modeste,
1318 4000 1533 4058 verumetiam
1545 4017 1620 4058 eum
1631 4003 1715 4058 tem·

519 4086 709 4159 peramanto
724 4079 839 4140 laudis.
869 4079 954 4153 Quid
968 4081 996 4140 si
1009 4085 1174 4141 notassem
1189 4082 1223 4140 in
1237 4083 1306 4141 eius
1320 4080 1412 4141 libris
1426 4082 1615 4153 sententias,
1631 4100 1716 4160 quas

518 4182 605 4223 nunc
625 4162 767 4241 theologi
785 4163 931 4223 iudicant
948 4163 1151 4225 haereticas?
1174 4164 1239 4224 Eas
1261 4164 1376 4243 opinor
1395 4183 1462 4225 non
1483 4164 1604 4225 diceres
1625 4164 1714 4225 labe·

519 4245 618 4306 culas.
662 4244 730 4306 Nec
745 4265 885 4324 aequum
901 4252 986 4306 esset
1001 4246 1062 4306 hoc
1077 4251 1112 4306 te
1131 4247 1166 4307 in
1185 4248 1257 4308 aliis
1277 4254 1347 4308 tam
1365 4249 1521 4308 atrociter
1541 4247 1714 4326 reprehen-

456 4348 507 4399 570
519 4328 604 4402 dere,
620 4327 708 4408 quod
728 4330 795 4407 ipse
813 4329 875 4389 tibi
894 4330 1067 4408 permittis.
1111 4329 1151 4390 In
1171 4337 1272 4411 eaput
1291 4330 1450 4392 Geneseos
1468 4329 1645 4391 secundum
1665 4332 1715 4392 ita

519 4412 680 4492 loqueris:
706 4411 931 4492 ‘Quapropter
947 4411 1078 4473 fabulas
1096 4433 1165 4474 esse
1184 4414 1335 4488 arbitror,
1355 4434 1438 4493 quae
1456 4415 1519 4475 iste
1541 4413 1715 4493 paradisus

553 4527 612 4577 53²·
629 4511 750 4561 reddent
773 4511 850 4575 Vua.
869 4512 955 4562 Num.
974 4512 999 4562 6.
1019 4513 1044 4570 7,
1073 4513 1180 4577 anue.
1198 4516 1231 4565 in
1249 4516 1345 4565 Pena:
1368 4515 1491 4565 reddant
1507 4514 1544 4564 J:
1568 4514 1670 4564 reddet
1688 4534 1715 4566 α.

519 4593 578 4643 533.
590 4579 613 4629 J
623 4579 730 4641 Eupub.
743 4580 774 4629 in
786 4579 880 4629 Pena:
898 4581 1060 4643 peccauerit
1071 4599 1096 4629 α.
1149 4594 1208 4644 535.
1226 4581 1264 4631 J:
1282 4587 1316 4631 vt
1327 4589 1389 4632 ante
1400 4583 1473 4632 aries
1485 4601 1501 4630 α
1569 4594 1627 4644 537.
1640 4582 1716 4632 boue

519 4662 577 4698 vno
588 4646 619 4696 J.
665 4646 724 4708 538.
742 4651 772 4696 et
783 4661 835 4697 orn.
847 4645 878 4695 J.
926 4658 984 4710 540.
1002 4646 1123 4711 duplum
1134 4647 1313 4698 reddebatJ.
1359 4662 1450 4712 542-3.
1469 4648 1716 4713 etquamlibetJ:

519 4715 606 4764 etiam
615 4712 758 4777 quaelibet
770 4731 794 4762 α.
841 4725 899 4776 545.
917 4714 1124 4776 patueritetJ.
1170 4729 1228 4778 547.
1245 4716 1371 4765 sacrism
1389 4714 1536 4779 temploJ.
1582 4727 1640 4776 551.
1658 4716 1715 4780 pri·

519 4796 598 4830 mum
616 4786 680 4830 onte
697 4780 824 4830 omnium
841 4778 877 4830 J:
906 4779 998 4843 primo
1016 4780 1123 4843 Eopab.
1142 4781 1281 4832 instat:
1308 4798 1360 4831 om.
1382 4801 1406 4830 α.
1487 4795 1545 4844 553.
1562 4788 1664 4832 contra
1681 4800 1715 4832 a:

519 4848 656 4897 aduersus
677 4845 708 4896 J.
807 4858 866 4910 554.
884 4845 1022 4911 quiddam
1045 4847 1107 4897 aK:
1136 4848 1282 4912 quoddam
1303 4848 1334 4898 J.
1431 4851 1490 4912 564.
1508 4848 1662 4898 videbatur
1682 4849 1715 4899 J.

519 4916 577 4976 5⁶9·
596 4912 731 4963 tehocJ.
811 4926 870 4976 570.
887 4912 1092 4963 socundumJ:
1110 4914 1271 4965 secundos.

521 4999 543 5004 —
553 5043 611 5092 551.
629 5028 658 5080 si
669 5030 745 5094 quis]
756 5029 806 5094 Op.
820 5028 899 5082 Ome.
912 5028 930 5079 i.
945 5042 1022 5093 15111.
1184 5044 1241 5095 571.
1260 5030 1453 5095 Quapropter]
1465 5030 1515 5094 Op.
1528 5030 1606 5083 Oma.
1620 5031 1638 5081 i.
1650 5045 1716 5094 95⁰·
