4042 5900
518 596 581 657 320
866 594 1064 658 nnrrnss
1085 593 1367 658 ornsssuns
1644 597 1736 675 [1531

518 753 713 833 Quanquam
727 754 789 816 hoe
800 754 850 815 illi
859 773 1032 816 commune
1041 760 1094 815 est
1104 774 1179 816 cum
1189 754 1342 817 omnibus
1352 754 1430 827 iere,
1441 756 1504 833 qui
1516 754 1596 817 stili
1607 774 1736 817 mucro

518 856 594 899 nem
613 838 647 897 in
668 856 720 899 me
741 839 926 917 stringunt:
948 839 1148 917 permittunt
1166 838 1230 899 sibi
1251 845 1291 899 vt
1311 836 1417 899 mults
1436 839 1736 918 impudentissima

473 940 505 991 7⁵
518 921 732 994 mentiantur,
748 940 850 1000 quum
865 941 899 981 se
909 921 1129 1001 profiteantur
1139 922 1290 984 veritatis
1300 920 1497 995 defensores,
1510 924 1619 1001 quasi
1632 922 1736 1002 possit

518 1006 626 1083 ignem
639 1004 723 1083 ignis
736 1005 944 1084 restinguere.

560 1086 636 1148 Non
646 1106 736 1148 eram
747 1087 795 1148 illi
806 1106 1031 1168 responsurus,
1043 1088 1106 1149 nisi
1116 1108 1169 1149 me
1180 1088 1388 1149 vehementer
1398 1093 1570 1166 grauaret,
1582 1089 1734 1168 primum

519 1172 645 1232 autoris
662 1170 843 1244 celebritas,
858 1171 901 1233 ad
920 1171 1000 1233 haec
1017 1170 1100 1233 liber
1117 1171 1268 1232 Lutetiae
1284 1170 1404 1244 editus,
1418 1176 1596 1250 postremo
1615 1171 1734 1234 foedus

519 1272 594 1314 cum
613 1260 709 1333 gente
728 1252 913 1334 Seraphica.
957 1254 1126 1335 Respondi
1140 1261 1261 1326 tamen,
1277 1253 1334 1314 sed
1348 1255 1543 1334 perpaucis:
1565 1261 1607 1316 et
1622 1256 1733 1335 copie

473 1344 507 1393 80
519 1339 587 1397 sius
602 1343 637 1397 et
650 1338 757 1398 acrius
772 1357 996 1418 responsurus,
1012 1340 1046 1400 ni
1061 1339 1112 1398 vir
1126 1339 1160 1398 in
1174 1337 1282 1398 medio
1295 1356 1392 1417 opere
1405 1337 1600 1416 reliquisset
1612 1344 1732 1401 terras.

520 1421 622 1482 Porro
654 1421 906 1483 Dominicenum
940 1422 1129 1501 theologum
1160 1420 1407 1493 Ieuauiensem,
1434 1420 1529 1482 nullo
1562 1421 1734 1501 dignabor

520 1523 693 1583 responso:
716 1506 772 1583 qui
795 1506 840 1565 sic
862 1506 992 1584 scripsit
1012 1511 1051 1565 vt
1069 1524 1136 1566 non
1155 1503 1220 1565 alis
1241 1505 1369 1577 ratione
1390 1505 1493 1583 'magis
1515 1506 1678 1583 potuerit
1699 1525 1733 1566 se

519 1589 628 1667 pueris
639 1588 823 1660 ridiculum,
833 1587 938 1649 doctis
949 1607 988 1648 sc
999 1588 1093 1649 bonis
1104 1587 1257 1649 omnibus
1268 1589 1411 1648 inuisum
1422 1587 1570 1660 neddere,
1582 1587 1733 1667 denique

520 1690 579 1733 sue
593 1670 700 1732 ordini
713 1669 894 1733 Cherubico
911 1671 1018 1732 labem
1036 1673 1153 1750 quouis
1170 1677 1359 1733 stramento
1377 1671 1501 1732 sutorio
1520 1672 1732 1733 tenaciorem

474 1760 507 1821 85
520 1755 713 1833 imprimere.
752 1753 923 1815 Neminem
937 1754 1046 1815 adhuc
1060 1756 1165 1834 reperi
1179 1755 1342 1815 stomachi
1356 1760 1425 1814 tem
1439 1754 1615 1832 patientis,
1628 1774 1732 1833 quem

520 1856 654 1898 exorare
676 1837 836 1899 valuerim
854 1843 893 1897 vt
911 1837 1059 1899 libellum
1078 1838 1156 1899 licet
1175 1856 1332 1917 perquam
1354 1838 1507 1915 exiguum
1529 1836 1730 1917 perlegeret.

521 1921 596 1999 Ipse
611 1926 726 1999 terque
741 1926 922 1999 quaterque
937 1922 1076 1993 tentaui,
1088 1921 1206 1983 oborta
1216 1940 1337 1982 nausea
1347 1926 1481 1982 coactus
1493 1940 1569 1980 sum
1580 1921 1730 1984 reiicere.

520 2003 589 2065 Nec
604 2004 666 2065 hoc
680 2004 821 2083 ignorari
836 2003 943 2065 voluit
957 2004 1056 2066 homo
1070 2003 1301 2082 φιλαυτότατος,
1317 2005 1425 2083 ipsum
1441 2023 1512 2065 esse
1528 2002 1731 2084 theologum

520 2086 765 2159 Ieueuiensem,
788 2106 854 2166 quo
875 2088 1005 2149 nomine
1027 2089 1094 2150 scie
1115 2088 1164 2149 illi
1183 2088 1358 2167 pessimam
1379 2085 1493 2148 haberi
1513 2088 1664 2165 gratiam
1686 2088 1731 2149 ab

474 2188 509 2235 90
520 2171 590 2231 eius
611 2168 780 2248 Gymnasii
801 2170 971 2250 theologis.
1014 2170 1083 2232 Nec
1101 2171 1153 2231 his
1172 2177 1355 2243 contentus,
1375 2176 1445 2230 tsm
1464 2169 1633 2244 ridiculas,
1656 2177 1731 2233 trun

521 2251 670 2326 insulsas,
681 2258 751 2314 tsm
762 2254 944 2332 prodigiose
954 2254 1066 2315 fatuas
1080 2255 1213 2315 naenias
1226 2255 1422 2316 nominatim
1436 2252 1605 2314 dedicauit
1619 2257 1730 2316 omni·

522 2336 584 2397 bus
598 2338 800 2397 ornamentis
814 2336 1035 2399 illustrissimo
1049 2338 1187 2417 principi
1201 2336 1367 2398 Cardineli
1380 2335 1561 2398 leodiensi.

563 2418 598 2480 Si
619 2419 705 2480 forte
725 2419 808 2481 libet
829 2422 1014 2499 argumenti
1034 2440 1195 2482 summam
1217 2439 1422 2499 cognoscere:
1445 2420 1588 2481 assumit
1609 2438 1731 2482 omnes

521 2502 712 2581 eloquentes
728 2522 798 2564 esse
815 2504 1004 2576 haereticos,
1022 2510 1057 2564 et
1076 2524 1117 2565 ex
1137 2505 1255 2583 quinto
1276 2522 1399 2564 canone
1421 2502 1605 2564 Enchiridii
1625 2503 1731 2566 docet

475 2603 509 2651 95
522 2606 574 2647 me
588 2587 672 2646 citra
683 2585 855 2647 discrimen
866 2606 979 2649 omnes
990 2586 1144 2649 damnare
1155 2588 1359 2659 ceremonias,
1371 2605 1474 2665 quum
1485 2592 1600 2648 tamen
1615 2587 1729 2667 pietus

522 2671 567 2730 sit
595 2670 691 2731 deum
720 2671 864 2731 externis
893 2690 1022 2750 quoque
1051 2670 1169 2732 ritibus
1200 2671 1351 2732 adorere:
1388 2670 1432 2731 ad
1464 2669 1553 2742 haec,
1586 2671 1729 2749 quando

521 2754 754 2815 monachorum
769 2755 841 2814 vita
854 2773 973 2833 magne
985 2773 1028 2815 ex
1041 2760 1136 2834 parte
1149 2760 1280 2815 constet
1290 2753 1489 2825 ceremoniis,
1500 2770 1553 2813 me
1563 2752 1600 2813 in
1611 2758 1729 2815 totum

521 2843 575 2898 tot
589 2836 792 2897 venerandas
806 2837 1039 2898 monachorum
1054 2845 1089 2898 et
1103 2838 1336 2898 monacharum
1350 2836 1472 2898 formas
1487 2835 1586 2896 semel
1601 2837 1727 2916 impro-

522 2920 608 3002 bare.
652 2919 783 2981 Alicubi
804 2920 999 2982 stultissime
1019 2920 1151 3000 colligit,
1170 2940 1222 2982 me
1239 2920 1332 3000 longe
1349 2938 1502 3000 superare
1520 2918 1728 2982 Lutersnam

460 3020 509 3057 100
521 3005 733 3084 impietatem,
751 3023 810 3064 nec
827 3004 895 3064 vlla
912 3004 1001 3065 frons
1021 3004 1116 3066 adest
1133 3006 1166 3066 in
1186 3004 1383 3065 mentiendo.
1426 3000 1491 3065 Sed
1507 3004 1594 3063 inter
1611 3006 1729 3066 omnia

522 3087 603 3148 nihil
627 3088 797 3148 existimat
821 3107 891 3148 esse
916 3089 1018 3167 magis
1044 3089 1189 3166 impium,
1216 3106 1316 3166 quem
1342 3086 1430 3165 quod
1456 3085 1518 3148 sub
1540 3085 1728 3149 Enchiridii

520 3171 618 3233 finem
633 3170 795 3233 admoneo
808 3170 970 3250 expedire,
981 3190 1023 3232 ue
1037 3172 1110 3250 quis
1125 3171 1345 3232 adamantinis
1360 3170 1424 3231 illis
1438 3175 1592 3231 votorum
1607 3171 1727 3232 vincu-

521 3254 561 3315 lis
576 3254 719 3334 illigetur
733 3260 812 3314 ente
827 3273 952 3314 annum
967 3255 1178 3334 trigesimum.
1216 3254 1356 3317 Proinde
1367 3255 1513 3314 minatur
1523 3254 1558 3313 ni
1570 3272 1727 3315 reuocem

522 3340 739 3410 iuuentutem,
765 3337 889 3398 talibus
913 3337 1010 3398 dictis
1036 3357 1185 3398 auersam
1211 3358 1232 3398 e
1257 3345 1327 3399 tem
1353 3344 1469 3399 sancto
1493 3336 1726 3410 contubernio,

461 3437 508 3487 1⁰5
522 3421 610 3500 quod
625 3422 730 3500 gignit
745 3420 828 3481 tales
843 3421 996 3483 ecclesiae
1007 3421 1167 3493 doctores,
1179 3441 1213 3482 se
1224 3428 1471 3500 praestaturum
1481 3419 1571 3498 quod
1581 3419 1727 3482 debetur

522 3506 649 3584 pietati.
686 3503 719 3565 Si
731 3510 840 3566 totum
852 3505 913 3566 hoc
925 3505 1094 3565 hominum
1104 3524 1206 3583 genus
1217 3506 1347 3584 cupiam
1361 3504 1511 3565 funditus
1525 3504 1725 3578 extinctum,

522 3588 601 3666 quid
616 3587 727 3667 potius
742 3594 892 3667 optarem
907 3587 950 3648 ab
965 3586 1030 3648 illis
1041 3587 1119 3661 fieri,
1132 3606 1231 3666 quem
1242 3594 1281 3648 vt
1292 3588 1335 3648 ad
1346 3589 1448 3649 istum
1460 3587 1595 3649 modum
1606 3588 1725 3649 tradu-

522 3678 601 3732 cant
615 3690 684 3732 sese
699 3691 773 3732 cum
787 3670 873 3732 fide?
909 3669 997 3731 Nem
1012 3671 1092 3731 mihi
1105 3670 1215 3732 nullus
1229 3678 1302 3731 eret
1316 3672 1509 3742 crediturus,
1525 3675 1596 3730 tem
1611 3689 1726 3733 cressa

522 3756 633 3834 capita
654 3754 720 3815 illic
741 3756 828 3815 inter
848 3753 1045 3815 Cherubieos
1064 3754 1177 3815 beheri
1196 3774 1257 3834 pro
1276 3756 1402 3832 magnis
1420 3753 1589 3832 theologis.
1632 3754 1725 3816 Ante

463 3855 511 3893 110
522 3838 650 3916 sliquot
671 3856 776 3900 annos
797 3857 839 3899 ex
859 3837 974 3899 eadem
997 3838 1127 3899 officina
1150 3838 1319 3917 prodierat
1340 3837 1479 3910 libellus,
1503 3836 1725 3916 complurium

522 3920 777 3983 Cherubicorum
792 3940 891 4000 opere
911 3921 1171 3999 confectosque
1190 3920 1326 3999 nefingi
1345 3920 1478 3999 quidem
1500 3921 1611 3999 potuit
1631 3922 1724 3998 quic·

523 4023 622 4082 quem
642 4005 769 4077 vanius,
784 4004 947 4077 insulsius,
965 4004 1138 4077 indoctius,
1157 4011 1217 4065 aut
1235 4005 1391 4065 insanius.
1434 4003 1503 4065 Nec
1522 4003 1596 4065 illos
1617 4005 1725 4082 pudet

523 4087 639 4148 talium
668 4094 954 4167 strategematum,
980 4094 1096 4149 tantus
1124 4094 1176 4149 est
1203 4088 1406 4167 ingeniorum
1434 4092 1725 4166 stupentemque

523 4190 619 4231 caeca
634 4169 786 4249 φιλαυτία.
830 4170 902 4243 Quo
915 4179 1015 4251 pacto
1029 4172 1223 4234 subsisteret
1236 4171 1371 4232 ecclesie
1381 4169 1512 4244 Christi,
1524 4171 1587 4231 nisi
1598 4169 1725 4231 talibus

462 4270 510 4321 115
523 4253 682 4316 columnis
696 4253 890 4316 fulciretur?

558 4434 599 4485 79.
618 4421 775 4485 Respondi]
804 4420 885 4472 With
915 4421 998 4485 Apol.
1029 4423 1096 4474 oda.
1149 4438 1246 4480 mann,
1261 4435 1334 4484 1531.

524 4488 714 4552 rhapsodias.
735 4524 742 4538 .
764 4524 771 4538 .
793 4487 898 4538 Albcrts'
922 4488 979 4547 Pii,
1004 4489 1098 4548 Basle,
1185 4503 1274 4540 ror-2.
1293 4487 1449 4538 Enchiridii
1471 4486 1569 4548 finem]
1592 4486 1725 4555 Nothing

525 4555 646 4614 Froben,
661 4568 733 4616 1531.
1150 4556 1370 4621 corresponding
1381 4561 1413 4605 to
1424 4555 1482 4605 this
1494 4569 1616 4619 appears
1629 4554 1659 4604 in
1671 4555 1724 4606 the

558 4622 600 4671 81.
618 4620 847 4682 Dominicenum]
895 4620 1020 4671 Eustece
1065 4621 1096 4672 oi
1146 4622 1344 4681 Enctirs'diom
1365 4622 1412 4680 cf,
1427 4622 1565 4679 however,
1581 4619 1655 4670 from
1670 4622 1724 4672 the

526 4687 654 4746 sichem
673 4703 719 4737 see
730 4687 805 4752 Epp.
818 4690 884 4752 2264
894 4687 1009 4746 introd„
1019 4701 1095 4751 2353.
1147 4688 1202 4738 end
1220 4689 1251 4738 oi
1268 4690 1334 4739 that
1355 4689 1473 4738 treatise
1493 4687 1550 4737 LB.
1572 4703 1600 4737 v.
1623 4690 1724 4749 653-0,

526 4757 588 4813 ron,
601 4767 677 4818 2443.
692 4768 769 4813 reon,
782 4768 857 4817 2501.
870 4768 933 4813 21n,
945 4757 1021 4818 25⁶9·
1147 4755 1208 4806 also
1230 4756 1280 4806 the
1300 4754 1356 4805 end
1376 4756 1406 4804 ol
1429 4756 1479 4805 the
1502 4755 1544 4804 De
1566 4761 1724 4818 contemptu

558 4822 599 4871 86.
618 4820 755 4882 libellum]
773 4821 910 4884 Apologia
927 4821 1100 4886 propietate
1149 4822 1491 4880 mundi‚LB.v.12620.
1527 4821 1582 4871 For
1598 4820 1678 4872 what
1698 4823 1724 4873 is

525 4888 556 4938 in
564 4887 678 4939 Erasmi
688 4888 811 4938 Rotcrod.
824 4887 1008 4939 duellis-idion
1018 4904 1098 4939 cano·
1149 4889 1211 4939 said
1223 4890 1253 4939 oi
1264 4889 1313 4939 the
1325 4904 1376 4952 age
1388 4888 1418 4937 oi
1429 4888 1506 4951 3001.
1517 4888 1571 4953 Ep.
1584 4901 1643 4951 447.
1652 4891 1724 4952 639-

449 4967 459 4991 ⁰
524 4970 587 5006 nem
602 4954 742 5018 quintum,
756 4956 904 5021 Antwerp,
919 4955 953 5006 G.
968 4955 1098 5006 Vorster·
1148 4959 1191 5020 46.
