4042 5900
522 661 584 721 240
847 660 1046 724 marnas
1067 661 1123 725 os
1144 662 1350 728 annuus
1622 665 1720 741 [1531

521 819 634 899 excepi
654 820 788 882 domum
809 820 965 881 liberam:
987 820 1159 883 Luscinius
1179 828 1369 884 constanter
1388 822 1584 895 affirmabat,
1606 842 1641 882 se
1662 821 1721 882 ha-

475 927 510 974 90
522 903 598 965 bere
612 904 663 964 ius
683 904 717 964 in
736 903 819 964 hanc
833 903 968 966 domum
983 910 1100 966 totam.
1144 905 1274 967 Habuit
1291 906 1400 967 claues
1414 906 1540 978 domus,
1555 907 1723 984 ingressus

522 994 574 1047 cst
595 987 857 1065 quandocunque
878 988 994 1049 voluit.
1038 987 1228 1050 ATribuno
1248 1008 1417 1068 nunquam
1431 989 1620 1050 admonitus
1635 1008 1721 1061 sum,

522 1089 575 1131 me
589 1069 738 1131 habitare
753 1071 787 1130 in
802 1071 974 1144 conducto,
990 1092 1160 1151 nunquam
1178 1073 1285 1133 iussus
1306 1092 1379 1134 sum
1398 1092 1419 1133 a
1437 1073 1588 1133 Luscinio
1607 1079 1722 1152 petere

522 1153 640 1214 claues.
684 1153 777 1214 Vnde
797 1154 877 1214 mihi
901 1156 1064 1234 potuisset
1086 1156 1121 1216 in
1143 1162 1288 1217 mentem
1307 1158 1427 1229 venire,
1450 1175 1593 1217 maesse
1614 1156 1722 1217 totius

523 1236 641 1297 domus
649 1236 899 1298 conductorem?
926 1238 967 1299 D.
980 1238 1146 1299 Tribunus
1154 1240 1313 1319 principio
1324 1239 1464 1312 dicebat,
1474 1245 1553 1318 agat
1563 1239 1723 1299 Erasmus

477 1342 511 1391 95
524 1339 598 1381 cum
623 1319 794 1381 Luscinio:
826 1322 892 1382 imo
914 1340 956 1381 ne
983 1341 1058 1383 cum
1084 1321 1141 1382 illo
1169 1322 1407 1395 contenderem,
1431 1341 1582 1401 expresse
1606 1323 1722 1400 excepi

523 1402 711 1465 libertatem
723 1405 826 1465 totius
840 1404 966 1478 domus,
981 1410 1171 1466 attestatus
1186 1425 1258 1466 sum
1272 1405 1365 1467 illum
1379 1425 1445 1466 non
1459 1405 1599 1466 libenter
1612 1424 1721 1465 cessu-

523 1505 606 1547 rum.
650 1486 683 1548 Si
702 1488 776 1566 quis
797 1488 884 1549 dono
906 1487 1050 1549 dedisset
1070 1488 1156 1549 hanc
1177 1488 1311 1550 domum
1330 1509 1369 1550 ea
1383 1489 1461 1568 lege,
1476 1495 1516 1549 vt
1530 1488 1722 1549 Luscinium

524 1570 690 1632 volentem
710 1571 875 1632 nolentem
898 1571 1114 1645 excluderem,
1138 1573 1345 1633 incontenter
1366 1591 1564 1633 recusassem
1589 1590 1721 1644 munus,

524 1655 612 1714 tanti
627 1654 721 1715 abest
735 1660 773 1713 vt
787 1673 826 1715 ea
840 1654 908 1733 lege
923 1655 1083 1716 voluerim
1097 1656 1285 1716 conducere.

463 1757 512 1793 100
565 1735 737 1799 Obiectum
751 1743 803 1797 est
816 1742 851 1798 et
864 1738 967 1799 illud:
998 1745 1214 1817 posteaquam
1232 1739 1322 1799 iacta
1343 1744 1394 1798 est
1413 1738 1537 1799 mentio
1556 1738 1597 1798 de
1611 1738 1722 1817 precio

524 1820 759 1892 conductionis
783 1822 887 1881 mansi
908 1822 943 1881 in
968 1822 1067 1882 domo
1092 1822 1185 1883 velut
1207 1821 1403 1900 approbans.
1447 1821 1520 1882 Imo
1542 1822 1665 1901 scripto
1686 1827 1724 1881 et

524 1903 632 1964 verbis
654 1909 843 1964 constanter
862 1905 1031 1977 affirmaui,
1055 1924 1107 1966 me
1126 1905 1167 1965 de
1186 1905 1284 1966 domo
1303 1905 1365 1965 nisi
1379 1910 1453 1965 tota
1467 1910 1502 1965 et
1515 1903 1618 1964 libera
1632 1903 1723 1965 nolle

524 1988 652 2066 pacisci.
696 1987 801 2047 Mansi
815 1994 927 2047 autem
941 2007 981 2048 ea
995 1987 1180 2049 conditione
1194 2008 1260 2067 qua
1274 1994 1382 2061 antea,
1397 1988 1550 2048 videlicet
1563 1989 1721 2067 precario,

524 2075 661 2150 paratus
674 2071 762 2131 exire
776 2070 1039 2149 quandocunque
1052 2071 1189 2132 iuberer.
1225 2071 1332 2133 Nemo
1342 2071 1447 2132 iussit.
1484 2069 1722 2144 Secusfuisset,

464 2178 513 2229 105
525 2154 553 2213 si
574 2153 740 2214 habitanti
760 2154 795 2212 in
816 2154 980 2217 conducto
1000 2155 1171 2228 diceretur,
1192 2155 1329 2216 Possum
1350 2155 1436 2215 hanc
1457 2154 1592 2215 domum
1612 2152 1722 2215 locare

525 2236 636 2317 pluris.
687 2236 721 2297 Is
749 2238 776 2297 si
803 2236 994 2299 admonitus
1022 2244 1178 2310 maneret,
1208 2238 1375 2299 videretur
1403 2239 1547 2316 accipere
1574 2237 1722 2315 precium

525 2326 670 2381 auctum.
714 2319 797 2381 Tam
819 2321 1013 2382 multisunt
1032 2321 1082 2382 his
1099 2321 1236 2382 aedibus
1255 2323 1304 2382 vsi
1318 2322 1429 2401 gratis,
1444 2320 1604 2400 putabam
1618 2320 1721 2399 magi·

526 2410 667 2464 stratum
688 2405 810 2482 partim
831 2424 871 2464 cx
893 2425 953 2465 sua
974 2404 1186 2484 benignitate,
1206 2406 1327 2484 partim
1347 2404 1389 2465 ob
1405 2402 1722 2465 commendationem

527 2487 625 2564 Regis
648 2486 846 2548 Ferdinandi
869 2488 949 2548 mihi
970 2488 1054 2549 velle
1076 2488 1136 2549 hoc
1158 2488 1290 2549 honoris
1311 2488 1448 2561 habere;
1474 2493 1509 2548 et
1530 2505 1721 2565 quanquam

465 2595 514 2630 110
525 2569 617 2631 nulla
630 2572 865 2631 intercessisset
878 2572 997 2651 pactio,
1013 2571 1087 2651 plus
1100 2571 1262 2633 dedissem
1272 2589 1373 2650 quam
1382 2570 1464 2631 alios
1475 2570 1601 2631 dedisse
1611 2569 1722 2631 audio.

526 2654 576 2715 Ea
590 2672 656 2714 vox
671 2674 691 2713 a
705 2673 757 2714 me
772 2653 1010 2733 frequentaret
1029 2655 1118 2716 dicta
1138 2661 1190 2716 est
1206 2661 1242 2715 et
1259 2655 1389 2733 scripta,
1405 2673 1457 2714 me
1471 2653 1570 2714 malle
1583 2672 1644 2732 pro
1659 2651 1722 2713 hac

527 2738 625 2798 domo
647 2737 749 2798 libera
769 2738 847 2798 dare
868 2740 985 2817 viginti
1006 2738 1147 2799 florenos
1166 2757 1265 2816 quam
1283 2757 1342 2817 pro
1360 2756 1427 2798 non
1444 2736 1556 2809 libera,
1576 2742 1616 2797 vt
1632 2755 1722 2797 nunc

526 2827 586 2894 est,
602 2822 755 2900 quinque.
793 2821 959 2883 Tribunus
969 2822 1051 2883 dicit
1064 2841 1098 2882 sc
1112 2822 1279 2901 repetiisse
1293 2822 1401 2882 claues
1415 2840 1436 2880 a
1449 2819 1610 2892 Luscinio,
1620 2826 1724 2898 atque

526 2904 619 2967 illum
641 2905 854 2985 respondisse,
878 2905 1008 2985 Reliqui
1029 2907 1064 2967 in
1085 2904 1229 2966 aedibus.
1274 2904 1394 2966 Verum
1414 2904 1510 2977 dixit,
1532 2902 1665 2982 reliquit
1687 2904 1722 2964 in

466 3010 514 3061 115
526 2989 663 3050 aedibus
677 2989 804 3067 aliquas
818 2989 936 3062 claues,
952 2990 1010 3051 sed
1023 3008 1090 3051 non
1105 2989 1186 3062 illas,
1195 2989 1236 3049 de
1244 2989 1363 3066 quibus
1374 2988 1538 3048 Tribunus
1546 2987 1722 3048 sentiebat.

526 3071 642 3134 Cleuas
656 3074 753 3152 primi
762 3074 838 3133 ostii
849 3079 884 3133 et
893 3073 1019 3146 domus,
1031 3092 1131 3152 quam
1142 3072 1324 3144 obtinebat,
1334 3072 1481 3133 seruauit
1489 3070 1560 3144 sibi,
1569 3070 1723 3131 et'adhuc

527 3162 647 3217 seruat.
692 3156 746 3217 Ita
761 3156 863 3216 verba
877 3156 957 3217 data
972 3162 1051 3217 sunt
1065 3156 1219 3217 Tribuno.

569 3240 644 3301 Non
659 3259 809 3319 cuperem
824 3240 858 3299 in
867 3239 918 3300 his
932 3240 1067 3300 aedibus
1082 3239 1230 3300 habitare
1241 3238 1293 3299 vel
1307 3239 1453 3317 precario
1464 3237 1516 3297 vel
1531 3237 1722 3297 conductis:

526 3329 599 3384 erat
613 3329 726 3384 tamen
743 3323 804 3383 hoc
819 3323 1044 3395 humanitatis,
1060 3341 1178 3394 senem,
1195 3321 1471 3383 valetudinarium
1483 3320 1536 3381 vel
1551 3325 1723 3398 aegrotum

467 3426 515 3462 120
527 3408 646 3486 potius,
673 3412 745 3467 tum
771 3406 943 3486 hospitem,
970 3413 1005 3468 et
1032 3405 1141 3467 Caroli
1163 3404 1310 3467 Caesaris
1338 3410 1373 3464 et
1402 3404 1501 3483 Regis
1524 3402 1724 3464 Ferdinandi

527 3489 631 3552 literis
646 3489 919 3563 commendatum,
937 3491 1163 3570 tempestiuius
1181 3490 1356 3550 admonere
1374 3487 1414 3548 de
1434 3486 1615 3566 migrando,
1630 3506 1722 3565 prae-

527 3573 640 3634 sertim
664 3593 737 3633 cum
758 3573 839 3634 mihi
860 3575 894 3634 in
915 3574 1009 3634 nouis
1031 3572 1167 3634 aedibus
1189 3573 1232 3633 sit
1251 3571 1470 3632 extruendum
1484 3571 1673 3642 fumarium,
1689 3576 1724 3630 et

527 3656 737 3735 apparandus
760 3657 835 3717 huic
857 3655 1049 3736 corpusculo
1073 3656 1263 3717 commodus
1285 3655 1391 3715 nidus.
1434 3653 1487 3714 Ad
1509 3651 1725 3714 inueniendas

528 3739 632 3814 aedes,
655 3740 883 3801 conducendas
906 3748 965 3801 aut
986 3740 1151 3813 emendas,
1174 3738 1413 3810 adornandae,
1437 3737 1479 3798 ad
1501 3734 1722 3798 extruendum

468 3839 515 3890 1²5
528 3823 647 3896 focum,
671 3843 829 3903 perquam
854 3831 1031 3902 angustum
1055 3823 1198 3903 spatium
1225 3829 1303 3882 sunt
1327 3828 1394 3882 tres
1416 3839 1552 3881 menses.
1595 3819 1642 3879 At
1662 3838 1724 3898 ego

528 3906 590 3967 sub
605 3906 703 3967 finem
718 3907 829 3968 Martii
842 3907 956 3968 iubeor
965 3909 1103 3986 migrare
1118 3906 1161 3966 ad
1175 3905 1328 3966 Natalem
1344 3905 1486 3965 Ioannis.
1530 3903 1576 3963 Et
1589 3903 1723 3963 interim

528 4009 630 4068 quum
650 4009 709 4051 nec
729 3989 939 4051 conduxerim
959 3991 1064 4062 aedes,
1080 4010 1138 4051 nec
1158 3989 1338 4049 conducere
1353 3988 1521 4058 voluerim,
1536 3986 1599 4046 nisi
1614 3985 1723 4046 trade·

528 4078 643 4134 rentur
657 4073 786 4146 liberae,
802 4073 900 4152 idque
914 4080 1104 4134 constanter
1118 4079 1152 4134 et
1166 4073 1263 4133 dictis
1278 4078 1313 4132 ct
1329 4071 1457 4150 scriptis
1479 4071 1539 4129 sim
1554 4068 1726 4130 euidenter

529 4161 680 4229 testatus,
704 4177 725 4218 a
749 4157 835 4217 festo
859 4156 989 4218 Natalis
1018 4156 1139 4218 Christi
1167 4157 1244 4216 anni
1274 4168 1355 4233 1529
1384 4172 1487 4232 vsque
1510 4152 1553 4213 ad
1578 4151 1724 4212 natalem

468 4262 517 4312 130
529 4240 662 4301 Ioannis
684 4255 762 4316 1531
783 4244 943 4319 petuntur
965 4260 985 4301 a
999 4260 1052 4301 me
1066 4240 1181 4301 floreni
1201 4255 1250 4314 30,
1266 4239 1360 4316 quasi
1375 4243 1482 4298 totam
1497 4236 1631 4297 domum
1647 4254 1721 4295 con-

528 4323 677 4384 duxerim
702 4343 739 4384 ac
765 4323 972 4402 possederim.
1025 4323 1089 4385 Sed
1113 4322 1240 4383 confido
1267 4320 1450 4381 Tribunum
1475 4339 1510 4381 re
1536 4318 1725 4398 diligentius

528 4426 671 4486 expensa
685 4412 892 4467 mutaturum
907 4409 1114 4468 sententiam.

1027 4491 1183 4551 Erasmus
1198 4488 1276 4549 Rot.
1293 4507 1365 4549 mea
1379 4506 1480 4548 manu
1496 4484 1681 4564 subscripsi.

884 4639 940 4688 133.
959 4625 1114 4675 Erasmus.
1129 4661 1135 4672 .
1150 4661 1155 4673 .
1169 4622 1321 4687 subscripsi
1333 4638 1384 4673 om.
1398 4621 1441 4671 0².
