4042 5900
396 711 493 790 2385]
719 711 1026 777 succrescere
1047 712 1272 776 ssuonnro
1555 716 1594 776 ιι

396 892 439 933 ex
461 871 518 934 illo
539 873 647 953 primo
668 879 804 952 aspectu
825 874 990 954 percipere
1011 876 1116 955 potui,
1135 874 1220 935 duae
1238 894 1291 937 me
1311 894 1363 936 res
1377 876 1411 936 in
1425 895 1464 938 eo
1478 876 1597 937 eximie

394 956 665 1017 delectauerunt:
687 976 756 1017 vna
769 957 857 1036 quod
873 958 993 1036 vbique
1010 958 1079 1018 fere
1093 964 1128 1020 et
1145 958 1298 1019 omnibus
1311 960 1346 1019 in
1361 959 1440 1021 locis
1454 958 1597 1020 stimulis
1610 980 1643 1031 30

395 1039 597 1118 quibusdam
621 1041 756 1118 pietatis
780 1060 818 1101 ac
840 1040 1004 1119 religionis
1026 1061 1067 1102 ex
1091 1041 1200 1102 verbis
1223 1043 1290 1102 tuis
1314 1043 1460 1103 animum
1486 1062 1596 1103 meum

395 1124 580 1202 pertentari
595 1123 788 1196 sentiebam,
803 1124 852 1184 ita
869 1123 974 1185 dulcis
988 1131 1023 1186 et
1037 1125 1093 1204 pia
1111 1131 1146 1186 et
1163 1126 1288 1186 omneis
1302 1125 1460 1186 deliniens
1482 1145 1596 1186 sensus

395 1206 524 1267 fluebat
537 1208 664 1280 oratio;
687 1206 793 1268 altera
807 1207 895 1286 quod
912 1214 950 1268 tu
966 1214 1053 1268 certe
1068 1210 1102 1268 in
1123 1207 1184 1269 hoc
1203 1228 1319 1288 genere
1338 1208 1447 1269 faetus
1466 1229 1501 1270 es
1520 1228 1594 1270 con·

396 1290 540 1352 stantior
554 1290 712 1351 aduersus
726 1289 973 1351 molestissimas
989 1291 1158 1352 hominum
1173 1293 1360 1371 ineptorum
1374 1292 1595 1371 garrulitates,

395 1393 464 1434 non
479 1379 549 1434 tam
564 1372 757 1434 refutandas
771 1392 872 1452 quam
887 1375 1154 1436 contemnendas.
1609 1394 1642 1445 35

438 1454 534 1529 Quod
547 1475 606 1536 ego
621 1463 655 1518 te
669 1457 832 1536 prioribus
846 1457 966 1518 litteris
980 1477 1055 1519 cum
1069 1458 1237 1531 hortabar,
1252 1459 1377 1532 iccirco,
1393 1460 1439 1519 mi
1449 1458 1596 1531 Erasme,

395 1539 557 1600 faciebam
583 1540 673 1619 quod
697 1546 776 1601 tuae
801 1559 854 1601 me
879 1540 1052 1620 dignitatis
1071 1541 1219 1602 studium
1236 1547 1271 1602 et
1290 1561 1369 1603 cura
1388 1541 1593 1603 stimulabat.

395 1622 593 1702 Quanquam
607 1624 704 1697 enim,
717 1629 803 1684 vttu
814 1623 938 1695 scribis,
950 1624 1051 1685 altius
1066 1626 1156 1685 vitiis
1171 1624 1404 1686 indormientes
1418 1625 1595 1686 inclamare

395 1708 544 1786 asperius
572 1705 751 1784 aliquando
780 1708 824 1767 sit
852 1725 1000 1780 necesse;
1031 1714 1144 1768 tamen
1167 1708 1200 1769 id
1223 1710 1272 1769 ita
1296 1727 1392 1787 agere
1416 1715 1455 1769 vt
1483 1727 1550 1769 non
1575 1728 1596 1769 a

395 1789 567 1850 stomacho
581 1809 687 1867 neque
701 1789 744 1850 ab
759 1790 928 1851 iracundia
942 1789 1120 1852 illiusmodi
1135 1791 1344 1870 reprehensio
1364 1792 1512 1872 profecta
1526 1811 1596 1853 esse
1608 1810 1642 1862 40

394 1872 559 1946 videatur,
583 1874 611 1933 si
632 1874 785 1952 cuiquam
806 1874 970 1947 conuenit,
992 1875 1148 1935 conuenit
1168 1875 1317 1953 profecto
1342 1875 1412 1937 tibi.
1457 1874 1596 1936 Difficile

395 1958 531 2017 omnino
552 1962 613 2029 est,
636 1955 689 2017 vel
711 1958 822 2035 potius
841 1958 1047 2031 inusitatum,
1070 1977 1135 2018 non
1157 1957 1216 2018 bili
1233 1959 1372 2030 incendi,
1391 1978 1466 2019 cum
1484 1958 1595 2019 odiose

394 2045 476 2100 sunt
490 2040 547 2118 qui
561 2039 757 2119 obstrepant
771 2044 815 2112 et,
831 2059 898 2119 quo
912 2041 975 2120 ipsi
988 2040 1115 2119 aliquid
1129 2040 1192 2101 sibi
1206 2042 1313 2102 inanis
1327 2041 1481 2121 gloriolae
1496 2061 1594 2102 aucu-

394 2129 526 2202 pentur,
552 2123 724 2184 inutilibus
747 2123 1028 2202 disputationibus
1057 2130 1217 2203 tanquam
1245 2124 1447 2203 gladiatoriis
1475 2124 1595 2186 libellis

394 2206 561 2267 lacessunt
582 2206 801 2285 amplissimos
823 2207 919 2267 viros.
964 2206 1028 2267 Sed
1049 2207 1093 2267 ad
1117 2212 1211 2268 tuam
1232 2215 1436 2269 caeterarum
1458 2207 1595 2269 laudum
1608 2225 1641 2277 45

394 2291 543 2351 omnium
558 2289 786 2351 excellentiam
806 2290 889 2350 hanc
909 2308 1040 2370 quoque
1059 2290 1213 2351 accedere
1230 2291 1384 2352 decorum
1405 2291 1467 2352 tibi
1480 2298 1541 2364 est,
1556 2299 1596 2352 vt

392 2393 451 2434 eos
464 2374 518 2433 vel
534 2373 678 2453 negligas
693 2372 756 2445 vel,
772 2374 799 2433 si
814 2373 1009 2452 obiurgandi
1018 2379 1106 2446 sunt,
1116 2381 1255 2454 patemo
1264 2374 1408 2452 quodam
1417 2375 1595 2436 admoneas

393 2457 535 2530 affectu;
557 2456 690 2535 quando
704 2460 744 2517 tu
758 2456 890 2534 quidem
905 2457 939 2516 in
953 2458 1053 2517 sacris
1067 2457 1188 2518 litteris
1202 2458 1245 2519 ad
1260 2460 1434 2537 antiquum
1445 2458 1595 2519 decorem

394 2540 667 2619 splendoremque
681 2539 873 2600 reuocandis
887 2546 923 2601 et
937 2541 1085 2601 omnium
1099 2546 1249 2601 nostrum
1268 2549 1304 2602 et
1326 2541 1422 2602 huius
1436 2541 1538 2602 seculi
1561 2561 1595 2602 es

393 2630 499 2703 pater.
543 2623 632 2684 Illud
657 2623 737 2684 item
758 2624 948 2697 censuerim,
970 2644 1046 2685 cum
1067 2625 1133 2684 iam
1154 2630 1290 2704 accepta
1311 2625 1411 2704 vulgo
1432 2624 1594 2703 quaedam
1608 2641 1641 2690 50

393 2708 471 2781 sint,
495 2725 580 2785 quae
601 2713 720 2785 suapte
741 2712 861 2767 natura
882 2708 930 2768 ita
951 2706 1101 2768 redolent
1121 2709 1279 2787 pietatem
1302 2714 1342 2769 vt
1365 2708 1470 2768 solum
1496 2709 1595 2769 ineis

393 2790 485 2869 quod
499 2791 637 2851 nimium
652 2796 703 2851 est
714 2790 924 2851 subaccusari
934 2809 1029 2869 posse
1044 2791 1206 2863 videatur,
1223 2792 1308 2852 siout
1323 2797 1375 2852 est
1388 2791 1595 2869 quorundam

392 2881 583 2935 sanctorum
598 2874 767 2934 veneratio
781 2880 816 2934 et
829 2875 1034 2954 picturarum
1045 2874 1213 2946 crebritas,
1225 2894 1291 2935 non
1302 2895 1371 2936 esse
1382 2874 1595 2955 popularibus

392 2958 512 3019 studiis
527 2958 773 3019 obsistendum:
797 2976 864 3018 non
878 2958 958 3037 quin
973 2958 1081 3019 multo
1095 2960 1139 3019 sit
1154 2960 1275 3019 rectius
1289 2959 1385 3037 figere
1407 2959 1442 3019 in
1464 2958 1595 3020 Christo

391 3041 632 3121 cogitationum
647 3061 819 3113 summam,
835 3041 892 3101 sed
906 3060 1013 3120 neque
1027 3043 1092 3103 ista
1106 3060 1127 3101 a
1140 3041 1204 3102 fide
1219 3047 1332 3103 nostra
1344 3042 1450 3103 aliena
1460 3047 1549 3115 sunt,
1560 3048 1595 3104 et
1607 3056 1640 3107 55

392 3131 602 3287 ¹¹⁰}th
616 3123 1438 3288 tltballatam&'ababtibus
1456 3210 1530 3287 qus
1551 3209 1594 3269 a

391 3311 513 3370 quem;
534 3291 592 3352 sed
607 3293 746 3369 ignosce,
761 3292 806 3352 mi
821 3291 966 3363 Erasme,
978 3292 1135 3352 audaciae
1150 3312 1251 3353 meae.
1295 3292 1448 3353 Summus
1458 3292 1593 3370 quidam

391 3381 428 3436 et
450 3374 647 3436 incredibilis
662 3394 754 3436 meus
768 3376 802 3435 in
816 3381 851 3435 te
865 3394 958 3436 amor
973 3394 1025 3435 me
1040 3377 1127 3455 cogit
1142 3377 1194 3436 vti
1212 3375 1366 3438 libertate
1386 3377 1421 3437 in
1439 3376 1593 3449 amicitia,

391 3477 495 3539 prope
519 3458 563 3519 ad
588 3460 829 3520 temeritatem:
859 3477 1048 3537 quanquam
1072 3464 1111 3519 tu
1134 3459 1267 3537 quidem
1292 3479 1352 3539 pro
1378 3466 1437 3521 tua
1465 3463 1641 3520 summa⁶0

393 3542 598 3622 benignitate
620 3543 655 3603 in
676 3542 797 3603 bonam
819 3547 948 3620 partem
967 3543 1097 3621 accipis.
1141 3541 1205 3603 Sed
1219 3562 1279 3622 ego
1294 3563 1333 3603 ne
1349 3544 1409 3604 sim
1425 3542 1546 3614 saluus,
1567 3544 1595 3603 si

390 3627 569 3704 quicquam
583 3625 674 3686 aliud
688 3631 801 3705 specto
814 3625 878 3685 nisi
891 3625 1035 3703 quietem
1046 3634 1082 3686 et
1092 3625 1288 3705 dignitatem
1297 3632 1332 3686 et
1343 3626 1594 3706 amplitudinem

390 3717 506 3782 tuam;
529 3728 629 3788 quam
648 3727 777 3789 semper
794 3712 926 3769 tutatus
945 3728 1019 3770 sum
1038 3713 1083 3781 et,
1099 3715 1261 3787 quantum
1281 3710 1315 3769 in
1332 3729 1384 3769 me
1401 3709 1475 3781 fuit,
1493 3711 1593 3769 etiam

390 3793 547 3854 affectam
558 3793 711 3872 praemiis
725 3797 826 3870 atque
841 3797 992 3853 ornatam
1006 3811 1077 3853 esse
1091 3792 1191 3853 volui.
1235 3792 1354 3871 ltaque
1369 3791 1529 3864 recordor,
1541 3811 1594 3852 me

390 3874 561 3955 quondam
576 3875 727 3937 Pontifici
741 3875 895 3946 maximo,
911 3875 942 3935 ei
956 3877 1013 3954 qui
1023 3895 1110 3935 nunc
1122 3882 1182 3949 est,
1195 3894 1360 3936 suasorem
1372 3874 1472 3935 luisse
1483 3880 1522 3935 vt
1532 3874 1594 3935 tibi
1606 3877 1639 3935 ⁶5

390 3961 517 4039 insigne
541 3958 762 4020 sacerdotium
781 3958 948 4036 quoddam
971 3960 1005 4019 in
1028 3957 1203 4020 Germania
1227 3958 1391 4019 traderet:
1415 3958 1502 4037 quod
1528 3957 1592 4029 ille,

389 4062 459 4122 qua
473 4043 623 4103 bonitate
637 4047 688 4102 est
702 4048 737 4102 et
751 4041 862 4102 studio
875 4061 952 4121 erga
966 4042 1114 4104 homines
1133 4042 1257 4114 doctos,
1273 4049 1345 4103 erat
1358 4041 1516 4112 facturus,
1531 4041 1594 4101 nisi

389 4127 474 4188 certi
494 4125 781 4197 contradixissent,
804 4123 930 4203 hacque
949 4125 1107 4186 aduersus
1130 4132 1165 4186 te
1188 4126 1257 4185 nixi
1280 4125 1445 4186 calumnia
1469 4124 1593 4185 bonum

389 4212 539 4271 animum
554 4208 722 4270 Pontificis
737 4210 771 4268 in
785 4208 884 4269 aliam
906 4210 1084 4269 vertissent
1102 4215 1241 4287 partem.
1285 4207 1454 4270 Stunicam
1469 4214 1592 4279 autem,

389 4293 558 4355 hominem
572 4292 717 4364 doctum,
730 4291 947 4353 meditantem
956 4292 1115 4353 aduersus
1125 4298 1159 4352 te
1169 4290 1408 4370 ἀντιφωνήματα
1419 4290 1591 4370 quaedam,
1606 4301 1639 4351 70

388 4377 574 4438 autoritate
589 4383 623 4437 et
637 4375 789 4455 precibus
803 4374 846 4435 ab
866 4395 905 4436 ea
922 4375 1097 4436 voluntate
1118 4377 1348 4454 sententiaque
1370 4375 1510 4447 deduxi;
1532 4393 1592 4434 nec

388 4459 502 4540 quoad
516 4478 576 4538 ego
591 4460 696 4520 mansi
710 4459 846 4532 Romae,
862 4460 1038 4537 quicquam
1052 4458 1107 4519 ille
1121 4460 1155 4519 in
1170 4465 1204 4519 te
1218 4459 1358 4520 scribere
1372 4465 1423 4520 est
1438 4477 1546 4518 ausus.

432 4542 518 4618 Quid
551 4562 627 4622 ergo
657 4548 730 4603 est?
783 4542 854 4622 Ego
882 4541 972 4621 quod
996 4543 1031 4602 in
1056 4542 1117 4603 hoc
1140 4548 1269 4603 recente
1295 4542 1427 4604 Psalmo
1451 4541 1591 4602 duarum

789 4691 830 4738 50.
849 4682 967 4742 accepta
977 4676 1000 4727 J
1008 4695 1015 4726 ε
1034 4681 1149 4741 recepta
1160 4677 1199 4726 K.

421 4865 466 4914 68.
483 4863 565 4923 certi]
589 4861 730 4912 Alsander
748 4861 807 4911 and
829 4862 966 4912 Albertus
1016 4861 1071 4925 Ep.
1092 4874 1165 4923 1213.
1184 4874 1267 4925 24·37
1287 4859 1368 4909 Leo’s
1387 4860 1482 4910 action
1503 4859 1533 4910 in
1549 4876 1591 4911 re·

387 4931 474 4988 Pium
492 4929 528 4979 cl.
542 4929 597 4994 Ep.
610 4942 685 4992 ²⁴43·
699 4929 778 4990 285n,
791 4943 870 4992 324n.
1016 4927 1156 4991 straining
1172 4927 1290 4977 Stnnica
1305 4928 1329 4976 is
1345 4926 1510 4977 mentioned
1527 4927 1557 4978 in
1574 4944 1592 4978 a

421 5011 466 5061 7²·
484 4996 577 5046 mansi
605 4995 724 5056 Romae]
751 4995 883 5046 Sadoleto
908 5011 966 5046 was
1016 4999 1135 5044 context
1151 4995 1244 5044 which
1265 5000 1395 5071 suggesta
1418 4993 1484 5044 that
1505 4993 1590 5046 Sado-

386 5069 532 5128 sacretary
543 5069 576 5113 tc
586 5061 644 5113 Ιιοο
654 5075 677 5112 x
688 5063 761 5113 from
775 5075 899 5127 1513-23·
930 5062 966 5112 In
1016 5061 1074 5111 leto
1085 5076 1144 5111 was
1154 5060 1310 5112 concerned
1321 5076 1351 5110 ιιι
1363 5061 1395 5110 it.
