4042 5900
388 654 483 731 2475]
610 651 733 714 FROM
754 651 1068 716 CHRISTOPHER
1089 653 1366 716 FREISLEBEN
1519 654 1580 714 247

388 810 589 884 iuuantibus,
601 813 768 891 magisque
779 812 822 874 ob
833 812 867 874 id
878 812 1059 874 audaculus
1070 832 1170 893 quam
1182 812 1309 886 sciolus,
1322 812 1427 873 scribo
1438 834 1446 886 ;
1462 812 1581 892 quibus

385 901 421 955 et
436 896 462 955 si
477 895 557 973 quid
571 900 665 957 tuam
679 896 769 975 apud
777 896 1009 958 dexteritatem
1020 896 1163 969 effecero,
1175 896 1250 977 plus
1264 897 1326 957 hoc
1340 897 1469 957 nomine
1480 916 1580 976 quam
1595 916 1626 966 15

388 978 439 1038 his
453 977 556 1038 literis
570 985 742 1058 acceptum
757 980 903 1041 referam.
948 978 1089 1042 Obsecro
1098 981 1206 1059 igitur,
1221 979 1456 1053 candidissime,
1471 985 1511 1041 vt
1524 981 1581 1058 qui

389 1061 533 1140 vndique
554 1064 700 1141 gentium
722 1067 757 1124 ta
779 1064 840 1124 tibi
863 1063 1066 1124 vindicatum
1088 1070 1124 1124 et
1143 1063 1279 1124 similem
1293 1082 1363 1124 esse
1378 1062 1580 1142 praediceris,

389 1163 429 1204 ne
454 1146 580 1223 patiare
603 1147 754 1224 quamuis
780 1146 954 1208 obscurum
978 1166 1039 1220 me,
1065 1147 1217 1225 quamuis
1241 1145 1363 1207 nullius
1391 1147 1581 1207 autoritatis

390 1227 562 1301 hominem,
586 1230 666 1307 quin
688 1235 766 1290 tuae
791 1229 1025 1291 familiaritatis
1050 1229 1126 1290 albo
1150 1229 1419 1291 conscribendum
1441 1248 1579 1290 censeas.

389 1310 479 1371 Nihil
499 1318 621 1385 autem,
639 1314 763 1392 opinor,
783 1312 914 1374 vultum
933 1332 1037 1387 curas,
1058 1312 1237 1374 dummodo
1258 1312 1402 1373 conditio
1424 1331 1580 1386 morasus,
1595 1331 1628 1366 20

389 1412 492 1472 eaque
501 1396 629 1475 integra
639 1395 786 1456 nonnihil
796 1403 897 1475 atque
906 1396 989 1458 adeo
998 1403 1058 1457 tuo
1065 1396 1220 1477 amplexu
1230 1395 1337 1475 digna,
1348 1396 1410 1456 tibi
1420 1402 1580 1470 constent,

389 1496 475 1555 quae
492 1478 624 1556 quidem
646 1498 719 1540 mea
739 1480 821 1541 talia
841 1500 910 1540 esse
931 1480 1058 1559 tibique
1079 1480 1210 1560 depicta
1231 1479 1330 1541 velim
1349 1479 1460 1559 qualia
1474 1480 1533 1540 abs
1548 1486 1582 1541 te

388 1561 605 1639 probarentur
618 1564 769 1624 maxime.

431 1644 481 1705 Ne
496 1645 597 1724 igitur
610 1645 723 1707 audire
736 1647 889 1726 granum
933 1646 1019 1708 Nam
1041 1646 1200 1708 hactenus
1218 1645 1370 1707 omnibus
1389 1665 1471 1726 pene
1485 1647 1583 1708 sectis

391 1747 447 1806 per
468 1728 659 1789 decennium
681 1729 806 1792 obortis
826 1730 990 1791 mordicus
1010 1731 1142 1791 innixus
1163 1749 1246 1803 sum,
1268 1748 1372 1808 usque
1392 1729 1475 1791 adeo
1492 1736 1531 1791 vt
1547 1735 1582 1791 et
1595 1746 1628 1795 25

392 1810 554 1871 nonnullis
573 1811 716 1874 efflictim
734 1814 961 1892 patrocinatus
981 1813 1109 1874 luerim.
1154 1813 1275 1874 Verum
1289 1814 1352 1874 etsi
1366 1814 1467 1874 serius
1481 1813 1583 1875 ferme

391 1914 428 1953 ac
451 1894 583 1973 Phriges
605 1897 777 1976 sapuerim,
796 1902 907 1957 tamen
925 1896 1096 1969 Dominus,
1111 1896 1273 1957 fortitudo
1286 1915 1360 1958 mea
1373 1902 1409 1957 et
1422 1896 1582 1976 refugium

391 1997 509 2050 meum,
525 1997 576 2038 ms
591 1978 726 2040 tandem
739 1980 868 2059 eripuit,
880 1981 933 2040 oui
947 1980 991 2041 sit
1004 1985 1041 2040 et
1054 1981 1225 2060 imperium
1234 1987 1269 2042 et
1280 1986 1425 2059 potestas
1437 1981 1471 2040 in
1479 1986 1581 2042 aeter·

390 2080 479 2121 uum.
523 2061 637 2122 Amen.
680 2062 838 2124 Attamen
860 2082 903 2125 ne
924 2082 991 2124 vna
1014 2070 1048 2124 te
1070 2083 1112 2124 ex
1134 2062 1248 2125 multis
1269 2063 1356 2125 ratio
1379 2062 1493 2136 lateat,
1516 2083 1583 2142 qua

391 2144 589 2206 discesserim
604 2144 800 2220 haeresibus,
815 2152 854 2207 vt
865 2148 1013 2220 aestimo,
1024 2146 1219 2208 fortissima:
1242 2146 1311 2207 vidi
1324 2147 1411 2208 enim
1425 2151 1461 2207 et
1470 2146 1581 2226 explo·
1595 2160 1629 2210 30

391 2229 462 2288 raui
487 2227 666 2289 multorum
692 2230 726 2289 in
754 2230 849 2291 sectis
877 2230 1089 2303 versantium,
1119 2230 1234 2309 bimae
1262 2231 1340 2309 ipsis
1369 2232 1420 2306 (vt
1448 2234 1581 2310 putant)

391 2310 581 2372 adiumento
596 2314 816 2386 existentium,
832 2313 1037 2386 discordiam,
1053 2314 1306 2375 inconstantiam
1317 2318 1352 2374 et
1362 2314 1581 2392 iniquitatem,

391 2395 602 2455 insontissimi
626 2396 785 2475 euangelii
810 2398 915 2477 smcie
939 2402 1167 2476 praetextata;
1197 2416 1281 2475 quae
1306 2416 1358 2457 me
1382 2396 1582 2476 postliminio

390 2479 527 2556 resipere
542 2497 668 2539 necnon
681 2479 833 2541 ecclesiae
843 2481 1004 2541 unitatem
1015 2480 1166 2541 accedere
1177 2478 1414 2560 compulerunt.
1444 2479 1484 2540 Id
1493 2479 1583 2558 quod

391 2561 552 2640 plerisque
567 2562 686 2640 quibus
701 2568 774 2625 tum
787 2564 1014 2636 conuersabar,
1028 2565 1094 2625 iam
1108 2583 1174 2625 non
1188 2564 1321 2624 omnino
1338 2562 1479 2623 arridere
1493 2563 1580 2624 vide-
1595 2576 1627 2625 3⁵

391 2651 456 2716 tur,
473 2664 524 2704 me
538 2650 611 2705 tum
625 2646 817 2707 defectionis
831 2653 865 2707 st
879 2648 1118 2708 inconstantiae
1137 2646 1357 2725 arguentibus,
1373 2651 1446 2706 tum
1460 2665 1581 2719 rursus,

392 2733 431 2786 vt
452 2729 656 2807 poenitantes
676 2735 712 2790 et
733 2732 796 2809 ipsi
816 2730 860 2791 ad
880 2730 1047 2791 ecclesiam
1065 2729 1281 2791 vniuersalem
1295 2749 1316 2789 a
1329 2727 1582 2809 particularibus

391 2811 462 2871 istis
477 2813 627 2872 extrariis
642 2812 825 2886 deficerent,
840 2813 1081 2886 admonentem,
1101 2812 1388 2892 interrogantibus,
1405 2831 1582 2891 quamnam

392 2892 487 2955 hodie
506 2894 701 2957 catholicam
718 2896 886 2959 ecclesiam
904 2895 1026 2960 Christi
1049 2915 1172 2971 vocem,
1194 2903 1255 2959 aut
1273 2897 1331 2977 qui
1351 2897 1421 2957 eius
1441 2901 1582 2958 rectores

391 2979 457 3038 sint
479 2985 514 3038 et
536 2981 688 3059 episcopi,
714 2981 833 3060 quibus
855 2981 993 3060 denique
1016 2980 1109 3043 donis
1136 2979 1291 3061 polleant,
1315 2999 1381 3059 qua
1402 2981 1582 3042 autoritate
1595 2993 1629 3044 4⁰

391 3060 574 3140 quibusque
603 3064 837 3142 scripturarum
866 3065 1061 3125 testimoniis
1089 3071 1189 3143 agant
1217 3071 1252 3125 et
1279 3063 1444 3142 quomodo
1471 3070 1582 3142 agant,

391 3144 507 3204 deinde
527 3146 606 3223 quid
625 3149 763 3208 santiam
783 3148 824 3209 de
842 3149 1010 3227 primitiua
1024 3154 1058 3209 et
1072 3147 1256 3209 deriuatiua
1269 3145 1412 3219 ecclesia,
1427 3147 1581 3225 quemad-

391 3228 525 3288 modum
551 3231 699 3308 papistae
721 3236 816 3309 (quos
837 3237 971 3308 vocant)
994 3231 1179 3292 columbam
1201 3231 1291 3291 illam
1312 3231 1441 3290 vnicam
1462 3229 1583 3290 Christi

391 3310 589 3390 distinguere
609 3319 669 3373 aut
684 3314 828 3375 diuidere
848 3314 984 3376 soleant.
1029 3314 1155 3388 Quibus
1169 3313 1321 3394 respondi
1335 3311 1502 3374 Christum
1516 3312 1582 3373 non

391 3393 473 3454 adeo
485 3395 536 3455 vel
547 3395 707 3474 perfidum
717 3417 786 3458 esse
797 3397 849 3459 vel
865 3399 1030 3470 Proteum,
1041 3398 1098 3476 qui
1108 3398 1183 3477 plus
1197 3397 1284 3457 mille
1295 3397 1388 3457 annis
1401 3395 1580 3468 nobiscum,
1595 3409 1627 3459 45

391 3483 431 3537 vt
451 3479 610 3556 promisit,
630 3499 695 3540 non
717 3482 888 3542 mansisset
904 3487 966 3542 aut
978 3500 1013 3541 se
1027 3481 1192 3541 interdum
1214 3479 1423 3541 subduxisset
1436 3486 1497 3540 aut
1510 3498 1581 3539 sen·

392 3562 530 3621 tentiam
545 3563 760 3636 immutasset,
770 3563 831 3626 hoc
840 3571 952 3625 autem
967 3564 1122 3625 decennio
1137 3565 1255 3624 iterum
1264 3563 1387 3624 scilicet
1397 3562 1580 3623 reuelasset.

391 3641 617 3723 Sedinspiritu
625 3648 772 3708 extitisse
780 3667 846 3708 non
855 3654 985 3727 negant,
993 3653 1232 3727 negantautem
1239 3647 1474 3726 spiritusveros
1483 3645 1581 3706 luisse

391 3727 565 3789 ministros.
609 3728 699 3803 Quae
714 3749 791 3791 vero
805 3737 990 3791 monstrosa
1004 3731 1084 3791 haec
1097 3734 1133 3792 et
1146 3729 1301 3791 mutilata
1314 3735 1399 3790 esset
1412 3728 1568 3790 ecclesia?

432 3809 485 3870 Ad
509 3829 548 3872 ea
570 3813 650 3890 quid
678 3818 726 3887 tu,
751 3815 801 3874 vir
824 3814 1020 3887 doctissime,
1044 3813 1304 3893 respondendum
1326 3813 1472 3885 sentires,
1497 3817 1628 3873 esset50

390 3893 479 3971 quod
494 3894 702 3958 vehementer
712 3899 863 3977 optarim.
896 3896 1091 3976 Quanquam
1102 3902 1137 3958 et
1146 3915 1205 3975 ego
1219 3896 1293 3958 fidei
1306 3915 1398 3958 meae
1412 3897 1581 3969 rationem,

390 3983 429 4036 vt
450 3995 591 4055 aequum
614 3986 674 4052 est,
694 3980 759 4041 illis
780 3981 933 4042 exhibere
952 3980 1159 4054 decreuerim,
1181 3984 1219 4040 at
1237 3999 1339 4041 vnum
1360 3985 1420 4040 aut
1440 3979 1582 4040 alterum

391 4060 480 4138 quod
501 4061 561 4121 abs
583 4068 616 4122 te
633 4063 817 4143 profectum
836 4064 981 4125 viderem
997 4065 1134 4125 verbum
1151 4082 1217 4124 non
1234 4063 1440 4124 mediocriter
1455 4068 1490 4122 et
1507 4081 1580 4122 oon·

391 4142 462 4203 silio
491 4144 576 4205 ioret
604 4153 639 4206 et
667 4147 889 4209 consolationi.
939 4147 980 4208 Id
1009 4147 1098 4226 quod
1126 4148 1258 4208 minime
1282 4146 1342 4207 hac
1370 4144 1582 4225 improbitate

390 4233 627 4305 extorquerem,
645 4232 707 4291 nisi
730 4250 790 4310 pro
814 4237 873 4292 tua
892 4230 1053 4310 dignitate
1077 4230 1138 4291 hoc
1157 4249 1276 4310 posses,
1300 4231 1366 4290 im0
1384 4247 1451 4289 non
1471 4247 1582 4308 posses
1594 4239 1626 4288 55

390 4328 450 4388 pro
472 4316 532 4372 tua
551 4311 757 4375 humanitate
775 4333 841 4375 non
860 4333 1012 4393 quenque
1033 4316 1156 4388 iuuare,
1176 4320 1247 4375 tam
1261 4312 1355 4374 abest
1373 4318 1412 4373 vt
1429 4312 1464 4372 in
1481 4331 1533 4373 me
1547 4310 1582 4373 id

390 4393 523 4472 pietatis
538 4395 633 4475 officii
646 4416 713 4457 non
727 4397 917 4477 dispendere
932 4397 1022 4459 velis.

432 4475 603 4539 Caeterum
627 4487 666 4540 vt
688 4487 723 4542 et
747 4481 905 4560 reliquam
927 4482 1016 4541 vitae
1037 4500 1129 4542 meae
1150 4480 1272 4541 babeas
1292 4479 1522 4552 conditionem,
1547 4479 1581 4538 in

390 4559 458 4619 diui
481 4560 628 4623 Mauricii
644 4563 779 4644 collegio
799 4585 820 4626 a
841 4563 959 4625 scholis
977 4584 1082 4644 nuper
1100 4582 1169 4625 esse
1183 4565 1283 4644 coepi,
1299 4563 1418 4643 quibus
1431 4581 1497 4624 non
1511 4568 1582 4623 tam

390 4661 462 4704 mea
477 4643 654 4724 diligentia,
670 4653 845 4727 utcunque,
861 4667 961 4726 quam
976 4649 1044 4708 tuis
1057 4666 1142 4726 quae
1156 4646 1274 4709 scholis
1288 4648 1409 4726 passim
1424 4645 1580 4707 dedicasti
1594 4643 1629 4691 ⁶⁰

390 4727 555 4804 opusculis
569 4730 722 4808 prodesse
737 4731 908 4793 contendo.
952 4730 1109 4804 Quamuis
1123 4736 1158 4791 et
1172 4729 1224 4791 hic
1238 4736 1325 4791 esset
1339 4729 1428 4808 quod
1442 4736 1476 4790 te
1490 4747 1581 4807 roga-

390 4829 466 4881 rem,
489 4812 578 4888 quod
601 4832 669 4874 rem
689 4815 847 4876 attineret
866 4813 1103 4887 scholasticam,
1123 4833 1239 4894 nempe
1258 4812 1534 4893 orthographiam,
1548 4812 1583 4872 in

393 4946 620 4955 -——————.-—

817 5029 858 5081 27·
876 5015 1003 5082 Phrigss]
1016 5016 1104 5079 Aaou.
1117 5016 1158 5066 28.
