4042 5900
324 671 419 751 2432]
750 667 807 731 ΤΟ
827 667 945 732 JOHN
966 667 1091 732 MORE
1458 671 1518 733 135

323 846 417 889 orsus
431 826 475 889 ad
489 826 628 907 Logicen
641 827 791 889 deducit:
814 827 890 889 hinc
906 829 1051 889 moribus
1070 829 1159 889 omni
1176 847 1218 889 ex
1234 833 1329 909 parte
1346 828 1518 908 diligenter
1529 849 1563 897 ω

323 911 502 984 instructis,
525 930 584 991 per
604 912 727 972 omneis
748 916 884 971 naturae
909 913 1032 990 parteis
1049 912 1268 973 circunducit:
1290 918 1455 992 postremo
1473 912 1518 973 ad

323 1013 461 1074 eaquae
475 1000 628 1055 naturam
643 994 846 1055 humiliorem
866 1000 1031 1075 superant,
1046 995 1166 1068 euehit,
1181 1015 1284 1073 usque
1298 995 1342 1056 ad
1356 1015 1517 1057 summam

323 1077 414 1138 illam
428 1083 571 1139 mentem
585 1096 669 1156 quae
683 1086 816 1157 superat
830 1097 958 1139 omnem
972 1077 1183 1139 intellectum.
1221 1078 1313 1140 Vnde
1323 1098 1390 1140 non
1400 1080 1518 1140 iniuria

324 1160 368 1221 Μ.
392 1160 527 1234 Tullius,
549 1160 804 1240 haudquaquam
824 1161 976 1240 stupidus
994 1163 1196 1241 ingeniorum
1215 1163 1415 1235 aestimator,
1430 1162 1516 1224 hunc

324 1263 426 1304 vnum
440 1243 587 1324 appellat
597 1262 731 1304 aureum
740 1243 859 1305 flumen
862 1246 991 1323 ‚aptius
1002 1263 1075 1305 mea
1085 1246 1247 1306 sententia
1257 1245 1403 1307 dicturus
1414 1247 1517 1307 totius
1530 1265 1563 1323 65

323 1328 503 1406 sapientiae
517 1326 713 1388 ditissimum
727 1326 890 1406 quendam
909 1327 1078 1388 mundum.
1121 1327 1184 1389 Sed
1204 1327 1232 1390 0
1250 1328 1369 1406 Κρόνον
1382 1329 1517 1390 deorum

323 1410 627 1483 inuidentissimum,
639 1411 691 1471 cui
704 1429 820 1489 parum
831 1416 881 1471 est
891 1410 1026 1471 exedere
1035 1429 1198 1473 marmora
1207 1417 1242 1472 et
1250 1431 1326 1472 aera
1327 1431 1518 1492 ‚corporum

322 1494 487 1573 imagines,
502 1512 564 1555 mar
555 1494 626 1554 et
617 1512 817 1573 mgemorum
825 1500 1038 1555 monumenta
1047 1493 1101 1555 vel
1111 1495 1246 1556 deuoret
1256 1495 1309 1556 vel
1319 1500 1517 1575 corrumpat

325 1576 408 1637 Tam
422 1577 606 1674 opulentus,
621 1582 691 1637 tam
705 1576 951 1638 inaestimabilis
965 1577 1138 1639 thesaurus
1149 1578 1262 1639 nobis
1253 1598 1286 1639 ιιι
1297 1585 1406 1640 totum
1417 1580 1517 1659 perie-

325 1666 388 1734 rat,
403 1662 465 1721 nisi
478 1679 536 1740 per
550 1660 686 1721 Lucium
697 1658 821 1740 Syllam
830 1660 945 1721 fuisset
955 1661 997 1722 ab
1009 1680 1085 1722 orco
1099 1660 1262 1735 reductus,
1278 1681 1344 1741 quo
1358 1662 1411 1723 vel
1422 1664 1518 1723 vnico
1530 1693 1564 1744 70

324 1743 520 1805 beneficio
488 1763 539 1803 ιιι
552 1742 606 1804 ille
617 1748 719 1805 semet
730 1744 772 1804 ab
787 1744 947 1805 inuidioso
961 1746 1107 1805 conuicio
1117 1744 1281 1806 vindicare
1295 1751 1436 1825 poterat,
1451 1764 1518 1825 quo

325 1826 567 1888 contumeliosis
591 1826 737 1887 versibus
759 1827 821 1887 sibi
843 1827 922 1887 felix
945 1828 1053 1888 dictus
1077 1833 1137 1900 est,
1160 1847 1226 1889 non
1249 1827 1388 1908 Reipub.
1432 1828 1518 1890 Nam

324 1909 509 1971 Aristotelis
533 1909 845 1971 lucubrationibus
835 1930 869 1971 ιιι
891 1910 996 1971 lucem
1021 1912 1191 1984 reuocatis,
1217 1930 1283 1973 non
1305 1913 1362 1972 vni
1385 1918 1518 1973 tantum

325 1993 407 2066 vrbi‚
422 1992 480 2054 sed
494 1994 645 2053 uniuerso
659 1992 730 2054 orbi
743 1992 822 2054 felix
841 1993 906 2054 dici
923 1995 1112 2073 promeruit.
1155 1993 1219 2055 Sed
1232 1995 1293 2055 hoc
1308 1996 1463 2074 gaudium
1477 1994 1518 2057 de

325 2082 457 2156 recepto
478 2075 654 2138 Aristotele
673 2093 739 2136 non
757 2076 911 2137 mediocri
930 2076 1040 2138 dolore
1055 2079 1253 2157 temperauit
1267 2077 1423 2152 Nemesis,
1438 2078 1518 2139 dum
1531 2110 1564 2162 75

325 2165 515 2239 reputamus
534 2178 633 2239 quam
654 2158 760 2220 multa
781 2178 892 2220 rursus
910 2178 951 2220 ex
973 2160 1069 2221 huius
1091 2160 1279 2241 Philosophi
1300 2164 1518 2223 monumentis

325 2242 548 2304 interciderint
576 2261 659 2322 quae
684 2244 781 2340 prisci
805 2244 977 2322 scriptores
1001 2250 1167 2305 testantur
1191 2244 1234 2305 ah
1258 2264 1297 2306 eo
1319 2247 1517 2325 composita·

324 2327 419 2386 aiunt
432 2327 518 2387 enim
532 2325 624 2386 illum
639 2327 802 2406 scripsisse
816 2325 915 2387 libros
929 2325 1037 2406 plures
1052 2328 1214 2389 trecentis.
1258 2327 1418 2408 Diogenes
1432 2347 1518 2389 sum·

324 2428 413 2470 mam
427 2410 580 2470 aestimat
594 2410 741 2470 versibus
755 2428 854 2489 supra
868 2411 1039 2489 quinquies
1053 2410 1141 2472 mille
1158 2413 1311 2472 trecentis
1324 2416 1360 2472 et
1373 2413 1518 2491 triginta.

324 2491 410 2553 Nam
425 2493 521 2571 prisci
534 2492 641 2554 solent
654 2511 807 2553 versuum
821 2512 956 2554 numero
966 2495 1093 2572 signare
1106 2493 1309 2556 voluminum
1323 2495 1518 2575 magnitudi-
1532 2513 1566 2563 80

324 2594 408 2648 nem,
423 2574 527 2636 veluti
540 2582 620 2637 nota
634 2577 778 2649 certiore,
793 2576 882 2655 quod
896 2576 971 2637 libri
984 2576 1172 2656 frequenter
1185 2579 1251 2638 sint
1261 2577 1446 2657 inaequales
1460 2597 1520 2657 pro

324 2659 591 2738 materiaecopia.
634 2658 698 2720 Sed
712 2660 808 2720 huius
822 2661 966 2721 iacturae
981 2659 1164 2721 molestiam
1175 2660 1392 2741 qualicunque
1403 2661 1519 2723 solatio

325 2743 488 2821 mitigant,
510 2742 599 2821 quod
620 2743 714 2803 aiunt
733 2761 853 2822 paucos
868 2743 1008 2822 quidem,
1024 2744 1081 2803 sed
1101 2746 1242 2823 optimos
1261 2763 1407 2824 quosque
1425 2745 1520 2806 nobis

324 2844 393 2887 esse
418 2824 603 2887 incolumes.
648 2825 820 2887 Vniuersos
842 2833 954 2888 autem
977 2827 1129 2905 redigrmt
1156 2827 1200 2889 ad
1224 2834 1368 2907 quatuor
1391 2828 1519 2902 classes,

326 2927 466 2988 quarum
480 2910 585 2989 prima
599 2910 745 2971 continet
759 2928 814 2972 eos
833 2910 890 2989 qui
910 2910 1038 2971 dicendi
1060 2911 1339 2992 persuadendique
1360 2913 1519 2974 rationem
1532 2931 1565 2993 85

326 2992 473 3054 tradunt
506 2992 558 3054 Ad
582 2993 666 3054 hanc
689 2993 801 3054 referri
826 2998 965 3091 possunt
991 3013 1031 3055 ea
1055 2995 1204 3074 quaeda
1229 2996 1370 3068 Poetica‚
1396 2995 1521 3057 Musica

328 3075 576 3155 Prouerbiisque
590 3078 727 3156 scripsit,
739 3081 800 3138 aut
816 3077 946 3156 siquod
964 3083 1016 3138 est
1030 3077 1121 3139 aliud
1135 3078 1247 3140 simile.
1291 3077 1448 3153 Secunda,
1464 3081 1521 3158 qui

327 3159 504 3220 disserendi
517 3160 796 3239 ratiocinandique
811 3162 979 3221 scientiam
993 3161 1122 3222 docent.
1166 3161 1277 3223 'l'ertia
1291 3163 1347 3242 qui
1365 3161 1521 3224 moralem

326 3243 520 3321 ciuilemque
545 3243 747 3323 disciplinam
772 3243 920 3305 tradunt.
963 3244 1089 3342 Quarta
1113 3246 1171 3324 qui
1195 3245 1236 3307 de
1256 3245 1462 3307 naturalibus
1482 3265 1520 3306 ac

326 3326 629 3405 supernaturalibus
653 3332 810 3388 tractant.
853 3326 949 3388 Nunc
974 3328 1113 3407 quidm
1141 3347 1271 3408 quaque
1299 3328 1400 3390 classe
1427 3330 1567 3410 nobis90

326 3411 458 3489 perierit
471 3415 531 3470 aut
541 3415 643 3483 extet,
659 3409 774 3471 velut'
764 3430 798 3471 ιιι
812 3410 936 3484 tabula,
953 3411 1015 3471 tibi
1028 3411 1211 3491 depingam.

369 3491 409 3552 In
423 3493 537 3572 prima,
552 3512 645 3572 quae,
661 3499 700 3554 vt
715 3493 792 3567 dixi,
808 3493 1005 3555 Rhetoricen
1024 3494 1130 3568 docet,
1146 3497 1203 3573 qui
1223 3494 1337 3556 Graeci
1350 3501 1468 3557 extant
1487 3496 1521 3557 hi

327 3580 423 3636 sunt:

370 3657 848 3720 RhetoricesadTheodectum
859 3660 933 3721 hbrr
941 3666 1008 3720 tres
1010 3679 1130 3738 ,quum
1139 3660 1288 3723 Laertrus
1298 3681 1364 3723 non
1373 3667 1522 3724 numeret

327 3743 389 3802 nisr
381 3742 491 3815 '‚duos
504 3748 630 3804 testans
641 3748 752 3804 tamen
763 3742 854 3804 illum
864 3743 904 3804 de
916 3742 1094 3804 Rhetorica
1103 3744 1153 3804 bis
1163 3743 1292 3805 duobus
1303 3744 1567 3826 voluminibus95

327 3831 493 3887 tractasse.
537 3825 589 3887 Ad
613 3825 836 3887 Alexandrum
857 3827 907 3888 De
932 3827 1082 3887 ciuilibus
1102 3829 1304 3889 sermonibus
1325 3828 1406 3890 liber
1427 3849 1520 3891 vnus

325 3909 375 3970 Dc
390 3909 522 3971 Poetica
535 3908 617 3969 liber
631 3929 725 3970 vnus.

369 3991 410 4052 In
424 3991 574 4065 secunda,
590 4011 674 4071 quae
688 3992 887 4054 Dialecticen
902 3993 1016 4066 tradit,
1030 4001 1148 4055 extant
1162 3994 1260 4056 haec:

369 4075 418 4136 De
443 4075 717 4137 Praedicamentis
743 4076 855 4138 decem
875 4075 956 4138 liber
977 4096 1071 4138 vnua.
1114 4078 1164 4139 De
1185 4078 1421 4141 Enunciatione
1442 4078 1523 4141 liber

328 4178 422 4232 vnus,
445 4178 542 4238 quem
565 4178 651 4220 nunc
674 4166 787 4220 secant
811 4161 845 4221 in
871 4159 962 4222 duos.
1005 4160 1254 4240 Analyticorum
1277 4163 1425 4224 Priorum
1447 4161 1522 4224 libri
1537 4195 1585 4232 100

327 4261 454 4315 nouem,
466 4261 568 4321 quum
579 4243 673 4303 nobis
683 4249 799 4304 extent
813 4249 945 4305 tantum
959 4243 1044 4317 duo;
1059 4245 1121 4305 nisi
1135 4245 1282 4306 fortassis
1296 4246 1427 4319 bisunt,
1439 4265 1522 4325 quos

328 4325 477 4387 Laertius
498 4325 558 4386 hoo
579 4325 679 4387 titulo
700 4332 942 4399 commemorat,
964 4326 1231 4407 Syllogismorum
1252 4328 1327 4390 duo.
1371 4328 1521 4408 Analyti·

327 4428 439 4470 corum
454 4409 674 4470 Posteriorum
689 4411 757 4471 siue
772 4410 1096 4472 Demonstrationum
1116 4411 1189 4473 libri
1208 4411 1283 4474 duo.
1327 4413 1522 4492 Topicorum

328 4492 402 4553 libri
426 4498 511 4553 octo.
555 4492 772 4554 Elenchorum
793 4493 875 4554 liber
899 4512 993 4567 vnus,
1019 4513 1117 4573 quem
1141 4497 1344 4575 nescioquis
1364 4498 1468 4557 secuit
1488 4497 1523 4556 in

310 4575 419 4638 ·duos.
1537 4610 1584 4659 105

369 4658 410 4719 In
424 4661 532 4731 tertia,
547 4678 631 4738 quae
646 4659 782 4721 Moralia
796 4661 952 4733 continet,
967 4659 1047 4722 haec
1061 4668 1253 4742 supersunt:

370 4742 562 4804 Ethicorum
583 4742 627 4804 ad
647 4743 883 4805 Nicomachum
902 4742 959 4806 lib.
979 4742 1100 4806 decem.
1143 4744 1335 4807 Ethicorum
1354 4744 1398 4807 ad
1415 4744 1520 4806 Eude-

363 5042 404 5093 70·
422 5024 916 5096 cyum1800P1uc.‚Scua‚cap.2c.
1001 5041 1043 5092 72.
1061 5029 1201 5092 renibus]
1217 5028 1260 5081 Oi.
1273 5029 1352 5082 Suet.
1365 5029 1427 5082 Tib.
1439 5044 1481 5094 59.
