4042 5900
387 671 485 751 2384]
753 671 877 735 FROM
897 671 1015 735 JOHN
1036 672 1213 736 CHOLER
1546 676 1587 735 49

388 834 453 894 bus
472 832 573 911 copiis
598 832 632 892 in
654 832 823 893 Pannonia
848 831 990 894 confines
1013 832 1167 894 Austriae
1188 834 1352 895 inuadere.
1397 833 1469 895 Hoc
1490 833 1589 913 plane

387 921 533 989 constat,
548 916 669 995 passim
684 914 735 975 his
749 916 870 976 nostris
885 916 1069 994 regionibus
1083 916 1226 977 militum
1237 917 1401 978 delectum
1416 917 1494 991 fieri,
1506 937 1589 996 quos

388 1002 424 1061 in
446 1000 614 1060 Austriem
636 1006 671 1060 et
692 998 819 1071 iudaei
838 998 909 1059 fieri
923 1000 1036 1079 possit,
1053 999 1229 1061 Pannoniis
1244 1000 1424 1061 subsidium
1440 1001 1588 1062 mittant.

389 1082 510 1145 Omnia
531 1082 705 1143 turbarum
727 1082 825 1161 plena
846 1087 934 1143 sunt.
989 1081 1074 1144 Sunt
1089 1085 1146 1161 qui
1159 1089 1236 1163 post
1250 1082 1397 1145 Caesaris
1412 1084 1588 1145 discessum
1602 1107 1635 1158 4⁵

389 1168 503 1228 omnia
516 1164 770 1239 turbulenoiora‚
785 1166 936 1244 grauiora
955 1170 990 1226 et
1008 1166 1239 1245 periculosiora
1258 1173 1478 1246 augmentum
1500 1167 1590 1246 quod

389 1249 524 1329 quidem
547 1249 629 1310 mihi
651 1267 782 1328 quoque
803 1247 980 1328 plurimum
1003 1250 1149 1311 timetur.
1193 1249 1313 1311 Verum
1334 1250 1414 1311 haec
1432 1250 1474 1311 de
1493 1250 1590 1311 rebus

390 1332 532 1414 publicis
546 1332 627 1393 satis
638 1351 801 1410 superque
811 1354 818 1403 ;
841 1331 921 1392 mibi
936 1333 1155 1393 constitutum
1167 1340 1217 1395 est
1228 1335 1374 1413 praecari
1385 1335 1591 1413 prosperiora

390 1422 426 1478 et
441 1416 525 1477 ferre
540 1435 646 1494 aequo
660 1417 771 1476 animo
785 1434 999 1494 quaecunque
1014 1415 1128 1477 futura
1143 1422 1230 1477 sunt.

434 1498 608 1561 Caeterum
630 1497 796 1560 Antonius
816 1505 928 1559 noster
948 1499 1030 1559 mibi
1050 1501 1214 1560 commisit
1235 1506 1273 1560 vt
1295 1500 1357 1561 tibi
1378 1500 1591 1579 significarem
1604 1525 1637 1573 5⁰

391 1582 474 1643 nihil
496 1588 531 1644 te
551 1582 600 1643 illi
620 1583 746 1661 gratius
766 1581 873 1643 iacere
894 1601 989 1661 posse
1010 1601 1110 1661 quam
1132 1588 1171 1643 vt
1190 1590 1225 1644 te
1244 1582 1422 1661 aliquando
1436 1583 1500 1644 huc
1515 1603 1590 1644 con·

392 1666 497 1727 ieras:
520 1668 555 1726 in
577 1686 642 1744 quo
663 1666 726 1726 tibi
744 1684 812 1726 non
831 1665 937 1726 solum
952 1664 1104 1726 fortunas
1118 1685 1193 1727 suas
1208 1666 1265 1727 sed
1280 1672 1314 1727 et
1329 1668 1476 1747 proprias
1490 1668 1591 1727 etiam

393 1749 493 1810 aedes
522 1749 585 1809 tibi
615 1756 750 1828 paratas
776 1748 883 1809 offert.
936 1747 1242 1810 Reuerendissimus
1271 1749 1454 1829 Episcopus
1481 1750 1591 1828 Augu·

393 1833 550 1909 sten<sis>
565 1839 678 1893 noster
692 1832 843 1911 proximo
858 1851 1034 1911 congressu
1053 1832 1139 1894 idem
1154 1833 1217 1893 tibi
1231 1832 1425 1913 spondebat,
1441 1832 1539 1912 idque
1558 1839 1593 1893 et

393 1916 517 1977 crebris
531 1915 620 1975 illius
634 1914 754 1976 litteris
772 1914 954 1994 intelligere
968 1916 1117 1994 potuisti.
1149 1916 1219 1995 Ego
1229 1923 1341 1976 autem
1351 1935 1412 1995 pro
1421 1916 1509 1976 virili
1519 1935 1593 1976 mea
1605 1940 1637 1989 55

394 1999 458 2060 tibi
479 1998 625 2078 spondeo
646 2006 681 2060 et
701 2000 872 2078 promitto,
887 2017 1050 2077 nusquam
1067 2005 1100 2059 te
1115 2000 1149 2059 in
1167 2006 1241 2061 toto
1257 2000 1335 2060 orbe
1350 2000 1472 2060 rectius
1487 2000 1592 2060 vitam

393 2083 568 2145 traducere
588 2088 624 2142 et
642 2082 846 2143 commodius
865 2101 1094 2143 consenescere
1113 2102 1209 2162 posse
1228 2102 1327 2161 quam
1350 2082 1402 2143 bio
1422 2083 1592 2143 nobiscum

394 2167 573 2245 Augustae,
596 2166 630 2225 in
650 2165 732 2226 vrbe
753 2164 836 2226 adeo
858 2184 997 2226 amaena
1012 2185 1186 2244 rerumque
1202 2168 1349 2227 omnium
1369 2167 1472 2245 eopia.
1516 2165 1592 2227 Non

393 2250 536 2311 deerunt
550 2249 613 2309 tibi
627 2248 724 2309 aedes
739 2250 997 2321 amaeniss'imae‚
1014 2249 1102 2309 horti
1111 2255 1146 2310 et
1160 2268 1305 2310 secessus
1316 2250 1373 2309 vbi
1385 2268 1468 2329 opus
1479 2249 1591 2322 fuerit,

395 2334 494 2394 amici
509 2332 662 2394 beneuoli
675 2337 710 2393 et
721 2331 891 2405 liberales;
913 2337 1028 2410 gratus
1042 2332 1175 2393 iuturus
1191 2352 1225 2393 es
1236 2333 1399 2405 omnibus,
1415 2332 1514 2394 modo
1528 2332 1592 2393 huo
1605 2345 1639 2393 60

395 2417 534 2478 veneris.
578 2414 673 2476 Facti
694 2433 865 2494 nunquam
886 2415 1087 2494 paenitebit;
1109 2436 1187 2477 nam
1209 2422 1388 2495 utcumque
1402 2435 1453 2477 res
1468 2435 1591 2478 succes·

395 2501 510 2574 serint,
531 2500 638 2561 tutius
661 2499 696 2559 in
718 2505 793 2560 tota
811 2498 987 2560 Germania
1006 2519 1170 2577 nmquam
1187 2499 1321 2560 futurus
1336 2500 1400 2561 eris
1415 2519 1515 2578 quam
1530 2498 1592 2560 hic.

395 2584 484 2645 Nam
506 2581 587 2661 quid
607 2581 749 2643 Galliam
771 2581 824 2642 vel
846 2581 1065 2643 Brabanciam
1086 2589 1190 2662 petas,
1206 2583 1384 2645 diiudicare
1399 2586 1503 2660 no<n>
1519 2602 1592 2662 pos·

396 2686 489 2740 sum;
510 2685 576 2745 quo
591 2666 679 2726 enim
694 2666 806 2726 animo
821 2665 900 2726 olim
915 2666 950 2725 in
970 2672 1003 2726 te
1023 2666 1148 2727 fuerint
1169 2667 1317 2728 homines
1338 2666 1469 2727 illarum
1492 2667 1592 2745 regio-

395 2769 488 2822 num,
504 2749 602 2829 plane
613 2750 711 2810 nosti.
754 2748 808 2809 An
823 2748 905 2809 alios
919 2748 1065 2810 induisse
1080 2769 1187 2811 mores
1206 2755 1343 2811 censes?
1372 2750 1493 2812 Verum
1509 2768 1593 2828 quae
1607 2761 1640 2822 65

396 2842 459 2895 tua
473 2839 525 2894 est
539 2832 729 2913 prudencia,
740 2838 829 2892 recte
844 2838 879 2893 te
893 2833 1005 2893 omnia
1016 2833 1246 2894 consulturum
1258 2839 1341 2913 puto
1352 2840 1395 2907 et,
1408 2833 1497 2912 quod
1509 2833 1593 2912 opti-

397 2936 490 2979 mum
501 2916 594 2978 iactu
605 2916 668 2978 erit
679 2934 739 2997 pro
755 2916 883 2977 ratione
898 2921 1095 2997 temporum,
1108 2923 1142 2978 te
1153 2920 1399 2996 ar<r>epturum
1411 2917 1593 2980 consilium.

396 3002 469 3062 Nos
488 3001 540 3062 hic
561 3000 625 3061 tibi
649 3019 777 3080 semper
800 3000 1056 3061 studiosissimos
1077 3006 1112 3060 et
1134 3000 1354 3061 deditissimos
1372 3001 1516 3063 babebis.
1561 2999 1595 3061 Si

395 3083 477 3164 quid
493 3085 658 3156 statueris,
675 3103 753 3162 rogo
767 3102 828 3144 nos
843 3084 877 3143 in
892 3090 1040 3163 tempore
1055 3085 1208 3145 certiores
1222 3083 1334 3146 facias.

440 3166 607 3229 Antonius
621 3167 663 3228 de
677 3172 810 3227 nectare
825 3166 961 3227 deorum
976 3167 1137 3228 missurus
1150 3174 1201 3228 est
1216 3187 1292 3228 cum
1311 3168 1453 3248 primum
1469 3167 1596 3228 occasio
1608 3189 1642 3239 70

397 3253 472 3314 erit.
516 3250 658 3312 Vaetera
673 3251 751 3311 vina
765 3250 860 3311 nobis
875 3270 942 3312 non
961 3250 1156 3330 probantur.
1200 3251 1295 3313 Infra
1313 3251 1433 3313 mensis
1448 3251 1595 3329 spacium

398 3355 440 3396 ex
467 3333 567 3395 Italia
589 3334 725 3395 venient
750 3353 856 3407 noua3
891 3335 1063 3395 mittemus
1086 3335 1250 3414 specimen
1279 3333 1421 3412 aliquod,
1451 3332 1540 3412 quod
1569 3332 1597 3392 si

397 3419 585 3498 gustaueris
608 3422 643 3478 et
664 3416 864 3497 probaueris,
886 3436 947 3498 pro
969 3418 1065 3497 copia
1083 3418 1146 3479 tibi
1160 3418 1272 3479 licebit
1286 3417 1469 3478 destinare:
1492 3415 1595 3476 Anto·

398 3504 476 3564 nius
490 3501 578 3562 enim
593 3507 706 3562 noster
720 3500 802 3561 nihil
817 3501 920 3580 magis
935 3506 1032 3580 optat
1052 3520 1151 3580 quam
1167 3503 1196 3562 si
1210 3502 1326 3579 queuis
1345 3518 1380 3561 re
1395 3499 1458 3560 tibi
1472 3517 1597 3559 morem

398 3604 512 3665 gerere
526 3585 639 3664 possit.
684 3584 847 3645 Proximis
862 3583 943 3644 meis
962 3583 1084 3645 litteris
1106 3585 1179 3645 misi
1198 3583 1340 3645 inclusas
1362 3582 1451 3644 illius
1468 3583 1598 3643 litteras
1611 3605 1643 3656 75

399 3669 445 3730 ad
459 3669 701 3748 negociatorem
716 3667 882 3746 quendam
897 3667 1115 3747 Antwerpiae,
1131 3669 1184 3728 cui
1203 3668 1332 3746 scripsit
1347 3672 1387 3727 vt
1401 3666 1445 3727 ad
1459 3666 1594 3744 requisi-

399 3754 526 3815 tionem
541 3757 635 3812 tuam
650 3751 703 3811 vel
718 3757 852 3812 tuorum
867 3750 1083 3830 Anglicanam
1094 3758 1188 3811 tuam
1199 3753 1387 3831 pensionem
1399 3749 1461 3810 tibi
1471 3748 1598 3811 saluam

400 3838 575 3897 statueret.
627 3833 661 3895 Si
686 3833 766 3913 qnid
791 3834 933 3914 amplius
962 3833 1050 3894 illius
1072 3834 1135 3895 tibi
1163 3855 1261 3914 opera
1283 3834 1438 3913 prodesse
1463 3833 1597 3913 poterit,

400 3917 598 3999 significabis
613 3917 692 3996 quid
706 3917 775 3978 fieri
790 3918 881 3991 velis,
896 3924 931 3978 et
945 3917 1073 3978 factum
1087 3924 1215 3998 putato.

444 4000 597 4062 Hominis
611 4000 699 4061 illius
718 4003 824 4062 nostri
844 4002 879 4061 in
901 4005 935 4061 te
956 4001 1104 4061 animum
1126 4000 1272 4062 Antonio
1292 4005 1408 4061 nostro
1427 3999 1525 4080 plane
1544 4018 1597 4059 ex·
1612 4008 1645 4057 80

401 4085 516 4166 posui;
539 4085 596 4162 qui
610 4085 707 4144 vnico
721 4084 824 4145 verbo
838 4084 918 4144 mihi
933 4084 1102 4164 respondit
1113 4086 1194 4145 seire
1209 4104 1243 4145 se
1257 4084 1350 4144 illum
1365 4083 1459 4144 nihili
1473 4102 1552 4155 esse,
1565 4088 1600 4142 et

402 4189 437 4229 se
452 4167 610 4228 leuissimi
624 4168 765 4228 hominis
779 4168 980 4228 leuissimum
995 4168 1161 4247 ingenium
1176 4168 1368 4248 iampridem
1383 4168 1550 4246 cognitum
1565 4171 1601 4225 et

402 4256 611 4331 perspectum
627 4250 789 4324 habuisse,
804 4270 864 4312 neo
882 4251 1002 4311 mirum
1022 4250 1126 4311 videri
1141 4253 1168 4311 si
1183 4250 1261 4329 quid
1276 4270 1429 4331 peruerse
1444 4255 1523 4329 aget
1536 4254 1598 4308 etc.

402 4334 517 4396 Habes
536 4335 637 4413 igitur
655 4333 696 4394 de
718 4335 775 4395 illo
794 4335 1001 4395 verissimum
1017 4340 1052 4395 et
1067 4336 1283 4395 certissimum
1298 4334 1543 4404 testimonium3
1565 4335 1601 4391 et

403 4417 486 4479 mihi
508 4417 670 4497 probatur
689 4424 768 4479 tuus
789 4418 927 4491 enimus,
951 4419 1008 4497 qui
1030 4417 1122 4478 illum
1144 4437 1205 4497 pro
1225 4437 1292 4478 non
1311 4424 1392 4478 nato
1412 4414 1600 4477 habendum
1614 4423 1646 4486 85

402 4507 510 4581 putes.
555 4499 691 4580 Scripsit
705 4501 809 4582 pridie
825 4500 867 4562 ad
887 4520 941 4562 me
955 4501 996 4562 de
1011 4501 1154 4580 quodam
1175 4520 1234 4562 suo
1249 4502 1383 4580 negocio
1397 4499 1485 4580 apud
1501 4499 1600 4577 Lega-

402 4592 477 4646 tum
492 4582 697 4657 solicitando‚
709 4583 807 4664 plane
818 4584 1028 4646 dissimulans
1040 4585 1150 4646 odium
1166 4604 1280 4657 suum;
1304 4585 1396 4645 ouius
1412 4585 1600 4643 inconstan-

506 4724 547 4775 4⁵-
566 4710 653 4775 ΡΜ
664 4709 728 4760 MS·
826 4711 869 4776 48.
888 4710 1067 4776 prosperiora
1078 4710 1142 4762 MS.
1235 4711 1275 4773 83.
1294 4725 1426 4775 peruerse
1437 4706 1502 4757 MS.

405 4831 482 4838 --

437 4909 480 4959 50.
498 4893 654 4956 Antonius]
683 4894 808 4960 Fugger3
849 4909 895 4945 see
923 4893 977 4959 Ep.
1031 4893 1106 4959 Epp.
1119 4896 1193 4959 ²3⁶⁴·
1205 4898 1232 4953 6,
1245 4907 1320 4958 ²403·
1335 4895 1395 4941 16n.

403 4961 587 5028 2145introd.
1064 4962 1106 5011 80.
1124 4961 1267 5023 Hominis]
1280 4960 1324 5024 Ep
1382 4957 1464 5008 dorii.

437 5032 480 5094 76.
498 5029 706 5095 negociatorem
740 5027 896 5094 quendam]
935 5025 978 5078 cf.
1063 5029 1138 5092 86-7.
1156 5027 1306 5097 Legatum]
1388 5024 1479 5091 pogio.

436 5144 516 5196 4529
993 5125 1015 5173 Β
