4042 5900
510 671 570 734 loo
833 669 1031 734 LETTERS
1051 670 1108 733 OF
1128 669 1333 735 ERASMUS
1605 674 1700 751 [1531

508 829 551 891 ab
565 828 711 891 Adriano
726 828 885 892 Pontifice
898 830 1041 891 vetitum
1055 848 1097 891 ne
1112 829 1192 909 quid
1206 831 1241 891 in
1254 848 1307 891 me
1322 829 1487 901 scriberet,
1499 829 1557 890 sed
1571 835 1701 910 postea-

508 931 609 992 quam
629 914 704 986 iam,
719 919 850 992 praeter
869 915 1103 974 annotationes
1124 932 1206 992 quas
1228 915 1263 974 in
1280 912 1449 992 Hispaniis
1468 912 1576 973 editas
1596 913 1702 974 Rome

508 995 675 1069 distraxit,
692 997 837 1075 quinque
854 1002 914 1058 aut
933 1015 990 1058 sex
1008 995 1129 1057 libellis
1145 995 1189 1057 ad
1203 998 1392 1058 satietatem
1407 1015 1510 1075 vsque
1530 997 1565 1055 in
1579 1015 1632 1057 me
1646 995 1701 1057 de-

447 1103 496 1155 355
509 1078 689 1140 bacchatus
714 1086 819 1141 esset:
851 1081 1000 1141 minatur
1023 1082 1206 1141 etiamnum
1230 1080 1338 1140 nescio
1363 1079 1452 1158 quid,
1478 1098 1547 1140 non
1569 1081 1635 1140 iam
1661 1080 1702 1140 de

509 1161 593 1236 fidei,
616 1168 655 1223 vt
679 1163 736 1235 ait,
763 1162 982 1242 dogmatibus,
1005 1163 1064 1224 sed
1088 1162 1130 1224 de
1154 1183 1189 1224 re
1213 1165 1436 1242 grammatica.
1481 1163 1617 1224 Praeter
1641 1163 1703 1223 hoc

509 1244 732 1307 calumniandi
752 1266 864 1326 genus,
883 1245 984 1307 habet
1004 1244 1180 1307 Germania
1201 1252 1357 1326 portenta
1373 1246 1514 1325 quedam
1534 1245 1702 1307 maleficae

509 1328 679 1390 cuiusdam
701 1349 739 1391 ac
760 1331 819 1390 vix
843 1329 1006 1390 credibilis
1031 1330 1241 1409 peruicaciae,
1267 1331 1325 1409 qui
1348 1332 1440 1391 miris
1460 1330 1619 1391 cuniculis
1641 1329 1703 1390 hoc

509 1417 614 1491 agunt
624 1418 664 1473 vt
678 1419 738 1474 aut
752 1413 937 1474 latronibus
951 1413 1110 1474 obiiciant
1120 1412 1295 1473 Erasmum
1307 1420 1367 1474 aut
1377 1432 1502 1474 merore
1513 1412 1701 1474 conficiant.

448 1509 498 1570 360
510 1493 574 1557 Sed
593 1495 753 1558 hactenus
770 1497 876 1575 gratia
894 1494 1035 1569 Christo,
1055 1515 1116 1557 nee
1135 1496 1282 1557 animum
1300 1516 1320 1557 a
1342 1516 1402 1557 suo
1422 1498 1593 1575 proposito
1614 1496 1702 1557 labe·

509 1578 634 1640 factare
644 1578 831 1653 valuerunt,
843 1598 902 1640 nec
912 1578 1031 1640 studiis
1041 1581 1122 1641 meis
1130 1581 1179 1641 ita
1188 1579 1331 1640 multum
1342 1580 1533 1640 detrimenti
1544 1580 1699 1641 attulere.

551 1662 604 1723 Ad
623 1662 792 1724 Psalmum
812 1663 871 1724 abs
891 1668 925 1724 te
944 1662 1118 1724 laudatum
1138 1662 1253 1724 redeo:
1276 1661 1414 1743 posthac
1429 1662 1544 1723 sedulo
1558 1662 1704 1724 conabor

510 1751 550 1806 vt
568 1764 632 1824 que
651 1746 759 1807 scribo
778 1747 861 1807 citra
879 1747 1104 1825 exceptionem
1121 1746 1181 1807 abs
1201 1751 1235 1807 te
1251 1746 1383 1825 probari
1400 1752 1598 1819 mereantur,
1614 1746 1704 1825 quod

510 1847 624 1890 vereor
643 1836 682 1890 vt
699 1831 733 1890 in
753 1830 814 1890 hoc
829 1829 961 1890 Psalmo
979 1829 1041 1890 sim
1055 1836 1273 1908 assequutus:
1296 1835 1383 1890 certe
1398 1848 1489 1909 spem
1509 1829 1704 1908 assequendi

448 1927 681 1991 3o5nunquam
705 1912 866 1985 abiiciam,
891 1919 1108 1991 posteaquam
1133 1918 1249 1974 autore
1274 1918 1307 1973 10
1331 1912 1486 1991 proficere
1507 1914 1587 1992 cepi.
1631 1912 1705 1972 Etsi

511 1994 598 2057 soleo
617 1995 785 2058 duntaxat
803 1997 838 2056 in
855 1995 916 2057 hoo
934 1997 1049 2075 scripti
1064 2015 1181 2075 genere
1199 1997 1329 2075 parcius
1349 1995 1517 2075 indulgere
1533 1995 1705 2057 stomacho

509 2098 593 2152 meo,
609 2080 763 2140 videlicet
776 2080 811 2139 in
826 2085 922 2140 tanta
941 2081 1174 2158 mysteriorum
1194 2080 1369 2141 maiestate
1383 2084 1505 2140 memet
1518 2079 1562 2141 ad
1577 2078 1703 2157 religio·

511 2181 581 2223 sam
610 2162 778 2241 quandam
806 2181 1005 2241 componens
1033 2164 1259 2224 reuerentiam.
1311 2161 1354 2222 In
1382 2161 1439 2223 illo
1467 2161 1565 2224 valde
1593 2168 1705 2223 tecum

511 2246 626 2319 sentio,
652 2245 833 2307 multorum
858 2247 1076 2326 interpretum
1101 2245 1274 2307 lectionem
1299 2245 1449 2307 nonnihil
1474 2246 1611 2318 officere,
1636 2244 1705 2306 tale

449 2355 500 2407 370
511 2331 704 2408 praesertim
723 2330 908 2409 argumenti
927 2348 1030 2409 genus
1047 2331 1223 2391 tractanti:
1247 2327 1418 2407 multoque
1435 2328 1561 2390 felicius
1581 2328 1705 2402 cedere,

511 2413 539 2472 si
558 2413 632 2491 quis
651 2419 823 2493 perspecta
844 2414 891 2474 rei
908 2432 1038 2474 summa
1054 2419 1164 2474 totum
1182 2432 1215 2473 se
1235 2414 1410 2492 permittat
1426 2431 1547 2475 arcano
1564 2413 1704 2492 spiritui,

511 2496 658 2556 animum
684 2497 815 2558 interim
841 2515 908 2557 non
929 2502 1064 2557 tantum
1089 2516 1110 2558 a
1131 2497 1232 2568 viciis,
1254 2495 1312 2556 sed
1334 2515 1468 2575 prorsus
1492 2495 1535 2556 ab
1560 2496 1706 2556 externis

511 2579 804 2658 humilioribusque
815 2581 901 2641 euris
914 2598 1068 2652 anocans,
1081 2586 1116 2641 et
1129 2580 1165 2641 in
1178 2578 1352 2641 sublimem
1363 2578 1528 2658 quendam
1543 2598 1706 2640 recessum

512 2661 705 2735 subducens,
721 2662 763 2725 ab
778 2664 868 2725 omni
882 2663 1125 2724 mundanarum
1145 2661 1365 2741 cupiditatum
1386 2664 1527 2743 strepitu
1543 2662 1703 2741 tranquil-

449 2773 498 2824 375
511 2744 581 2806 lum
596 2753 630 2806 01
645 2747 803 2825 quietum.
832 2746 901 2807 Neo
916 2746 989 2807 leue
1004 2751 1209 2808 momentum
1224 2745 1325 2806 habet
1339 2746 1518 2807 identidem
1533 2747 1706 2806 interiecta

512 2831 666 2909 precatio,
689 2848 753 2908 que
774 2831 909 2909 spiritus
931 2831 1076 2909 vigorem
1098 2828 1368 2907 alacritatemque
1389 2830 1470 2890 mire
1492 2828 1704 2908 redintegrat.

511 2912 619 2974 Deum
648 2913 877 2986 immortalem,
907 2919 1034 2992 quanta
1062 2919 1148 2974 esset
1177 2918 1292 2974 nostra
1318 2911 1468 2987 felicitas,
1498 2914 1526 2973 si
1554 2911 1706 2991 relegatis

512 2998 704 3076 opinionum
725 3003 760 3057 et
781 2997 960 3058 affectuum
982 2997 1124 3058 dissidiis
1143 2997 1314 3058 vnanimes
1333 2998 1368 3057 in
1387 2996 1608 3057 fertillissimis
1623 2995 1704 3058 Scri-

512 3085 685 3159 pturarum
700 3081 790 3141 aruis
803 3099 1056 3153 excerceremur,
1071 3087 1132 3141 aut
1152 3081 1187 3140 in
1212 3081 1447 3141 amoenissimis
1467 3099 1580 3141 aarum
1601 3081 1708 3159 pratis

450 3177 500 3241 380
512 3162 717 3236 luderemus;
741 3165 768 3224 si
787 3170 901 3225 tamen
922 3182 961 3224 eo
976 3164 1077 3225 verbo
1098 3162 1260 3225 vtendum
1280 3168 1332 3224 est
1351 3165 1385 3224 in
1402 3183 1438 3224 re
1455 3169 1525 3224 tam
1540 3182 1606 3224 non
1621 3162 1705 3223 ludi-

512 3266 577 3308 cra.
624 3247 745 3308 Verum
767 3267 827 3326 ego
848 3249 996 3308 conscius
1020 3248 1222 3327 impuritatis
1243 3265 1344 3319 meae,
1367 3266 1426 3308 nec
1448 3247 1581 3325 ignarus
1604 3265 1706 3325 quam

512 3329 756 3391 incommodum
776 3350 941 3409 quamque
958 3331 1187 3392 refractarium
1208 3349 1367 3409 organum
1385 3329 1560 3409 praebeam
1580 3328 1708 3408 opificio

512 3414 647 3492 spiritus
668 3413 711 3475 ad
733 3412 792 3474 heo
813 3414 999 3487 tractanda,
1019 3416 1053 3475 in
1074 3414 1195 3492 quibus
1214 3413 1269 3474 ille
1286 3415 1428 3476 maxime
1451 3419 1581 3474 retrusa
1601 3412 1706 3491 philo·

512 3497 646 3577 sophiae
668 3495 797 3557 celestis
818 3516 939 3558 arcana
960 3497 1054 3558 velut
1075 3499 1110 3558 in
1128 3499 1348 3559 sacratissimo
1367 3496 1511 3575 quodam
1533 3495 1637 3574 adyto
1658 3515 1706 3556 re-

450 3595 499 3656 385
513 3579 647 3641 condita
663 3599 733 3640 esse
753 3579 868 3653 voluit,
887 3600 954 3642 non
975 3583 1046 3641 sine
1066 3588 1209 3642 tremore
1230 3581 1319 3641 soleo
1338 3580 1509 3653 acoedere;
1532 3581 1566 3640 in
1588 3579 1709 3658 quibus

512 3665 569 3724 vix
585 3664 759 3743 quisquam
775 3666 855 3725 satis
873 3664 1020 3744 religiose
1036 3670 1197 3737 versatur,
1213 3665 1276 3725 nisi
1296 3665 1353 3742 qui
1370 3669 1530 3743 perpetuo
1544 3669 1706 3723 versatur.

513 3746 576 3808 'l'ui
591 3766 669 3807 vero
687 3748 829 3826 pectoris
849 3747 1064 3826 tranquillam
1081 3749 1261 3827 puritatem
1277 3749 1418 3826 primum
1436 3746 1517 3807 mihi
1536 3745 1709 3807 deliniauit

512 3829 669 3892 Nicolaus
689 3830 858 3903 Leonicus,
874 3833 933 3904 vir,
949 3838 988 3892 vt
1005 3837 1154 3911 apparet,
1170 3832 1295 3910 integer
1313 3836 1348 3891 et
1367 3832 1402 3890 in
1417 3830 1590 3890 Platonica
1603 3829 1707 3908 philo-

512 3913 628 3994 sophia
646 3912 786 3975 feliciter
806 3916 1043 3987 exoeroitatus;
1066 3914 1238 3975 deliniauit
1257 3920 1369 3974 autem
1390 3915 1424 3974 in
1444 3913 1574 3992 dialogo
1592 3931 1658 3990 quo
1673 3919 1708 3974 te

450 4023 501 4073 390
513 3998 554 4058 de
571 3997 736 4076 precando
754 4016 914 4077 perquam
932 4004 1046 4059 sancte
1067 3998 1280 4059 disserentem
1302 3997 1400 4057 facit:
1423 4015 1520 4075 quem
1542 3995 1708 4074 dialogum

513 4081 541 4141 si
558 4083 648 4160 prius
667 4080 815 4159 legissem
831 4081 992 4161 (legissem
1012 4087 1124 4142 autem
1144 4083 1172 4141 si
1189 4081 1253 4142 huc
1272 4081 1368 4141 amici
1388 4080 1553 4140 misissent
1573 4081 1607 4139 in
1626 4085 1708 4140 tem-

512 4167 613 4244 pore),
637 4182 731 4224 meus
755 4163 796 4224 de
820 4164 944 4226 orando
970 4164 1068 4226 deum
1093 4164 1223 4226 libellus
1247 4164 1419 4243 aliquanto
1443 4165 1553 4224 minus
1580 4164 1710 4223 ieiunus

512 4248 685 4326 minusque
705 4247 797 4309 humi
815 4267 931 4328 repens
950 4248 1123 4327 prodisset.
1167 4247 1231 4310 Sed
1247 4248 1349 4309 animi
1363 4248 1414 4307 tui
1430 4248 1589 4325 pietatem
1609 4265 1709 4324 quam

546 4385 604 4436 3⁵⁵·
622 4372 710 4423 Olim
721 4388 798 4424 1111110
809 4372 840 4424 J·
909 4387 967 4437 357.
985 4373 1137 4425 Germania
1147 4374 1229 4424 Ma:
1247 4374 1300 4423 hoe
1309 4372 1432 4423 seculum
1445 4373 1483 4423 K.
1552 4386 1610 4436 370.
1629 4386 1709 4437 prae.

512 4440 687 4557 pggtoixpdinpd.
698 4439 731 4491 J.
782 4454 840 4505 372.
859 4441 969 4492 interea
979 4440 1010 4491 J.
1063 4454 1121 4505 373.
1139 4440 1411 4505 humanioribusque
1421 4439 1451 4490 J.
1504 4441 1563 4502 380.
1581 4438 1708 4490 eoMS.:

545 4653 605 4703 352.
623 4639 760 4702 Adriano]
774 4638 825 4691 800
840 4640 895 4706 Ep.
916 4653 989 4705 1415.
1007 4655 1084 4701 9-10,
1170 4642 1229 4704 389.
1247 4639 1369 4705 dialogo]
1389 4655 1426 4690 ec.
1445 4639 1589 4690 Sodomae
1611 4654 1660 4690 aaa
1679 4639 1712 4688 da

514 4707 675 4771 1418.26-8.
1133 4708 1269 4772 precibus,
1292 4722 1346 4757 one
1371 4706 1401 4757 oi
1425 4706 1476 4757 the
1500 4706 1613 4770 Dialogs'
1638 4705 1711 4770 pub·

547 4774 604 4836 388.
623 4772 771 4835 Leonicus]
779 4772 825 4823 He
832 4772 897 4823 died
905 4788 942 4823 on
950 4788 980 4836 31
989 4773 1086 4824 March
1136 4773 1227 4824 lisbed
1237 4774 1277 4837 by
1288 4773 1339 4823 the
1350 4772 1484 4838 Gregorii,
1497 4773 1575 4837 Sept.
1590 4786 1664 4837 15²4·

515 4853 577 4903 1531
604 4839 715 4903 shortly
736 4839 812 4889 aiter
835 4840 894 4890 this
919 4839 1004 4890 letter
1028 4856 1087 4890 was
1170 4854 1228 4904 39²·
1246 4837 1712 4900 deorandodeum1TheModae

513 4907 636 4957 written.
670 4906 973 4957 Erasmusmusthave
982 4907 1086 4957 known
1136 4907 1236 4958 madi
1257 4907 1357 4966 Deam,
1379 4905 1472 4966 Basle,
1496 4906 1617 4968 Froben,
1648 4906 1711 4957 001.

513 4973 617 5092 pfimEin
630 4972 751 5030 Veniosc
768 4987 815 5024 see
831 4973 888 5038 Ep.
907 4987 981 5038 1479.
1002 4976 1085 5033 180n3
1139 4986 1218 5039 15243
1236 4989 1283 5024 see
1294 4973 1348 5039 Ep.
1364 4987 1427 5036 150²
1439 4973 1545 5024 introd.

543 5076 551 5092 .
588 5055 618 5106 p.
630 5043 705 5102 2526.
