<?xml version="1.0" encoding="UTF-8"?>
<!DOCTYPE html PUBLIC "-//W3C//DTD XHTML 1.0 Transitional//EN"
    "http://www.w3.org/TR/xhtml1/DTD/xhtml1-transitional.dtd">
<html xmlns="http://www.w3.org/1999/xhtml" xml:lang="en" lang="en">
 <head>
  <title>
</title>
<meta http-equiv="Content-Type" content="text/html;charset=utf-8" />
  <meta name='ocr-system' content='tesseract 3.04.00' />
  <meta name='ocr-capabilities' content='ocr_page ocr_carea ocr_par ocr_line ocrx_word'/>
</head>
<body>
  <div class='ocr_page' id='page_1' title='image "./opusepistolarum02garrgoog_0040.png"; bbox 0 0 4042 5900; ppageno 0'>
   <div class='ocr_carea' id='block_1_1' title="bbox 437 666 1635 746">
    <p class='ocr_par' dir='ltr' id='par_1_1' title="bbox 437 666 1635 746">
     <span class='ocr_line' id='line_1_1' title="bbox 437 666 1635 746; baseline -0.004 -14"><span class='ocrx_word' id='word_1_1' title='bbox 437 670 457 732; x_wconf 83' lang='lat' dir='ltr'><strong>s</strong></span> <span class='ocrx_word' id='word_1_2' title='bbox 762 668 960 731; x_wconf 80' lang='grc'><strong>11111111</strong></span> <span class='ocrx_word' id='word_1_3' title='bbox 982 668 1037 730; x_wconf 81' lang='lat' dir='ltr'><strong>os</strong></span> <span class='ocrx_word' id='word_1_4' title='bbox 1058 666 1263 731; x_wconf 80' lang='grc'><strong>11111111</strong></span> <span class='ocrx_word' id='word_1_5' title='bbox 1537 669 1635 746; x_wconf 85' lang='lat'>[1530</span> 
     </span>
    </p>
   </div>
   <div class='ocr_carea' id='block_1_2' title="bbox 386 824 1635 3490">
    <p class='ocr_par' dir='ltr' id='par_1_2' title="bbox 391 824 1635 1991">
     <span class='ocr_line' id='line_1_2' title="bbox 436 824 1635 908; baseline -0.003 -18"><span class='ocrx_word' id='word_1_6' title='bbox 436 848 535 908; x_wconf 87' lang='lat' dir='ltr'><strong>quam</strong></span> <span class='ocrx_word' id='word_1_7' title='bbox 557 828 614 890; x_wconf 87' lang='lat' dir='ltr'><strong>illa</strong></span> <span class='ocrx_word' id='word_1_8' title='bbox 635 848 701 907; x_wconf 87' lang='lat' dir='ltr'><strong>qua</strong></span> <span class='ocrx_word' id='word_1_9' title='bbox 722 834 800 889; x_wconf 89' lang='lat' dir='ltr'><strong>tuae</strong></span> <span class='ocrx_word' id='word_1_10' title='bbox 821 827 1006 889; x_wconf 89' lang='lat' dir='ltr'><strong>celsitudini</strong></span> <span class='ocrx_word' id='word_1_11' title='bbox 1020 828 1132 907; x_wconf 88' lang='lat' dir='ltr'><strong>paucis</strong></span> <span class='ocrx_word' id='word_1_12' title='bbox 1147 826 1255 888; x_wconf 90' lang='lat' dir='ltr'><strong>verbis</strong></span> <span class='ocrx_word' id='word_1_13' title='bbox 1269 826 1409 887; x_wconf 86' lang='lat' dir='ltr'><strong>Marium</strong></span> <span class='ocrx_word' id='word_1_14' title='bbox 1423 824 1635 887; x_wconf 73' lang='lat' dir='ltr'><strong>ecclesiasten</strong></span> 
     </span>
     <span class='ocr_line' id='line_1_3' title="bbox 436 909 1633 990; baseline -0.003 -17"><span class='ocrx_word' id='word_1_15' title='bbox 436 918 472 973; x_wconf 94' lang='lat' dir='ltr'><strong>et</strong></span> <span class='ocrx_word' id='word_1_16' title='bbox 489 910 656 973; x_wconf 89' lang='lat' dir='ltr'><strong>Stibarum</strong></span> <span class='ocrx_word' id='word_1_17' title='bbox 679 910 805 990; x_wconf 91' lang='lat' dir='ltr'><strong>collegii</strong></span> <span class='ocrx_word' id='word_1_18' title='bbox 820 913 870 972; x_wconf 94' lang='lat' dir='ltr'><strong>tui</strong></span> <span class='ocrx_word' id='word_1_19' title='bbox 889 912 1082 971; x_wconf 88' lang='lat' dir='ltr'><strong>canonicum</strong></span> <span class='ocrx_word' id='word_1_20' title='bbox 1098 909 1342 983; x_wconf 79' lang='lat' dir='ltr'><strong>commendani3</strong></span> <span class='ocrx_word' id='word_1_21' title='bbox 1366 909 1633 988; x_wconf 88' lang='lat' dir='ltr'><strong>quandoquidem</strong></span> 
     </span>
     <span class='ocr_line' id='line_1_4' title="bbox 436 992 1634 1073; baseline -0.002 -17"><span class='ocrx_word' id='word_1_22' title='bbox 436 996 503 1056; x_wconf 88' lang='lat' dir='ltr'><strong>tuis</strong></span> <span class='ocrx_word' id='word_1_23' title='bbox 527 1015 569 1056; x_wconf 85' lang='lat' dir='ltr'><strong>ex</strong></span> <span class='ocrx_word' id='word_1_24' title='bbox 597 995 717 1056; x_wconf 89' lang='lat' dir='ltr'><strong>litteris</strong></span> <span class='ocrx_word' id='word_1_25' title='bbox 741 994 896 1073; x_wconf 92' lang='lat' dir='ltr'><strong>intelligo,</strong></span> <span class='ocrx_word' id='word_1_26' title='bbox 922 1013 988 1055; x_wconf 91' lang='grc'><strong>11011</strong></span> <span class='ocrx_word' id='word_1_27' title='bbox 1010 994 1117 1054; x_wconf 92' lang='lat' dir='ltr'><strong>solum</strong></span> <span class='ocrx_word' id='word_1_28' title='bbox 1140 993 1213 1055; x_wconf 91' lang='lat' dir='ltr'><strong>illos</strong></span> <span class='ocrx_word' id='word_1_29' title='bbox 1241 993 1304 1053; x_wconf 93' lang='lat' dir='ltr'><strong>tibi</strong></span> <span class='ocrx_word' id='word_1_30' title='bbox 1327 992 1434 1053; x_wconf 86' lang='lat' dir='ltr'><strong>iactos</strong></span> <span class='ocrx_word' id='word_1_31' title='bbox 1459 992 1634 1067; x_wconf 83' lang='lat' dir='ltr'><strong>chariores,</strong></span> 
     </span>
     <span class='ocr_line' id='line_1_5' title="bbox 407 1078 1634 1158; baseline -0.001 -19"><span class='ocrx_word' id='word_1_32' title='bbox 407 1098 551 1158; x_wconf 79' lang='lat' dir='ltr'><strong>5verum</strong></span> <span class='ocrx_word' id='word_1_33' title='bbox 576 1079 677 1139; x_wconf 92' lang='lat' dir='ltr'><strong>etiam</strong></span> <span class='ocrx_word' id='word_1_34' title='bbox 700 1097 752 1137; x_wconf 90' lang='lat' dir='ltr'><strong>me</strong></span> <span class='ocrx_word' id='word_1_35' title='bbox 778 1096 907 1157; x_wconf 91' lang='lat' dir='ltr'><strong>quoque</strong></span> <span class='ocrx_word' id='word_1_36' title='bbox 930 1078 1021 1157; x_wconf 88' lang='lat' dir='ltr'><strong>prius</strong></span> <span class='ocrx_word' id='word_1_37' title='bbox 1047 1078 1195 1156; x_wconf 90' lang='lat' dir='ltr'><strong>ignotum</strong></span> <span class='ocrx_word' id='word_1_38' title='bbox 1216 1082 1345 1137; x_wconf 90' lang='lat' dir='ltr'><strong>tantam</strong></span> <span class='ocrx_word' id='word_1_39' title='bbox 1371 1078 1467 1137; x_wconf 88' lang='lat' dir='ltr'><strong>inisse</strong></span> <span class='ocrx_word' id='word_1_40' title='bbox 1490 1078 1634 1155; x_wconf 88' lang='lat' dir='ltr'><strong>gratiam</strong></span> 
     </span>
     <span class='ocr_line' id='line_1_6' title="bbox 437 1159 1635 1239; baseline -0.003 -16"><span class='ocrx_word' id='word_1_41' title='bbox 437 1169 476 1223; x_wconf 89' lang='lat' dir='ltr'><strong>vt</strong></span> <span class='ocrx_word' id='word_1_42' title='bbox 490 1161 786 1224; x_wconf 77' lang='lat' dir='ltr'><strong>commendatorem</strong></span> <span class='ocrx_word' id='word_1_43' title='bbox 805 1162 890 1221; x_wconf 84' lang='lat' dir='ltr'><strong>inter</strong></span> <span class='ocrx_word' id='word_1_44' title='bbox 909 1160 971 1221; x_wconf 92' lang='lat' dir='ltr'><strong>tibi</strong></span> <span class='ocrx_word' id='word_1_45' title='bbox 988 1159 1324 1222; x_wconf 88' lang='lat' dir='ltr'><strong>commendatissimos</strong></span> <span class='ocrx_word' id='word_1_46' title='bbox 1344 1159 1463 1220; x_wconf 89' lang='lat' dir='ltr'><strong>habere</strong></span> <span class='ocrx_word' id='word_1_47' title='bbox 1477 1159 1635 1239; x_wconf 89' lang='lat' dir='ltr'><strong>dignatus</strong></span> 
     </span>
     <span class='ocr_line' id='line_1_7' title="bbox 436 1243 1634 1323; baseline -0.003 -16"><span class='ocrx_word' id='word_1_48' title='bbox 436 1247 497 1307; x_wconf 88' lang='lat' dir='ltr'><strong>sis:</strong></span> <span class='ocrx_word' id='word_1_49' title='bbox 520 1265 578 1306; x_wconf 91' lang='lat' dir='ltr'><strong>nec</strong></span> <span class='ocrx_word' id='word_1_50' title='bbox 593 1247 673 1306; x_wconf 92' lang='lat' dir='ltr'><strong>satis</strong></span> <span class='ocrx_word' id='word_1_51' title='bbox 688 1245 840 1305; x_wconf 81' lang='lat' dir='ltr'><strong>habueris</strong></span> <span class='ocrx_word' id='word_1_52' title='bbox 857 1243 997 1323; x_wconf 73' lang='lat' dir='ltr'><strong>epistole</strong></span> <span class='ocrx_word' id='word_1_53' title='bbox 1015 1250 1084 1304; x_wconf 93' lang='lat' dir='ltr'><strong>tam</strong></span> <span class='ocrx_word' id='word_1_54' title='bbox 1102 1243 1242 1304; x_wconf 90' lang='lat' dir='ltr'><strong>candida</strong></span> <span class='ocrx_word' id='word_1_55' title='bbox 1261 1244 1340 1303; x_wconf 93' lang='lat' dir='ltr'><strong>mihi</strong></span> <span class='ocrx_word' id='word_1_56' title='bbox 1357 1244 1480 1322; x_wconf 88' lang='lat' dir='ltr'><strong>gratias</strong></span> <span class='ocrx_word' id='word_1_57' title='bbox 1494 1262 1634 1322; x_wconf 89' lang='lat' dir='ltr'><strong>agere—</strong></span> 
     </span>
     <span class='ocr_line' id='line_1_8' title="bbox 436 1326 1634 1408; baseline -0.003 -18"><span class='ocrx_word' id='word_1_58' title='bbox 436 1335 671 1408; x_wconf 90' lang='lat' dir='ltr'><strong>contraquam</strong></span> <span class='ocrx_word' id='word_1_59' title='bbox 693 1328 763 1389; x_wconf 87' lang='lat' dir='ltr'><strong>fieri</strong></span> <span class='ocrx_word' id='word_1_60' title='bbox 784 1327 885 1399; x_wconf 88' lang='lat' dir='ltr'><strong>solet;</strong></span> <span class='ocrx_word' id='word_1_61' title='bbox 907 1346 985 1388; x_wconf 92' lang='lat' dir='ltr'><strong>nam</strong></span> <span class='ocrx_word' id='word_1_62' title='bbox 1006 1346 1077 1387; x_wconf 92' lang='lat' dir='ltr'><strong>mos</strong></span> <span class='ocrx_word' id='word_1_63' title='bbox 1097 1332 1150 1387; x_wconf 90' lang='lat' dir='ltr'><strong>est</strong></span> <span class='ocrx_word' id='word_1_64' title='bbox 1171 1334 1210 1388; x_wconf 89' lang='lat' dir='ltr'><strong>vt</strong></span> <span class='ocrx_word' id='word_1_65' title='bbox 1230 1346 1370 1405; x_wconf 92' lang='lat' dir='ltr'><strong>quorum</strong></span> <span class='ocrx_word' id='word_1_66' title='bbox 1392 1326 1634 1388; x_wconf 75' lang='lat' dir='ltr'><strong>commendatio</strong></span> 
     </span>
     <span class='ocr_line' id='line_1_9' title="bbox 436 1409 1632 1491; baseline -0.003 -18"><span class='ocrx_word' id='word_1_67' title='bbox 436 1412 552 1485; x_wconf 90' lang='lat' dir='ltr'><strong>valuit,</strong></span> <span class='ocrx_word' id='word_1_68' title='bbox 568 1413 630 1491; x_wconf 92' lang='lat' dir='ltr'><strong>ipsi</strong></span> <span class='ocrx_word' id='word_1_69' title='bbox 650 1413 773 1491; x_wconf 90' lang='lat' dir='ltr'><strong>gratias</strong></span> <span class='ocrx_word' id='word_1_70' title='bbox 792 1416 892 1489; x_wconf 89' lang='lat' dir='ltr'><strong>agant</strong></span> <span class='ocrx_word' id='word_1_71' title='bbox 906 1411 945 1471; x_wconf 89' lang='lat' dir='ltr'><strong>iis</strong></span> <span class='ocrx_word' id='word_1_72' title='bbox 960 1409 1050 1489; x_wconf 92' lang='lat' dir='ltr'><strong>apud</strong></span> <span class='ocrx_word' id='word_1_73' title='bbox 1068 1429 1150 1488; x_wconf 89' lang='lat' dir='ltr'><strong>quos</strong></span> <span class='ocrx_word' id='word_1_74' title='bbox 1164 1410 1375 1472; x_wconf 84' lang='lat' dir='ltr'><strong>valuit-nisi</strong></span> <span class='ocrx_word' id='word_1_75' title='bbox 1389 1411 1490 1470; x_wconf 92' lang='lat' dir='ltr'><strong>etiam</strong></span> <span class='ocrx_word' id='word_1_76' title='bbox 1505 1410 1632 1470; x_wconf 90' lang='lat' dir='ltr'><strong>amieis·</strong></span> 
     </span>
     <span class='ocr_line' id='line_1_10' title="bbox 392 1492 1632 1574; baseline -0.001 -19"><span class='ocrx_word' id='word_1_77' title='bbox 392 1527 423 1563; x_wconf 78' lang='lat'><strong>10</strong></span> <span class='ocrx_word' id='word_1_78' title='bbox 436 1497 509 1556; x_wconf 92' lang='lat' dir='ltr'><strong>simi</strong></span> <span class='ocrx_word' id='word_1_79' title='bbox 531 1496 630 1555; x_wconf 91' lang='lat' dir='ltr'><strong>animi</strong></span> <span class='ocrx_word' id='word_1_80' title='bbox 650 1493 837 1574; x_wconf 89' lang='lat' dir='ltr'><strong>symbolum</strong></span> <span class='ocrx_word' id='word_1_81' title='bbox 859 1513 898 1554; x_wconf 90' lang='lat' dir='ltr'><strong>ac</strong></span> <span class='ocrx_word' id='word_1_82' title='bbox 919 1493 1112 1573; x_wconf 82' lang='grc' dir='ltr'>μνημόσυνον</span> <span class='ocrx_word' id='word_1_83' title='bbox 1132 1492 1221 1573; x_wconf 86' lang='lat' dir='ltr'><strong>apud</strong></span> <span class='ocrx_word' id='word_1_84' title='bbox 1240 1513 1291 1554; x_wconf 94' lang='lat' dir='ltr'><strong>me</strong></span> <span class='ocrx_word' id='word_1_85' title='bbox 1311 1492 1506 1573; x_wconf 90' lang='lat' dir='ltr'><strong>deponeres;</strong></span> <span class='ocrx_word' id='word_1_86' title='bbox 1529 1512 1632 1571; x_wconf 92' lang='lat' dir='ltr'><strong>quum</strong></span> 
     </span>
     <span class='ocr_line' id='line_1_11' title="bbox 436 1575 1633 1658; baseline -0.003 -18"><span class='ocrx_word' id='word_1_87' title='bbox 436 1578 513 1640; x_wconf 89' lang='lat' dir='ltr'><strong>talis</strong></span> <span class='ocrx_word' id='word_1_88' title='bbox 541 1578 681 1658; x_wconf 79' lang='lat' dir='ltr'><strong>epistole</strong></span> <span class='ocrx_word' id='word_1_89' title='bbox 709 1598 729 1639; x_wconf 90' lang='lat' dir='ltr'><strong>a</strong></span> <span class='ocrx_word' id='word_1_90' title='bbox 758 1583 828 1637; x_wconf 93' lang='lat' dir='ltr'><strong>tam</strong></span> <span class='ocrx_word' id='word_1_91' title='bbox 855 1578 975 1638; x_wconf 91' lang='lat' dir='ltr'><strong>eximio</strong></span> <span class='ocrx_word' id='word_1_92' title='bbox 1004 1576 1163 1656; x_wconf 89' lang='lat' dir='ltr'><strong>Principe,</strong></span> <span class='ocrx_word' id='word_1_93' title='bbox 1193 1583 1263 1637; x_wconf 88' lang='lat' dir='ltr'><strong>tam</strong></span> <span class='ocrx_word' id='word_1_94' title='bbox 1292 1575 1468 1637; x_wconf 87' lang='lat' dir='ltr'><strong>honorilice</strong></span> <span class='ocrx_word' id='word_1_95' title='bbox 1495 1582 1633 1655; x_wconf 88' lang='lat' dir='ltr'><strong>tamque</strong></span> 
     </span>
     <span class='ocr_line' id='line_1_12' title="bbox 435 1660 1631 1741; baseline -0.002 -18"><span class='ocrx_word' id='word_1_96' title='bbox 435 1668 585 1723; x_wconf 89' lang='lat' dir='ltr'><strong>amanter</strong></span> <span class='ocrx_word' id='word_1_97' title='bbox 599 1663 730 1741; x_wconf 77' lang='lat' dir='ltr'><strong>scripte,</strong></span> <span class='ocrx_word' id='word_1_98' title='bbox 746 1661 826 1721; x_wconf 92' lang='lat' dir='ltr'><strong>mihi</strong></span> <span class='ocrx_word' id='word_1_99' title='bbox 840 1662 992 1739; x_wconf 91' lang='lat' dir='ltr'><strong>quamuis</strong></span> <span class='ocrx_word' id='word_1_100' title='bbox 1011 1662 1121 1739; x_wconf 90' lang='lat' dir='ltr'><strong>magni</strong></span> <span class='ocrx_word' id='word_1_101' title='bbox 1140 1662 1283 1720; x_wconf 89' lang='lat' dir='ltr'><strong>muneris</strong></span> <span class='ocrx_word' id='word_1_102' title='bbox 1300 1660 1372 1720; x_wconf 93' lang='lat' dir='ltr'><strong>loco</strong></span> <span class='ocrx_word' id='word_1_103' title='bbox 1391 1678 1460 1720; x_wconf 91' lang='lat' dir='ltr'><strong>esse</strong></span> <span class='ocrx_word' id='word_1_104' title='bbox 1474 1661 1631 1738; x_wconf 91' lang='lat' dir='ltr'><strong>potuerit.</strong></span> 
     </span>
     <span class='ocr_line' id='line_1_13' title="bbox 435 1741 1632 1822; baseline -0.003 -16"><span class='ocrx_word' id='word_1_105' title='bbox 435 1746 503 1806; x_wconf 90' lang='lat' dir='ltr'><strong>Nec</strong></span> <span class='ocrx_word' id='word_1_106' title='bbox 517 1746 646 1806; x_wconf 78' lang='lat' dir='ltr'><strong>suffecit</strong></span> <span class='ocrx_word' id='word_1_107' title='bbox 662 1746 771 1805; x_wconf 90' lang='lat' dir='ltr'><strong>animo</strong></span> <span class='ocrx_word' id='word_1_108' title='bbox 791 1746 846 1804; x_wconf 91' lang='lat' dir='ltr'><strong>isti</strong></span> <span class='ocrx_word' id='word_1_109' title='bbox 866 1749 925 1805; x_wconf 92' lang='lat' dir='ltr'><strong>tuo</strong></span> <span class='ocrx_word' id='word_1_110' title='bbox 939 1763 1059 1804; x_wconf 91' lang='lat' dir='ltr'><strong>munus</strong></span> <span class='ocrx_word' id='word_1_111' title='bbox 1074 1743 1309 1822; x_wconf 88' lang='lat' dir='ltr'><strong>qualecunque,</strong></span> <span class='ocrx_word' id='word_1_112' title='bbox 1324 1742 1381 1803; x_wconf 92' lang='lat' dir='ltr'><strong>sed</strong></span> <span class='ocrx_word' id='word_1_113' title='bbox 1395 1741 1493 1822; x_wconf 92' lang='lat' dir='ltr'><strong>plane</strong></span> <span class='ocrx_word' id='word_1_114' title='bbox 1506 1744 1632 1821; x_wconf 88' lang='lat' dir='ltr'><strong>regium</strong></span> 
     </span>
     <span class='ocr_line' id='line_1_14' title="bbox 435 1826 1632 1907; baseline -0.002 -18"><span class='ocrx_word' id='word_1_115' title='bbox 435 1827 555 1889; x_wconf 90' lang='lat' dir='ltr'><strong>donare</strong></span> <span class='ocrx_word' id='word_1_116' title='bbox 577 1828 729 1901; x_wconf 90' lang='lat' dir='ltr'><strong>voluisti;</strong></span> <span class='ocrx_word' id='word_1_117' title='bbox 760 1829 863 1906; x_wconf 90' lang='lat' dir='ltr'><strong>magis</strong></span> <span class='ocrx_word' id='word_1_118' title='bbox 881 1833 1038 1907; x_wconf 89' lang='lat' dir='ltr'><strong>reputans</strong></span> <span class='ocrx_word' id='word_1_119' title='bbox 1058 1826 1137 1906; x_wconf 92' lang='lat' dir='ltr'><strong>quid</strong></span> <span class='ocrx_word' id='word_1_120' title='bbox 1152 1833 1185 1887; x_wconf 86' lang='grc'><strong>11</strong></span> <span class='ocrx_word' id='word_1_121' title='bbox 1200 1826 1329 1887; x_wconf 86' lang='lat' dir='ltr'><strong>deceret</strong></span> <span class='ocrx_word' id='word_1_122' title='bbox 1343 1826 1421 1887; x_wconf 91' lang='lat' dir='ltr'><strong>dare</strong></span> <span class='ocrx_word' id='word_1_123' title='bbox 1436 1846 1536 1905; x_wconf 88' lang='lat' dir='ltr'><strong>quam</strong></span> <span class='ocrx_word' id='word_1_124' title='bbox 1551 1826 1632 1906; x_wconf 91' lang='lat' dir='ltr'><strong>quid</strong></span> 
     </span>
     <span class='ocr_line' id='line_1_15' title="bbox 391 1912 776 1991; baseline -0.016 -13"><span class='ocrx_word' id='word_1_125' title='bbox 391 1942 422 1991; x_wconf 80' lang='grc'><strong>13</strong></span> <span class='ocrx_word' id='word_1_126' title='bbox 434 1912 608 1973; x_wconf 80' lang='lat' dir='ltr'><strong>Erasmum</strong></span> <span class='ocrx_word' id='word_1_127' title='bbox 623 1913 776 1991; x_wconf 87' lang='lat' dir='ltr'><strong>accipere.</strong></span> 
     </span>
    </p>

    <p class='ocr_par' dir='ltr' id='par_1_3' title="bbox 434 1993 1632 2322">
     <span class='ocr_line' id='line_1_16' title="bbox 476 1993 1631 2074; baseline -0.003 -18"><span class='ocrx_word' id='word_1_128' title='bbox 476 1994 584 2074; x_wconf 82' lang='lat' dir='ltr'><strong>Auget</strong></span> <span class='ocrx_word' id='word_1_129' title='bbox 603 1994 681 2056; x_wconf 91' lang='lat' dir='ltr'><strong>doni</strong></span> <span class='ocrx_word' id='word_1_130' title='bbox 701 1995 855 2073; x_wconf 91' lang='lat' dir='ltr'><strong>precium,</strong></span> <span class='ocrx_word' id='word_1_131' title='bbox 878 1994 967 2071; x_wconf 94' lang='lat' dir='ltr'><strong>quod</strong></span> <span class='ocrx_word' id='word_1_132' title='bbox 986 2013 1045 2054; x_wconf 93' lang='lat' dir='ltr'><strong>nec</strong></span> <span class='ocrx_word' id='word_1_133' title='bbox 1067 1995 1245 2073; x_wconf 90' lang='lat' dir='ltr'><strong>promerito</strong></span> <span class='ocrx_word' id='word_1_134' title='bbox 1266 2013 1325 2053; x_wconf 92' lang='lat' dir='ltr'><strong>nec</strong></span> <span class='ocrx_word' id='word_1_135' title='bbox 1347 1993 1516 2067; x_wconf 78' lang='lat' dir='ltr'><strong>ambienti,</strong></span> <span class='ocrx_word' id='word_1_136' title='bbox 1532 2012 1570 2053; x_wconf 90' lang='lat' dir='ltr'><strong>ac</strong></span> <span class='ocrx_word' id='word_1_137' title='bbox 1590 2012 1631 2053; x_wconf 91' lang='lat' dir='ltr'><strong>ne</strong></span> 
     </span>
     <span class='ocr_line' id='line_1_17' title="bbox 434 2075 1631 2158; baseline -0.002 -19"><span class='ocrx_word' id='word_1_138' title='bbox 434 2079 623 2158; x_wconf 84' lang='lat' dir='ltr'><strong>expectanti</strong></span> <span class='ocrx_word' id='word_1_139' title='bbox 637 2077 779 2156; x_wconf 92' lang='lat' dir='ltr'><strong>quidem,</strong></span> <span class='ocrx_word' id='word_1_140' title='bbox 794 2076 883 2137; x_wconf 89' lang='lat' dir='ltr'><strong>vltro</strong></span> <span class='ocrx_word' id='word_1_141' title='bbox 898 2077 1055 2138; x_wconf 88' lang='lat' dir='ltr'><strong>detulerit</strong></span> <span class='ocrx_word' id='word_1_142' title='bbox 1070 2083 1130 2137; x_wconf 92' lang='lat' dir='ltr'><strong>tua</strong></span> <span class='ocrx_word' id='word_1_143' title='bbox 1148 2077 1342 2155; x_wconf 86' lang='lat' dir='ltr'><strong>benignitas.</strong></span> <span class='ocrx_word' id='word_1_144' title='bbox 1386 2075 1459 2150; x_wconf 83' lang='lat' dir='ltr'><strong>Quo</strong></span> <span class='ocrx_word' id='word_1_145' title='bbox 1472 2078 1631 2137; x_wconf 89' lang='lat' dir='ltr'><strong>maiorem</strong></span> 
     </span>
     <span class='ocr_line' id='line_1_18' title="bbox 434 2158 1632 2241; baseline -0.003 -19"><span class='ocrx_word' id='word_1_146' title='bbox 434 2163 574 2241; x_wconf 89' lang='lat' dir='ltr'><strong>gratiam</strong></span> <span class='ocrx_word' id='word_1_147' title='bbox 599 2162 668 2222; x_wconf 89' lang='lat' dir='ltr'><strong>eius</strong></span> <span class='ocrx_word' id='word_1_148' title='bbox 691 2161 821 2222; x_wconf 90' lang='lat' dir='ltr'><strong>nomine</strong></span> <span class='ocrx_word' id='word_1_149' title='bbox 843 2180 895 2221; x_wconf 90' lang='lat' dir='ltr'><strong>me</strong></span> <span class='ocrx_word' id='word_1_150' title='bbox 920 2160 982 2221; x_wconf 92' lang='lat' dir='ltr'><strong>tibi</strong></span> <span class='ocrx_word' id='word_1_151' title='bbox 1005 2160 1123 2222; x_wconf 90' lang='lat' dir='ltr'><strong>debere</strong></span> <span class='ocrx_word' id='word_1_152' title='bbox 1145 2161 1310 2239; x_wconf 87' lang='lat' dir='ltr'><strong>profiteor.</strong></span> <span class='ocrx_word' id='word_1_153' title='bbox 1354 2158 1520 2238; x_wconf 86' lang='lat' dir='ltr'><strong>Siquidem</strong></span> <span class='ocrx_word' id='word_1_154' title='bbox 1547 2179 1632 2238; x_wconf 85' lang='lat' dir='ltr'><strong>quse</strong></span> 
     </span>
     <span class='ocr_line' id='line_1_19' title="bbox 434 2243 1631 2322; baseline -0.003 -16"><span class='ocrx_word' id='word_1_155' title='bbox 434 2245 557 2306; x_wconf 84' lang='lat' dir='ltr'><strong>dantur</strong></span> <span class='ocrx_word' id='word_1_156' title='bbox 571 2245 787 2317; x_wconf 89' lang='lat' dir='ltr'><strong>benemeritis,</strong></span> <span class='ocrx_word' id='word_1_157' title='bbox 802 2244 959 2306; x_wconf 88' lang='lat' dir='ltr'><strong>mercedis</strong></span> <span class='ocrx_word' id='word_1_158' title='bbox 973 2263 1092 2304; x_wconf 92' lang='lat' dir='ltr'><strong>nomen</strong></span> <span class='ocrx_word' id='word_1_159' title='bbox 1106 2250 1294 2304; x_wconf 90' lang='lat' dir='ltr'><strong>mereantur</strong></span> <span class='ocrx_word' id='word_1_160' title='bbox 1308 2244 1406 2304; x_wconf 92' lang='lat' dir='ltr'><strong>citius</strong></span> <span class='ocrx_word' id='word_1_161' title='bbox 1420 2262 1519 2322; x_wconf 90' lang='lat' dir='ltr'><strong>quam</strong></span> <span class='ocrx_word' id='word_1_162' title='bbox 1535 2243 1631 2304; x_wconf 91' lang='lat' dir='ltr'><strong>bene·</strong></span> 
     </span>
    </p>

    <p class='ocr_par' dir='ltr' id='par_1_4' title="bbox 386 2327 1633 3490">
     <span class='ocr_line' id='line_1_20' title="bbox 388 2327 1633 2407; baseline -0.006 -13"><span class='ocrx_word' id='word_1_163' title='bbox 388 2328 598 2394; x_wconf 73' lang='lat' dir='ltr'><strong>zoficiorum:</strong></span> <span class='ocrx_word' id='word_1_164' title='bbox 629 2347 693 2406; x_wconf 92' lang='lat' dir='ltr'><strong>que</strong></span> <span class='ocrx_word' id='word_1_165' title='bbox 718 2327 867 2406; x_wconf 90' lang='lat' dir='ltr'><strong>precibus</strong></span> <span class='ocrx_word' id='word_1_166' title='bbox 889 2332 1138 2405; x_wconf 85' lang='lat' dir='ltr'><strong>extorquentur,</strong></span> <span class='ocrx_word' id='word_1_167' title='bbox 1159 2346 1199 2387; x_wconf 88' lang='lat' dir='ltr'><strong>ea</strong></span> <span class='ocrx_word' id='word_1_168' title='bbox 1219 2346 1339 2407; x_wconf 90' lang='lat' dir='ltr'><strong>magno</strong></span> <span class='ocrx_word' id='word_1_169' title='bbox 1363 2332 1475 2406; x_wconf 90' lang='lat' dir='ltr'><strong>empta</strong></span> <span class='ocrx_word' id='word_1_170' title='bbox 1500 2327 1633 2406; x_wconf 84' lang='lat' dir='ltr'><strong>scripsit</strong></span> 
     </span>
     <span class='ocr_line' id='line_1_21' title="bbox 433 2409 1632 2490; baseline -0.001 -18"><span class='ocrx_word' id='word_1_171' title='bbox 433 2409 571 2472; x_wconf 87' lang='lat' dir='ltr'><strong>Seneca:</strong></span> <span class='ocrx_word' id='word_1_172' title='bbox 595 2431 658 2490; x_wconf 94' lang='lat' dir='ltr'><strong>que</strong></span> <span class='ocrx_word' id='word_1_173' title='bbox 679 2411 839 2490; x_wconf 89' lang='lat' dir='ltr'><strong>promissa</strong></span> <span class='ocrx_word' id='word_1_174' title='bbox 856 2410 913 2470; x_wconf 93' lang='lat' dir='ltr'><strong>diu</strong></span> <span class='ocrx_word' id='word_1_175' title='bbox 934 2416 1103 2471; x_wconf 91' lang='lat' dir='ltr'><strong>torserunt</strong></span> <span class='ocrx_word' id='word_1_176' title='bbox 1123 2412 1361 2489; x_wconf 84' lang='lat' dir='ltr'><strong>expectatione,</strong></span> <span class='ocrx_word' id='word_1_177' title='bbox 1381 2429 1534 2489; x_wconf 92' lang='lat' dir='ltr'><strong>magnam</strong></span> <span class='ocrx_word' id='word_1_178' title='bbox 1553 2429 1632 2471; x_wconf 85' lang='lat' dir='ltr'><strong>suae</strong></span> 
     </span>
     <span class='ocr_line' id='line_1_22' title="bbox 433 2493 1630 2574; baseline -0.002 -18"><span class='ocrx_word' id='word_1_179' title='bbox 433 2496 557 2574; x_wconf 85' lang='lat' dir='ltr'><strong>gratiae</strong></span> <span class='ocrx_word' id='word_1_180' title='bbox 572 2501 700 2574; x_wconf 90' lang='lat' dir='ltr'><strong>partem</strong></span> <span class='ocrx_word' id='word_1_181' title='bbox 715 2495 904 2556; x_wconf 88' lang='lat' dir='ltr'><strong>amiserunt.</strong></span> <span class='ocrx_word' id='word_1_182' title='bbox 935 2493 1055 2554; x_wconf 90' lang='lat' dir='ltr'><strong>Verum</strong></span> <span class='ocrx_word' id='word_1_183' title='bbox 1070 2512 1129 2572; x_wconf 95' lang='lat' dir='ltr'><strong>pro</strong></span> <span class='ocrx_word' id='word_1_184' title='bbox 1144 2493 1194 2553; x_wconf 93' lang='lat' dir='ltr'><strong>his</strong></span> <span class='ocrx_word' id='word_1_185' title='bbox 1205 2493 1337 2554; x_wconf 89' lang='lat' dir='ltr'><strong>demum</strong></span> <span class='ocrx_word' id='word_1_186' title='bbox 1352 2512 1415 2572; x_wconf 91' lang='lat' dir='ltr'><strong>que</strong></span> <span class='ocrx_word' id='word_1_187' title='bbox 1430 2495 1520 2572; x_wconf 89' lang='lat' dir='ltr'><strong>prius</strong></span> <span class='ocrx_word' id='word_1_188' title='bbox 1535 2512 1630 2554; x_wconf 88' lang='lat' dir='ltr'><strong>vene·</strong></span> 
     </span>
     <span class='ocr_line' id='line_1_23' title="bbox 433 2576 1632 2656; baseline -0.001 -17"><span class='ocrx_word' id='word_1_189' title='bbox 433 2584 514 2639; x_wconf 90' lang='lat' dir='ltr'><strong>runt</strong></span> <span class='ocrx_word' id='word_1_190' title='bbox 541 2597 641 2656; x_wconf 93' lang='lat' dir='ltr'><strong>quam</strong></span> <span class='ocrx_word' id='word_1_191' title='bbox 665 2582 805 2637; x_wconf 89' lang='lat' dir='ltr'><strong>ventura</strong></span> <span class='ocrx_word' id='word_1_192' title='bbox 830 2578 1051 2655; x_wconf 87' lang='lat' dir='ltr'><strong>suspicaretur</strong></span> <span class='ocrx_word' id='word_1_193' title='bbox 1076 2577 1133 2655; x_wconf 91' lang='lat' dir='ltr'><strong>qui</strong></span> <span class='ocrx_word' id='word_1_194' title='bbox 1156 2577 1286 2655; x_wconf 90' lang='lat' dir='ltr'><strong>accipit,</strong></span> <span class='ocrx_word' id='word_1_195' title='bbox 1312 2577 1450 2637; x_wconf 90' lang='lat' dir='ltr'><strong>solidam</strong></span> <span class='ocrx_word' id='word_1_196' title='bbox 1474 2576 1632 2638; x_wconf 89' lang='lat' dir='ltr'><strong>debemus</strong></span> 
     </span>
     <span class='ocr_line' id='line_1_24' title="bbox 433 2659 1632 2740; baseline 0 -19"><span class='ocrx_word' id='word_1_197' title='bbox 433 2662 595 2740; x_wconf 82' lang='lat' dir='ltr'><strong>gratiam:</strong></span> <span class='ocrx_word' id='word_1_198' title='bbox 618 2660 729 2740; x_wconf 90' lang='lat' dir='ltr'><strong>qualia</strong></span> <span class='ocrx_word' id='word_1_199' title='bbox 742 2662 842 2721; x_wconf 90' lang='lat' dir='ltr'><strong>etiam</strong></span> <span class='ocrx_word' id='word_1_200' title='bbox 858 2662 884 2720; x_wconf 90' lang='lat' dir='ltr'><strong>si</strong></span> <span class='ocrx_word' id='word_1_201' title='bbox 899 2661 1017 2737; x_wconf 87' lang='lat' dir='ltr'><strong>exigua</strong></span> <span class='ocrx_word' id='word_1_202' title='bbox 1032 2661 1107 2733; x_wconf 92' lang='lat' dir='ltr'><strong>sint,</strong></span> <span class='ocrx_word' id='word_1_203' title='bbox 1123 2665 1234 2719; x_wconf 90' lang='lat' dir='ltr'><strong>tamen</strong></span> <span class='ocrx_word' id='word_1_204' title='bbox 1254 2662 1381 2721; x_wconf 89' lang='lat' dir='ltr'><strong>animus</strong></span> <span class='ocrx_word' id='word_1_205' title='bbox 1396 2660 1507 2720; x_wconf 93' lang='lat' dir='ltr'><strong>dantis</strong></span> <span class='ocrx_word' id='word_1_206' title='bbox 1521 2659 1632 2721; x_wconf 87' lang='lat' dir='ltr'><strong>reddit</strong></span> 
     </span>
     <span class='ocr_line' id='line_1_25' title="bbox 387 2742 1631 2824; baseline -0.003 -16"><span class='ocrx_word' id='word_1_207' title='bbox 387 2773 420 2822; x_wconf 83' lang='lat'><strong>25</strong></span> <span class='ocrx_word' id='word_1_208' title='bbox 433 2764 472 2805; x_wconf 90' lang='lat' dir='ltr'><strong>ea</strong></span> <span class='ocrx_word' id='word_1_209' title='bbox 496 2746 740 2824; x_wconf 89' lang='lat' dir='ltr'><strong>preciosissima.</strong></span> <span class='ocrx_word' id='word_1_210' title='bbox 785 2742 905 2803; x_wconf 91' lang='lat' dir='ltr'><strong>Scribit</strong></span> <span class='ocrx_word' id='word_1_211' title='bbox 930 2743 1092 2803; x_wconf 88' lang='lat' dir='ltr'><strong>Homerus</strong></span> <span class='ocrx_word' id='word_1_212' title='bbox 1115 2762 1181 2804; x_wconf 92' lang='lat' dir='ltr'><strong>non</strong></span> <span class='ocrx_word' id='word_1_213' title='bbox 1205 2762 1275 2803; x_wconf 91' lang='lat' dir='ltr'><strong>esse</strong></span> <span class='ocrx_word' id='word_1_214' title='bbox 1298 2743 1470 2803; x_wconf 92' lang='lat' dir='ltr'><strong>reiicienda</strong></span> <span class='ocrx_word' id='word_1_215' title='bbox 1493 2743 1631 2804; x_wconf 91' lang='lat' dir='ltr'><strong>deorum</strong></span> 
     </span>
     <span class='ocr_line' id='line_1_26' title="bbox 432 2826 1632 2906; baseline 0 -19"><span class='ocrx_word' id='word_1_216' title='bbox 432 2847 577 2889; x_wconf 90' lang='lat' dir='ltr'><strong>munera.</strong></span> <span class='ocrx_word' id='word_1_217' title='bbox 621 2828 691 2906; x_wconf 85' lang='lat' dir='ltr'><strong>Ego</strong></span> <span class='ocrx_word' id='word_1_218' title='bbox 711 2846 789 2887; x_wconf 89' lang='lat' dir='ltr'><strong>vero</strong></span> <span class='ocrx_word' id='word_1_219' title='bbox 808 2826 925 2887; x_wconf 92' lang='lat' dir='ltr'><strong>talium</strong></span> <span class='ocrx_word' id='word_1_220' title='bbox 946 2827 1134 2905; x_wconf 92' lang='lat' dir='ltr'><strong>Principum</strong></span> <span class='ocrx_word' id='word_1_221' title='bbox 1155 2832 1337 2905; x_wconf 88' lang='lat' dir='ltr'><strong>spontanea</strong></span> <span class='ocrx_word' id='word_1_222' title='bbox 1351 2826 1447 2899; x_wconf 92' lang='grc'><strong>(10111,</strong></span> <span class='ocrx_word' id='word_1_223' title='bbox 1463 2846 1522 2887; x_wconf 92' lang='lat' dir='ltr'><strong>ceu</strong></span> <span class='ocrx_word' id='word_1_224' title='bbox 1538 2845 1632 2887; x_wconf 88' lang='lat' dir='ltr'><strong>sacra</strong></span> 
     </span>
     <span class='ocr_line' id='line_1_27' title="bbox 433 2909 1630 2990; baseline -0.002 -17"><span class='ocrx_word' id='word_1_225' title='bbox 433 2912 594 2990; x_wconf 82' lang='lat' dir='ltr'><strong>quaedam</strong></span> <span class='ocrx_word' id='word_1_226' title='bbox 608 2915 822 2972; x_wconf 89' lang='lat' dir='ltr'><strong>monumenta</strong></span> <span class='ocrx_word' id='word_1_227' title='bbox 836 2909 924 2988; x_wconf 86' lang='lat' dir='ltr'><strong>apud</strong></span> <span class='ocrx_word' id='word_1_228' title='bbox 939 2929 990 2970; x_wconf 91' lang='lat' dir='ltr'><strong>me</strong></span> <span class='ocrx_word' id='word_1_229' title='bbox 1010 2909 1150 2971; x_wconf 87' lang='lat' dir='ltr'><strong>libenter</strong></span> <span class='ocrx_word' id='word_1_230' title='bbox 1170 2930 1274 2983; x_wconf 90' lang='lat' dir='ltr'><strong>seruo,</strong></span> <span class='ocrx_word' id='word_1_231' title='bbox 1290 2930 1328 2971; x_wconf 88' lang='lat' dir='ltr'><strong>ac</strong></span> <span class='ocrx_word' id='word_1_232' title='bbox 1344 2909 1447 2971; x_wconf 88' lang='lat' dir='ltr'><strong>veluti</strong></span> <span class='ocrx_word' id='word_1_233' title='bbox 1462 2929 1523 2990; x_wconf 93' lang='lat' dir='ltr'><strong>pro</strong></span> <span class='ocrx_word' id='word_1_234' title='bbox 1537 2911 1630 2971; x_wconf 89' lang='lat' dir='ltr'><strong>testi·</strong></span> 
     </span>
     <span class='ocr_line' id='line_1_28' title="bbox 432 2994 1629 3073; baseline 0 -17"><span class='ocrx_word' id='word_1_235' title='bbox 432 2997 549 3056; x_wconf 89' lang='lat' dir='ltr'><strong>moniis</strong></span> <span class='ocrx_word' id='word_1_236' title='bbox 572 3001 713 3067; x_wconf 90' lang='lat' dir='ltr'><strong>ostento,</strong></span> <span class='ocrx_word' id='word_1_237' title='bbox 738 2994 857 3073; x_wconf 91' lang='lat' dir='ltr'><strong>quibus</strong></span> <span class='ocrx_word' id='word_1_238' title='bbox 885 3013 937 3054; x_wconf 92' lang='lat' dir='ltr'><strong>me</strong></span> <span class='ocrx_word' id='word_1_239' title='bbox 966 3013 1034 3054; x_wconf 92' lang='lat' dir='ltr'><strong>non</strong></span> <span class='ocrx_word' id='word_1_240' title='bbox 1061 2994 1268 3054; x_wconf 90' lang='lat' dir='ltr'><strong>mediocriter</strong></span> <span class='ocrx_word' id='word_1_241' title='bbox 1296 3000 1451 3054; x_wconf 90' lang='lat' dir='ltr'><strong>ornatum</strong></span> <span class='ocrx_word' id='word_1_242' title='bbox 1476 2994 1629 3056; x_wconf 90' lang='lat' dir='ltr'><strong>arbitror.</strong></span> 
     </span>
     <span class='ocr_line' id='line_1_29' title="bbox 433 3077 1630 3157; baseline -0.001 -19"><span class='ocrx_word' id='word_1_243' title='bbox 433 3078 553 3139; x_wconf 92' lang='lat' dir='ltr'><strong>Iisdem</strong></span> <span class='ocrx_word' id='word_1_244' title='bbox 568 3079 733 3139; x_wconf 86' lang='lat' dir='ltr'><strong>interdum</strong></span> <span class='ocrx_word' id='word_1_245' title='bbox 747 3079 921 3156; x_wconf 87' lang='lat' dir='ltr'><strong>meipsum</strong></span> <span class='ocrx_word' id='word_1_246' title='bbox 936 3077 1085 3137; x_wconf 91' lang='lat' dir='ltr'><strong>consolor</strong></span> <span class='ocrx_word' id='word_1_247' title='bbox 1099 3078 1256 3138; x_wconf 90' lang='lat' dir='ltr'><strong>aduersus</strong></span> <span class='ocrx_word' id='word_1_248' title='bbox 1266 3077 1472 3156; x_wconf 92' lang='lat' dir='ltr'><strong>quorundam</strong></span> <span class='ocrx_word' id='word_1_249' title='bbox 1487 3079 1630 3157; x_wconf 90' lang='lat' dir='ltr'><strong>inauspi-</strong></span> 
     </span>
     <span class='ocr_line' id='line_1_30' title="bbox 386 3160 1631 3240; baseline -0.002 -17"><span class='ocrx_word' id='word_1_250' title='bbox 386 3190 420 3240; x_wconf 78' lang='lat'><strong>30</strong></span> <span class='ocrx_word' id='word_1_251' title='bbox 433 3162 671 3223; x_wconf 88' lang='lat' dir='ltr'><strong>catissimorum</strong></span> <span class='ocrx_word' id='word_1_252' title='bbox 692 3161 860 3222; x_wconf 90' lang='lat' dir='ltr'><strong>hominum</strong></span> <span class='ocrx_word' id='word_1_253' title='bbox 881 3161 1092 3240; x_wconf 90' lang='lat' dir='ltr'><strong>prauitatem,</strong></span> <span class='ocrx_word' id='word_1_254' title='bbox 1115 3163 1172 3239; x_wconf 93' lang='lat' dir='ltr'><strong>qui</strong></span> <span class='ocrx_word' id='word_1_255' title='bbox 1192 3181 1252 3221; x_wconf 92' lang='lat' dir='ltr'><strong>nec</strong></span> <span class='ocrx_word' id='word_1_256' title='bbox 1270 3160 1310 3222; x_wconf 94' lang='lat' dir='ltr'><strong>de</strong></span> <span class='ocrx_word' id='word_1_257' title='bbox 1326 3162 1533 3222; x_wconf 89' lang='lat' dir='ltr'><strong>benemeritis</strong></span> <span class='ocrx_word' id='word_1_258' title='bbox 1548 3161 1631 3222; x_wconf 91' lang='lat' dir='ltr'><strong>bene</strong></span> 
     </span>
     <span class='ocr_line' id='line_1_31' title="bbox 432 3244 1631 3324; baseline 0 -19"><span class='ocrx_word' id='word_1_259' title='bbox 432 3244 523 3323; x_wconf 92' lang='lat' dir='ltr'><strong>loqui</strong></span> <span class='ocrx_word' id='word_1_260' title='bbox 554 3250 691 3324; x_wconf 90' lang='lat' dir='ltr'><strong>possunt</strong></span> <span class='ocrx_word' id='word_1_261' title='bbox 723 3264 781 3305; x_wconf 87' lang='lat' dir='ltr'><strong>nec</strong></span> <span class='ocrx_word' id='word_1_262' title='bbox 814 3245 865 3304; x_wconf 92' lang='lat' dir='ltr'><strong>his</strong></span> <span class='ocrx_word' id='word_1_263' title='bbox 894 3244 1082 3304; x_wconf 80' lang='lat' dir='ltr'><strong>benefacere</strong></span> <span class='ocrx_word' id='word_1_264' title='bbox 1111 3264 1131 3303; x_wconf 96' lang='grc'><strong>1</strong></span> <span class='ocrx_word' id='word_1_265' title='bbox 1160 3245 1279 3323; x_wconf 92' lang='lat' dir='ltr'><strong>quibus</strong></span> <span class='ocrx_word' id='word_1_266' title='bbox 1309 3244 1523 3305; x_wconf 88' lang='lat' dir='ltr'><strong>beneficentia</strong></span> <span class='ocrx_word' id='word_1_267' title='bbox 1550 3250 1631 3305; x_wconf 90' lang='lat' dir='ltr'><strong>sunt</strong></span> 
     </span>
     <span class='ocr_line' id='line_1_32' title="bbox 456 3330 612 3388; baseline 0 0"><span class='ocrx_word' id='word_1_268' title='bbox 456 3330 612 3388; x_wconf 87' lang='lat' dir='ltr'><strong>reuocati.</strong></span> 
     </span>
     <span class='ocr_line' id='line_1_33' title="bbox 432 3348 1631 3490; baseline -0.001 -18"><span class='ocrx_word' id='word_1_269' title='bbox 432 3348 455 3408; x_wconf 75' lang='lat' dir='ltr'>p</span> <span class='ocrx_word' id='word_1_270' title='bbox 474 3411 559 3484; x_wconf 81' lang='lat' dir='ltr'><strong>Quid</strong></span> <span class='ocrx_word' id='word_1_271' title='bbox 570 3413 670 3490; x_wconf 89' lang='lat' dir='ltr'><strong>igitur</strong></span> <span class='ocrx_word' id='word_1_272' title='bbox 681 3416 838 3490; x_wconf 88' lang='lat' dir='ltr'><strong>superest,</strong></span> <span class='ocrx_word' id='word_1_273' title='bbox 848 3410 1046 3490; x_wconf 90' lang='lat' dir='ltr'><strong>amplissime</strong></span> <span class='ocrx_word' id='word_1_274' title='bbox 1058 3411 1203 3484; x_wconf 87' lang='lat' dir='ltr'><strong>Praesul,</strong></span> <span class='ocrx_word' id='word_1_275' title='bbox 1215 3413 1276 3472; x_wconf 92' lang='lat' dir='ltr'><strong>nisi</strong></span> <span class='ocrx_word' id='word_1_276' title='bbox 1288 3417 1326 3471; x_wconf 91' lang='lat' dir='ltr'><strong>vt</strong></span> <span class='ocrx_word' id='word_1_277' title='bbox 1335 3416 1485 3471; x_wconf 91' lang='lat' dir='ltr'><strong>nostrum</strong></span> <span class='ocrx_word' id='word_1_278' title='bbox 1494 3410 1631 3489; x_wconf 90' lang='lat' dir='ltr'><strong>singulis</strong></span> 
     </span>
    </p>
   </div>
   <div class='ocr_carea' id='block_1_3' title="bbox 385 3492 1630 3740">
    <p class='ocr_par' dir='ltr' id='par_1_5' title="bbox 385 3492 1630 3740">
     <span class='ocr_line' id='line_1_34' title="bbox 432 3492 1630 3574; baseline 0 -19"><span class='ocrx_word' id='word_1_279' title='bbox 432 3495 601 3574; x_wconf 85' lang='lat' dir='ltr'><strong>magnifice</strong></span> <span class='ocrx_word' id='word_1_280' title='bbox 630 3494 792 3574; x_wconf 89' lang='lat' dir='ltr'><strong>gratuler:</strong></span> <span class='ocrx_word' id='word_1_281' title='bbox 830 3495 934 3554; x_wconf 90' lang='lat' dir='ltr'><strong>Mario</strong></span> <span class='ocrx_word' id='word_1_282' title='bbox 963 3513 1001 3554; x_wconf 90' lang='grc'><strong>10</strong></span> <span class='ocrx_word' id='word_1_283' title='bbox 1031 3492 1162 3554; x_wconf 89' lang='lat' dir='ltr'><strong>Stibaro</strong></span> <span class='ocrx_word' id='word_1_284' title='bbox 1191 3501 1323 3555; x_wconf 89' lang='lat' dir='ltr'><strong>auctam</strong></span> <span class='ocrx_word' id='word_1_285' title='bbox 1353 3496 1441 3555; x_wconf 89' lang='lat' dir='ltr'><strong>tanti</strong></span> <span class='ocrx_word' id='word_1_286' title='bbox 1470 3494 1630 3573; x_wconf 89' lang='lat' dir='ltr'><strong>Principis</strong></span> 
     </span>
     <span class='ocr_line' id='line_1_35' title="bbox 385 3576 1630 3656; baseline 0.001 -18"><span class='ocrx_word' id='word_1_287' title='bbox 385 3605 419 3656; x_wconf 79' lang='lat'><strong>35</strong></span> <span class='ocrx_word' id='word_1_288' title='bbox 432 3577 714 3650; x_wconf 90' lang='lat' dir='ltr'><strong>beneuolentiam;</strong></span> <span class='ocrx_word' id='word_1_289' title='bbox 745 3578 825 3637; x_wconf 92' lang='lat' dir='ltr'><strong>mihi</strong></span> <span class='ocrx_word' id='word_1_290' title='bbox 849 3579 901 3637; x_wconf 89' lang='lat' dir='ltr'><strong>cui</strong></span> <span class='ocrx_word' id='word_1_291' title='bbox 924 3583 994 3638; x_wconf 85' lang='lat' dir='ltr'><strong>tam</strong></span> <span class='ocrx_word' id='word_1_292' title='bbox 1018 3576 1156 3638; x_wconf 79' lang='lat' dir='ltr'><strong>felicit-er</strong></span> <span class='ocrx_word' id='word_1_293' title='bbox 1181 3580 1313 3639; x_wconf 90' lang='lat' dir='ltr'><strong>cesserit</strong></span> <span class='ocrx_word' id='word_1_294' title='bbox 1335 3578 1473 3639; x_wconf 90' lang='lat' dir='ltr'><strong>audacia</strong></span> <span class='ocrx_word' id='word_1_295' title='bbox 1498 3583 1537 3638; x_wconf 90' lang='lat' dir='ltr'><strong>vt</strong></span> <span class='ocrx_word' id='word_1_296' title='bbox 1563 3596 1630 3639; x_wconf 93' lang='lat' dir='ltr'><strong>non</strong></span> 
     </span>
     <span class='ocr_line' id='line_1_36' title="bbox 432 3661 1630 3740; baseline 0.001 -19"><span class='ocrx_word' id='word_1_297' title='bbox 432 3661 538 3722; x_wconf 92' lang='lat' dir='ltr'><strong>solum</strong></span> <span class='ocrx_word' id='word_1_298' title='bbox 561 3681 627 3721; x_wconf 91' lang='lat' dir='ltr'><strong>non</strong></span> <span class='ocrx_word' id='word_1_299' title='bbox 656 3661 845 3722; x_wconf 82' lang='lat' dir='ltr'><strong>offenderim</strong></span> <span class='ocrx_word' id='word_1_300' title='bbox 874 3661 1095 3740; x_wconf 87' lang='lat' dir='ltr'><strong>improbitate,</strong></span> <span class='ocrx_word' id='word_1_301' title='bbox 1125 3663 1366 3722; x_wconf 87' lang='lat' dir='ltr'><strong>verumetiam</strong></span> <span class='ocrx_word' id='word_1_302' title='bbox 1391 3663 1532 3739; x_wconf 85' lang='lat' dir='ltr'><strong>gratiam</strong></span> <span class='ocrx_word' id='word_1_303' title='bbox 1562 3680 1630 3722; x_wconf 92' lang='lat' dir='ltr'><strong>non</strong></span> 
     </span>
    </p>
   </div>
   <div class='ocr_carea' id='block_1_4' title="bbox 385 3743 1630 4408">
    <p class='ocr_par' dir='ltr' id='par_1_6' title="bbox 385 3743 1630 4408">
     <span class='ocr_line' id='line_1_37' title="bbox 431 3743 1630 3823; baseline 0.002 -19"><span class='ocrx_word' id='word_1_304' title='bbox 431 3743 626 3805; x_wconf 90' lang='lat' dir='ltr'><strong>mediocrem</strong></span> <span class='ocrx_word' id='word_1_305' title='bbox 641 3745 776 3817; x_wconf 91' lang='lat' dir='ltr'><strong>inierim,</strong></span> <span class='ocrx_word' id='word_1_306' title='bbox 791 3745 952 3805; x_wconf 89' lang='lat' dir='ltr'><strong>incorum</strong></span> <span class='ocrx_word' id='word_1_307' title='bbox 970 3763 1142 3804; x_wconf 89' lang='lat' dir='ltr'><strong>numerum</strong></span> <span class='ocrx_word' id='word_1_308' title='bbox 1163 3763 1245 3822; x_wconf 90' lang='lat' dir='ltr'><strong>quos</strong></span> <span class='ocrx_word' id='word_1_309' title='bbox 1262 3751 1300 3805; x_wconf 94' lang='lat' dir='ltr'><strong>tu</strong></span> <span class='ocrx_word' id='word_1_310' title='bbox 1316 3745 1459 3823; x_wconf 90' lang='lat' dir='ltr'><strong>dignaris</strong></span> <span class='ocrx_word' id='word_1_311' title='bbox 1483 3745 1630 3806; x_wconf 87' lang='lat' dir='ltr'><strong>amicicia</strong></span> 
     </span>
     <span class='ocr_line' id='line_1_38' title="bbox 431 3826 1630 3907; baseline 0.002 -20"><span class='ocrx_word' id='word_1_312' title='bbox 431 3834 492 3888; x_wconf 92' lang='lat' dir='ltr'><strong>tua</strong></span> <span class='ocrx_word' id='word_1_313' title='bbox 506 3834 690 3906; x_wconf 85' lang='lat' dir='ltr'><strong>cooptatus.</strong></span> <span class='ocrx_word' id='word_1_314' title='bbox 720 3826 783 3889; x_wconf 86' lang='lat' dir='ltr'><strong>Sed</strong></span> <span class='ocrx_word' id='word_1_315' title='bbox 793 3834 828 3888; x_wconf 92' lang='lat' dir='ltr'><strong>et</strong></span> <span class='ocrx_word' id='word_1_316' title='bbox 843 3827 915 3899; x_wconf 90' lang='lat' dir='ltr'><strong>tibi,</strong></span> <span class='ocrx_word' id='word_1_317' title='bbox 925 3827 1126 3907; x_wconf 91' lang='lat' dir='ltr'><strong>suspiciende</strong></span> <span class='ocrx_word' id='word_1_318' title='bbox 1137 3828 1355 3902; x_wconf 85' lang='lat' dir='ltr'><strong>Praesul,non</strong></span> <span class='ocrx_word' id='word_1_319' title='bbox 1364 3829 1472 3888; x_wconf 92' lang='lat' dir='ltr'><strong>minus</strong></span> <span class='ocrx_word' id='word_1_320' title='bbox 1480 3827 1630 3906; x_wconf 87' lang='lat' dir='ltr'><strong>gratulor</strong></span> 
     </span>
     <span class='ocr_line' id='line_1_39' title="bbox 431 3911 1629 3990; baseline 0.002 -19"><span class='ocrx_word' id='word_1_321' title='bbox 431 3911 532 3971; x_wconf 91' lang='lat' dir='ltr'><strong>istum</strong></span> <span class='ocrx_word' id='word_1_322' title='bbox 542 3913 697 3984; x_wconf 92' lang='lat' dir='ltr'><strong>animum,</strong></span> <span class='ocrx_word' id='word_1_323' title='bbox 708 3912 742 3971; x_wconf 95' lang='lat' dir='ltr'><strong>in</strong></span> <span class='ocrx_word' id='word_1_324' title='bbox 753 3916 850 3971; x_wconf 89' lang='lat' dir='ltr'><strong>tanta</strong></span> <span class='ocrx_word' id='word_1_325' title='bbox 859 3911 1020 3990; x_wconf 84' lang='lat' dir='ltr'><strong>dignitate</strong></span> <span class='ocrx_word' id='word_1_326' title='bbox 1031 3911 1467 3984; x_wconf 85' lang='lat' dir='ltr'><strong>modestissimum,intanta</strong></span> <span class='ocrx_word' id='word_1_327' title='bbox 1476 3912 1629 3973; x_wconf 82' lang='lat' dir='ltr'><strong>fortunae</strong></span> 
     </span>
     <span class='ocr_line' id='line_1_40' title="bbox 385 3993 1629 4073; baseline -0.001 -17"><span class='ocrx_word' id='word_1_328' title='bbox 385 4023 419 4073; x_wconf 85' lang='lat'><strong>40</strong></span> <span class='ocrx_word' id='word_1_329' title='bbox 431 3993 635 4072; x_wconf 90' lang='lat' dir='ltr'><strong>indulgentia</strong></span> <span class='ocrx_word' id='word_1_330' title='bbox 662 3995 897 4073; x_wconf 89' lang='lat' dir='ltr'><strong>incorruptum,</strong></span> <span class='ocrx_word' id='word_1_331' title='bbox 928 3995 961 4054; x_wconf 92' lang='lat' dir='ltr'><strong>in</strong></span> <span class='ocrx_word' id='word_1_332' title='bbox 989 4000 1043 4054; x_wconf 95' lang='lat' dir='ltr'><strong>tot</strong></span> <span class='ocrx_word' id='word_1_333' title='bbox 1066 3995 1272 4073; x_wconf 89' lang='lat' dir='ltr'><strong>negociorum</strong></span> <span class='ocrx_word' id='word_1_334' title='bbox 1295 3995 1391 4055; x_wconf 82' lang='lat' dir='ltr'><strong>vndis</strong></span> <span class='ocrx_word' id='word_1_335' title='bbox 1419 3994 1502 4055; x_wconf 91' lang='lat' dir='ltr'><strong>nihil</strong></span> <span class='ocrx_word' id='word_1_336' title='bbox 1526 4014 1629 4073; x_wconf 88' lang='lat' dir='ltr'><strong>aeque</strong></span> 
     </span>
     <span class='ocr_line' id='line_1_41' title="bbox 431 4076 1628 4156; baseline 0.001 -18"><span class='ocrx_word' id='word_1_337' title='bbox 431 4078 522 4138; x_wconf 92' lang='lat' dir='ltr'><strong>cordi</strong></span> <span class='ocrx_word' id='word_1_338' title='bbox 544 4077 719 4138; x_wconf 89' lang='lat' dir='ltr'><strong>habentem</strong></span> <span class='ocrx_word' id='word_1_339' title='bbox 742 4084 842 4156; x_wconf 92' lang='lat' dir='ltr'><strong>atque</strong></span> <span class='ocrx_word' id='word_1_340' title='bbox 864 4077 1029 4138; x_wconf 87' lang='lat' dir='ltr'><strong>Ecclesiae</strong></span> <span class='ocrx_word' id='word_1_341' title='bbox 1046 4076 1234 4139; x_wconf 83' lang='lat' dir='ltr'><strong>Catholicae</strong></span> <span class='ocrx_word' id='word_1_342' title='bbox 1253 4078 1433 4140; x_wconf 90' lang='lat' dir='ltr'><strong>commoda.</strong></span> <span class='ocrx_word' id='word_1_343' title='bbox 1477 4078 1526 4138; x_wconf 85' lang='lat' dir='ltr'><strong>Ea</strong></span> <span class='ocrx_word' id='word_1_344' title='bbox 1541 4098 1628 4139; x_wconf 89' lang='lat' dir='ltr'><strong>nunc</strong></span> 
     </span>
     <span class='ocr_line' id='line_1_42' title="bbox 431 4160 1629 4240; baseline 0.001 -19"><span class='ocrx_word' id='word_1_345' title='bbox 431 4167 485 4222; x_wconf 93' lang='lat' dir='ltr'><strong>tot</strong></span> <span class='ocrx_word' id='word_1_346' title='bbox 506 4160 660 4221; x_wconf 89' lang='lat' dir='ltr'><strong>fluctibus</strong></span> <span class='ocrx_word' id='word_1_347' title='bbox 681 4162 806 4221; x_wconf 90' lang='lat' dir='ltr'><strong>iactata</strong></span> <span class='ocrx_word' id='word_1_348' title='bbox 827 4160 922 4240; x_wconf 91' lang='lat' dir='ltr'><strong>plane</strong></span> <span class='ocrx_word' id='word_1_349' title='bbox 944 4162 995 4221; x_wconf 93' lang='lat' dir='ltr'><strong>tui</strong></span> <span class='ocrx_word' id='word_1_350' title='bbox 1017 4160 1175 4222; x_wconf 92' lang='lat' dir='ltr'><strong>similibus</strong></span> <span class='ocrx_word' id='word_1_351' title='bbox 1197 4161 1357 4222; x_wconf 89' lang='lat' dir='ltr'><strong>naucleris</strong></span> <span class='ocrx_word' id='word_1_352' title='bbox 1379 4167 1462 4240; x_wconf 91' lang='lat' dir='ltr'><strong>eget,</strong></span> <span class='ocrx_word' id='word_1_353' title='bbox 1484 4163 1540 4240; x_wconf 93' lang='lat' dir='ltr'><strong>qui</strong></span> <span class='ocrx_word' id='word_1_354' title='bbox 1562 4181 1629 4223; x_wconf 92' lang='lat' dir='ltr'><strong>non</strong></span> 
     </span>
     <span class='ocr_line' id='line_1_43' title="bbox 431 4243 1434 4324; baseline 0.001 -20"><span class='ocrx_word' id='word_1_355' title='bbox 431 4250 610 4322; x_wconf 90' lang='lat' dir='ltr'><strong>grauentur</strong></span> <span class='ocrx_word' id='word_1_356' title='bbox 624 4245 757 4324; x_wconf 90' lang='lat' dir='ltr'><strong>priuata</strong></span> <span class='ocrx_word' id='word_1_357' title='bbox 772 4244 943 4304; x_wconf 91' lang='lat' dir='ltr'><strong>commoda</strong></span> <span class='ocrx_word' id='word_1_358' title='bbox 957 4243 1078 4305; x_wconf 85' lang='lat' dir='ltr'><strong>Christi</strong></span> <span class='ocrx_word' id='word_1_359' title='bbox 1093 4244 1214 4322; x_wconf 87' lang='lat' dir='ltr'><strong>gloriae</strong></span> <span class='ocrx_word' id='word_1_360' title='bbox 1228 4244 1434 4324; x_wconf 87' lang='lat' dir='ltr'><strong>posthabere.</strong></span> 
     </span>
     <span class='ocr_line' id='line_1_44' title="bbox 473 4326 1628 4408; baseline 0.003 -21"><span class='ocrx_word' id='word_1_361' title='bbox 473 4326 592 4406; x_wconf 90' lang='lat' dir='ltr'><strong>Itaque</strong></span> <span class='ocrx_word' id='word_1_362' title='bbox 607 4329 653 4388; x_wconf 92' lang='lat' dir='ltr'><strong>sic</strong></span> <span class='ocrx_word' id='word_1_363' title='bbox 668 4327 730 4388; x_wconf 90' lang='lat' dir='ltr'><strong>sibi</strong></span> <span class='ocrx_word' id='word_1_364' title='bbox 745 4327 940 4408; x_wconf 88' lang='lat' dir='ltr'><strong>persuadeat</strong></span> <span class='ocrx_word' id='word_1_365' title='bbox 955 4333 1015 4388; x_wconf 86' lang='lat' dir='ltr'><strong>tue</strong></span> <span class='ocrx_word' id='word_1_366' title='bbox 1026 4328 1196 4402; x_wconf 89' lang='lat' dir='ltr'><strong>celsitudo,</strong></span> <span class='ocrx_word' id='word_1_367' title='bbox 1212 4329 1396 4401; x_wconf 85' lang='lat' dir='ltr'><strong>Erasmum,</strong></span> <span class='ocrx_word' id='word_1_368' title='bbox 1408 4334 1553 4407; x_wconf 89' lang='lat' dir='ltr'><strong>quantus</strong></span> <span class='ocrx_word' id='word_1_369' title='bbox 1567 4334 1628 4404; x_wconf 89' lang='lat' dir='ltr'><strong>est,</strong></span> 
     </span>
    </p>
   </div>
   <div class='ocr_carea' id='block_1_5' title="bbox 430 4469 1629 4736">
    <p class='ocr_par' dir='ltr' id='par_1_7' title="bbox 430 4469 1629 4736">
     <span class='ocr_line' id='line_1_45' title="bbox 463 4469 1628 4537; baseline 0.003 -18"><span class='ocrx_word' id='word_1_370' title='bbox 463 4484 489 4530; x_wconf 88' lang='lat'><strong>9.</strong></span> <span class='ocrx_word' id='word_1_371' title='bbox 508 4471 563 4536; x_wconf 88' lang='lat' dir='ltr'><strong>ipsi</strong></span> <span class='ocrx_word' id='word_1_372' title='bbox 574 4469 637 4519; x_wconf 81' lang='lat' dir='ltr'><strong>cdd.</strong></span> <span class='ocrx_word' id='word_1_373' title='bbox 650 4471 687 4519; x_wconf 67' lang='grc' dir='ltr'><strong>α’.</strong></span> <span class='ocrx_word' id='word_1_374' title='bbox 759 4485 797 4533; x_wconf 89' lang='grc'><strong>13.</strong></span> <span class='ocrx_word' id='word_1_375' title='bbox 816 4471 865 4521; x_wconf 90' lang='lat' dir='ltr'><strong>isti</strong></span> <span class='ocrx_word' id='word_1_376' title='bbox 876 4471 940 4520; x_wconf 83' lang='lat' dir='ltr'><strong>edd.</strong></span> <span class='ocrx_word' id='word_1_377' title='bbox 953 4469 984 4519; x_wconf 83' lang='lat' dir='ltr'><strong>J.</strong></span> <span class='ocrx_word' id='word_1_378' title='bbox 1053 4486 1095 4521; x_wconf 89' lang='grc' dir='ltr'><strong>2ο.</strong></span> <span class='ocrx_word' id='word_1_379' title='bbox 1114 4477 1321 4537; x_wconf 85' lang='lat' dir='ltr'><strong>extorquentur</strong></span> <span class='ocrx_word' id='word_1_380' title='bbox 1333 4491 1364 4521; x_wconf 80' lang='lat' dir='ltr'><strong>a:</strong></span> <span class='ocrx_word' id='word_1_381' title='bbox 1383 4477 1498 4523; x_wconf 86' lang='lat' dir='ltr'><strong>extorta</strong></span> <span class='ocrx_word' id='word_1_382' title='bbox 1508 4478 1577 4524; x_wconf 85' lang='lat' dir='ltr'><strong>sunt</strong></span> <span class='ocrx_word' id='word_1_383' title='bbox 1589 4474 1628 4524; x_wconf 88' lang='lat' dir='ltr'><strong>K.</strong></span> 
     </span>
     <span class='ocr_line' id='line_1_46' title="bbox 431 4536 1628 4605; baseline 0.004 -19"><span class='ocrx_word' id='word_1_384' title='bbox 431 4551 473 4587; x_wconf 88' lang='lat'><strong>21.</strong></span> <span class='ocrx_word' id='word_1_385' title='bbox 493 4574 500 4596; x_wconf 91' lang='lat'><strong>,</strong></span> <span class='ocrx_word' id='word_1_386' title='bbox 524 4538 723 4602; x_wconf 87' lang='lat' dir='ltr'><strong>expectatione</strong></span> <span class='ocrx_word' id='word_1_387' title='bbox 746 4536 777 4587; x_wconf 83' lang='lat' dir='ltr'><strong>J.</strong></span> <span class='ocrx_word' id='word_1_388' title='bbox 846 4551 921 4599; x_wconf 85' lang='lat'><strong>22-3.</strong></span> <span class='ocrx_word' id='word_1_389' title='bbox 939 4536 977 4586; x_wconf 86' lang='lat' dir='ltr'><strong>J:</strong></span> <span class='ocrx_word' id='word_1_390' title='bbox 1001 4538 1137 4588; x_wconf 87' lang='lat' dir='ltr'><strong>venirunt</strong></span> <span class='ocrx_word' id='word_1_391' title='bbox 1160 4557 1184 4588; x_wconf 86' lang='lat' dir='ltr'><strong>n.</strong></span> <span class='ocrx_word' id='word_1_392' title='bbox 1265 4553 1306 4602; x_wconf 85' lang='lat'><strong>24.</strong></span> <span class='ocrx_word' id='word_1_393' title='bbox 1324 4539 1421 4604; x_wconf 87' lang='lat' dir='ltr'><strong>qualia</strong></span> <span class='ocrx_word' id='word_1_394' title='bbox 1444 4557 1475 4589; x_wconf 84' lang='lat' dir='ltr'><strong>c:</strong></span> <span class='ocrx_word' id='word_1_395' title='bbox 1499 4555 1573 4605; x_wconf 87' lang='lat' dir='ltr'><strong>quae</strong></span> <span class='ocrx_word' id='word_1_396' title='bbox 1596 4540 1628 4591; x_wconf 83' lang='lat' dir='ltr'><strong>J.</strong></span> 
     </span>
     <span class='ocr_line' id='line_1_47' title="bbox 431 4603 1629 4671; baseline 0.003 -18"><span class='ocrx_word' id='word_1_397' title='bbox 431 4605 472 4654; x_wconf 88' lang='lat'><strong>28.</strong></span> <span class='ocrx_word' id='word_1_398' title='bbox 491 4603 653 4654; x_wconf 82' lang='lat' dir='ltr'><strong>ostendoJ.</strong></span> <span class='ocrx_word' id='word_1_399' title='bbox 699 4618 740 4666; x_wconf 87' lang='lat'><strong>30.</strong></span> <span class='ocrx_word' id='word_1_400' title='bbox 759 4604 802 4653; x_wconf 70' lang='lat'><strong>12²:</strong></span> <span class='ocrx_word' id='word_1_401' title='bbox 820 4604 856 4653; x_wconf 91' lang='lat' dir='ltr'><strong>de</strong></span> <span class='ocrx_word' id='word_1_402' title='bbox 868 4604 1050 4654; x_wconf 88' lang='lat' dir='ltr'><strong>benemeritis</strong></span> <span class='ocrx_word' id='word_1_403' title='bbox 1060 4620 1112 4654; x_wconf 86' lang='lat' dir='ltr'><strong>nec</strong></span> <span class='ocrx_word' id='word_1_404' title='bbox 1124 4605 1161 4654; x_wconf 78' lang='lat' dir='ltr'><strong>al.</strong></span> <span class='ocrx_word' id='word_1_405' title='bbox 1208 4619 1250 4668; x_wconf 84' lang='lat'><strong>31.</strong></span> <span class='ocrx_word' id='word_1_406' title='bbox 1267 4606 1305 4655; x_wconf 86' lang='lat' dir='ltr'><strong>J:</strong></span> <span class='ocrx_word' id='word_1_407' title='bbox 1323 4607 1435 4671; x_wconf 89' lang='lat' dir='ltr'><strong>possint</strong></span> <span class='ocrx_word' id='word_1_408' title='bbox 1447 4626 1472 4657; x_wconf 83' lang='grc' dir='ltr'><strong>α.</strong></span> <span class='ocrx_word' id='word_1_409' title='bbox 1516 4621 1629 4671; x_wconf 82' lang='grc'><strong>31-2.1</strong></span> 
     </span>
     <span class='ocr_line' id='line_1_48' title="bbox 430 4670 1443 4736; baseline 0.002 -15"><span class='ocrx_word' id='word_1_410' title='bbox 430 4670 535 4735; x_wconf 89' lang='lat' dir='ltr'><strong>quibus</strong></span> <span class='ocrx_word' id='word_1_411' title='bbox 548 4707 555 4721; x_wconf 94' lang='lat'><strong>.</strong></span> <span class='ocrx_word' id='word_1_412' title='bbox 569 4708 575 4721; x_wconf 94' lang='lat'><strong>.</strong></span> <span class='ocrx_word' id='word_1_413' title='bbox 590 4708 596 4720; x_wconf 89' lang='lat'><strong>.</strong></span> <span class='ocrx_word' id='word_1_414' title='bbox 610 4671 758 4736; x_wconf 86' lang='lat' dir='ltr'><strong>prouocati</strong></span> <span class='ocrx_word' id='word_1_415' title='bbox 770 4670 833 4720; x_wconf 81' lang='lat' dir='ltr'><strong>cdd.</strong></span> <span class='ocrx_word' id='word_1_416' title='bbox 847 4671 885 4721; x_wconf 72' lang='lat'><strong>⁴2¹.</strong></span> <span class='ocrx_word' id='word_1_417' title='bbox 953 4685 996 4736; x_wconf 87' lang='lat'><strong>41.</strong></span> <span class='ocrx_word' id='word_1_418' title='bbox 1014 4672 1163 4722; x_wconf 88' lang='lat' dir='ltr'><strong>commoda</strong></span> <span class='ocrx_word' id='word_1_419' title='bbox 1174 4672 1218 4721; x_wconf 68' lang='lat'><strong>0²:</strong></span> <span class='ocrx_word' id='word_1_420' title='bbox 1237 4673 1393 4723; x_wconf 82' lang='lat' dir='ltr'><strong>utilitatem</strong></span> <span class='ocrx_word' id='word_1_421' title='bbox 1405 4674 1443 4724; x_wconf 76' lang='lat' dir='ltr'><strong>cl.</strong></span> 
     </span>
    </p>
   </div>
   <div class='ocr_carea' id='block_1_6' title="bbox 430 4887 1585 5087">
    <p class='ocr_par' dir='ltr' id='par_1_8' title="bbox 430 4887 1585 5087">
     <span class='ocr_line' id='line_1_49' title="bbox 464 4887 1520 5003; baseline 0.004 -67"><span class='ocrx_word' id='word_1_422' title='bbox 464 4901 490 4951; x_wconf 84' lang='lat'><strong>3.</strong></span> <span class='ocrx_word' id='word_1_423' title='bbox 507 4887 714 4966; x_wconf 80' lang='lat' dir='ltr'><strong>commendaui]</strong></span> <span class='ocrx_word' id='word_1_424' title='bbox 726 4887 801 5003; x_wconf 56' lang='lat' dir='ltr'><strong>Epp.</strong></span> <span class='ocrx_word' id='word_1_425' title='bbox 815 4891 891 4952; x_wconf 85' lang='grc'><strong>2164,</strong></span> <span class='ocrx_word' id='word_1_426' title='bbox 904 4902 979 4951; x_wconf 89' lang='grc'><strong>2303.</strong></span> <span class='ocrx_word' id='word_1_427' title='bbox 1055 4888 1128 4938; x_wconf 87' lang='lat' dir='ltr'><strong>have</strong></span> <span class='ocrx_word' id='word_1_428' title='bbox 1139 4893 1200 4939; x_wconf 90' lang='lat' dir='ltr'><strong>met</strong></span> <span class='ocrx_word' id='word_1_429' title='bbox 1210 4890 1280 4939; x_wconf 82' lang='lat' dir='ltr'><strong>with</strong></span> <span class='ocrx_word' id='word_1_430' title='bbox 1292 4890 1366 4940; x_wconf 87' lang='lat' dir='ltr'><strong>little</strong></span> <span class='ocrx_word' id='word_1_431' title='bbox 1377 4906 1520 4956; x_wconf 88' lang='lat' dir='ltr'><strong>response.</strong></span> 
     </span>
     <span class='ocr_line' id='line_1_50' title="bbox 463 4955 1585 5023; baseline 0.006 -20"><span class='ocrx_word' id='word_1_432' title='bbox 463 4968 489 5017; x_wconf 81' lang='lat'><strong>5.</strong></span> <span class='ocrx_word' id='word_1_433' title='bbox 507 4969 587 5019; x_wconf 78' lang='lat' dir='ltr'><strong>prius</strong></span> <span class='ocrx_word' id='word_1_434' title='bbox 609 4956 749 5018; x_wconf 80' lang='lat' dir='ltr'><strong>ignotum]</strong></span> <span class='ocrx_word' id='word_1_435' title='bbox 798 4955 917 5005; x_wconf 86' lang='lat' dir='ltr'><strong>rasmus’</strong></span> <span class='ocrx_word' id='word_1_436' title='bbox 940 4956 1003 5005; x_wconf 82' lang='lat' dir='ltr'><strong>first</strong></span> <span class='ocrx_word' id='word_1_437' title='bbox 1088 4969 1130 5005; x_wconf 87' lang='lat'><strong>21.</strong></span> <span class='ocrx_word' id='word_1_438' title='bbox 1148 4955 1263 5017; x_wconf 85' lang='lat' dir='ltr'><strong>Seneca]</strong></span> <span class='ocrx_word' id='word_1_439' title='bbox 1275 4956 1343 5007; x_wconf 77' lang='lat' dir='ltr'><strong>Ben.</strong></span> <span class='ocrx_word' id='word_1_440' title='bbox 1356 4973 1381 5007; x_wconf 84' lang='lat'><strong>2.</strong></span> <span class='ocrx_word' id='word_1_441' title='bbox 1396 4973 1418 5007; x_wconf 94' lang='lat'><strong>1.</strong></span> <span class='ocrx_word' id='word_1_442' title='bbox 1431 4974 1464 5023; x_wconf 86' lang='lat'><strong>4:</strong></span> <span class='ocrx_word' id='word_1_443' title='bbox 1483 4973 1508 5009; x_wconf 89' lang='grc'><strong>2.</strong></span> <span class='ocrx_word' id='word_1_444' title='bbox 1520 4972 1546 5022; x_wconf 81' lang='lat'><strong>5.</strong></span> <span class='ocrx_word' id='word_1_445' title='bbox 1559 4973 1585 5022; x_wconf 84' lang='lat'><strong>3.</strong></span> 
     </span>
     <span class='ocr_line' id='line_1_51' title="bbox 430 5021 1442 5087; baseline 0.003 -16"><span class='ocrx_word' id='word_1_446' title='bbox 430 5026 551 5072; x_wconf 84' lang='lat' dir='ltr'><strong>venture</strong></span> <span class='ocrx_word' id='word_1_447' title='bbox 563 5021 594 5070; x_wconf 89' lang='lat' dir='ltr'><strong>in</strong></span> <span class='ocrx_word' id='word_1_448' title='bbox 609 5033 674 5082; x_wconf 82' lang='lat'><strong>1520</strong></span> <span class='ocrx_word' id='word_1_449' title='bbox 689 5021 755 5086; x_wconf 88' lang='lat' dir='ltr'><strong>(Ep.</strong></span> <span class='ocrx_word' id='word_1_450' title='bbox 773 5021 848 5086; x_wconf 81' lang='lat'><em>1124)</em></span> <span class='ocrx_word' id='word_1_451' title='bbox 864 5036 954 5072; x_wconf 87' lang='lat' dir='ltr'><strong>seems</strong></span> <span class='ocrx_word' id='word_1_452' title='bbox 971 5027 1003 5072; x_wconf 88' lang='lat' dir='ltr'><strong>tc</strong></span> <span class='ocrx_word' id='word_1_453' title='bbox 1087 5036 1129 5085; x_wconf 82' lang='lat'><strong>25.</strong></span> <span class='ocrx_word' id='word_1_454' title='bbox 1147 5022 1300 5085; x_wconf 85' lang='lat' dir='ltr'><strong>Homerus]</strong></span> <span class='ocrx_word' id='word_1_455' title='bbox 1312 5025 1349 5074; x_wconf 87' lang='grc'><strong>11.</strong></span> <span class='ocrx_word' id='word_1_456' title='bbox 1362 5038 1387 5087; x_wconf 86' lang='grc'><strong>3.</strong></span> <span class='ocrx_word' id='word_1_457' title='bbox 1400 5028 1442 5087; x_wconf 83' lang='grc'><strong>65.</strong></span> 
     </span>
    </p>
   </div>
   <div class='ocr_carea' id='block_1_7' title="bbox 0 0 2026 5900">
    <p class='ocr_par' dir='ltr' id='par_1_9' title="bbox 0 0 2026 5900">
     <span class='ocr_line' id='line_1_52' title="bbox 0 0 2026 5900; baseline 0 3"><span class='ocrx_word' id='word_1_458' title='bbox 0 0 2026 5900; x_wconf 95' lang='lat' dir='ltr'><strong> </strong></span> 
     </span>
    </p>
   </div>
  </div>
 </body>
</html>
