4042 5900
428 650 491 710 458
783 644 981 709 LETTERS
1003 645 1059 709 OF
1079 642 1282 707 ERASMUS
1556 645 1646 723 [1532

763 889 863 949 2616.
910 883 964 949 Το
987 883 1131 949 (lassis
1155 882 1289 947 Hrmo.

468 1020 635 1090 Strasburg
646 1019 710 1076 Ms.
725 1020 826 1092 Epist.
840 1021 912 1075 eccl.
927 1021 957 1075 ii.
972 1038 1023 1076 no.
1039 1033 1103 1089 207.
1397 1018 1574 1088 Freiburg.

1353 1108 1371 1162 3
1385 1093 1512 1147 March
1529 1109 1611 1162 1532.

463 1224 521 1284 [An
538 1222 655 1288 original
670 1223 763 1281 letter,
774 1223 936 1288 autograph
951 1223 1137 1288 throughout,
1155 1223 1184 1273 in
1198 1222 1247 1272 the
1264 1221 1409 1271 Archivee
1428 1228 1467 1272 et
1483 1222 1643 1285 strasburg.

429 1290 520 1340 Thera
532 1291 556 1339 is
566 1305 584 1339 a
595 1305 669 1354 copy
678 1290 708 1339 in
720 1290 770 1340 the
782 1289 881 1339 Simler
891 1288 1039 1339 collection
1050 1290 1080 1339 in
1091 1290 1141 1339 the
1149 1289 1248 1339 Zurich
1258 1288 1567 1339 Zentralbibliothek.
1590 1288 1645 1337 The

429 1357 515 1407 letter
523 1372 581 1406 was
592 1356 654 1407 first
665 1356 780 1421 printed
790 1356 828 1420 by
837 1355 864 1406 S.
873 1356 956 1413 Hess,
964 1356 1101 1407 Erasmus
1111 1372 1135 1405 v.
1146 1356 1309 1413 Rouerdom,
1324 1356 1355 1405 ii.
1365 1359 1433 1420 604,
1447 1356 1558 1405 Zurich
1569 1369 1643 1419 1790;

429 1424 487 1473 and
504 1438 581 1473 more
596 1423 722 1488 recently
733 1423 772 1486 by
782 1424 815 1473 Τ.
834 1423 878 1472 W.
895 1422 1020 1472 Rdhrich
1036 1424 1065 1473 in
1078 1422 1167 1474 aaa».
1186 1424 1213 1473 d.
1225 1422 1422 1487 Resormotion
1438 1424 1485 1473 im
1497 1423 1607 1473 scm.
1618 1424 1643 1472 ii

430 1504 487 1554 271.
534 1489 572 1540 of
593 1490 833 1555 correspondenee
855 1489 984 1540 between
1006 1489 1143 1540 Erasmus
1165 1490 1222 1539 snd
1244 1488 1341 1539 Hodie
1367 1489 1459 1539 there
1486 1490 1513 1539 is
1536 1496 1642 1543 emt

429 1556 541 1607 besides
552 1557 610 1607 this
621 1557 714 1614 letter,
726 1556 794 1620 only
805 1557 860 1621 Ep.
875 1569 939 1622 1459
950 1556 980 1607 oi
989 1557 1098 1617 (June)
1109 1569 1174 1622 1524
1184 1556 1242 1607 and
1251 1556 1314 1606 Ea·
1324 1557 1376 1606 128
1385 1556 1420 1607 oi
1432 1570 1471 1621 ²4
1480 1556 1553 1622 May
1563 1556 1641 1619 1535]

472 1671 502 1734 S.
520 1673 555 1735 P.
598 1672 648 1733 De
663 1673 769 1732 missis
785 1671 907 1733 litteris
925 1691 1000 1733 cmo
1017 1678 1061 1746 te,
1076 1674 1127 1734 vir
1143 1673 1277 1753 optimc,
1292 1691 1382 1750 quae
1401 1674 1553 1733 tametsi
1567 1670 1640 1731 nihil

429 1758 507 1818 noui
531 1757 733 1828 nunciarent,
759 1761 872 1816 tamen
896 1755 949 1816 vel
974 1755 1017 1816 ob
1039 1756 1100 1817 hoc
1122 1756 1212 1817 luere
1232 1756 1461 1836 gratissimae,
1486 1755 1580 1834 quod
1602 1755 1638 1815 ab

430 1840 536 1900 amico
553 1838 647 1917 longe
667 1838 897 1900 candidissimo
915 1840 1075 1900 venirent.
1119 1838 1407 1913 Quemadmodum
1430 1846 1487 1913 tu,
1512 1844 1554 1899 vt
1571 1839 1637 1899 scri·

430 1924 489 1996 bis,
504 1943 525 1983 a
539 1922 637 1983 solito
651 1922 793 1983 candore
808 1929 868 1983 tuo
882 1941 949 1983 non
963 1923 1097 1996 recedis,
1112 1923 1160 1984 ita
1174 1942 1234 2001 ego
1252 1921 1335 1982 nihil
1355 1923 1393 1982 in
1410 1927 1451 1983 te
1470 1923 1636 1984 amarioris

401 2006 569 2084 5affectus
583 2025 730 2085 vnquam
744 2006 887 2085 concepi.
931 2003 966 2067 Si
980 2005 1061 2085 quid
1075 2005 1135 2067 abs
1151 2013 1183 2067 te
1198 2011 1373 2085 peccatum
1388 2012 1482 2079 erat,
1504 2005 1636 2067 candma

430 2095 602 2170 peccatum
619 2095 679 2150 est.
724 2088 923 2151 Oonsuluisti
940 2089 1184 2170 periclitatum:
1206 2107 1401 2168 quanquam
1423 2107 1636 2169 sepenumero

429 2173 595 2235 consulere
616 2172 774 2253 improbis
794 2178 845 2234 est
865 2171 972 2233 ledere
992 2172 1122 2252 probos.
1166 2171 1370 2233 Industriam
1390 2178 1496 2233 tuam
1518 2174 1554 2233 in
1574 2191 1634 2232 ver·

431 2256 538 2318 tendis
552 2258 652 2318 sacris
667 2256 840 2318 autoribus
859 2256 971 2335 probo,
993 2258 1127 2317 tametsi
1148 2261 1310 2334 quantum
1331 2274 1376 2315 ex
1399 2255 1559 2334 epistolis
1576 2255 1633 2315 tuis

430 2340 548 2413 iudico,
570 2340 680 2401 videre
706 2339 786 2400 mihi
809 2340 924 2400 maiori
947 2340 1133 2419 prouinciae
1155 2339 1299 2412 idoneus,
1323 2337 1380 2399 vel
1404 2338 1442 2398 in
1471 2338 1584 2399 Grecis
1605 2340 1633 2397 in

387 2450 418 2486 10
431 2423 576 2503 linguam
602 2422 755 2483 Latinam
770 2422 936 2484 vertendis
961 2422 1014 2482 vel
1043 2424 1212 2501 scripturis
1240 2422 1368 2482 arcanis
1397 2422 1633 2483 commentario

430 2504 654 2588 explanandis,
670 2507 697 2566 si
710 2506 795 2567 forte
812 2504 933 2567 Graece
953 2506 1065 2567 nescis.
1108 2504 1172 2566 Sed
1191 2504 1339 2566 fortassis
1361 2505 1462 2566 videt
1483 2513 1546 2567 tua
1565 2523 1630 2585 pru·

431 2590 545 2651 dentis
563 2589 664 2650 turba
684 2590 993 2658 commentariorum
1014 2588 1181 2649 obscurari
1201 2590 1382 2668 scripturas
1404 2591 1523 2650 verius
1540 2607 1629 2669 quam

430 2672 596 2753 explicari.
640 2671 719 2745 Quis
746 2692 813 2734 non
840 2673 970 2751 scripsit
998 2673 1033 2732 iu
1062 2671 1233 2733 Psalmosl
1275 2671 1392 2751 Nuper
1420 2670 1630 2733 Certusianus

431 2756 566 2835 quidam
580 2756 689 2817 emisit
699 2756 812 2836 ingens
822 2755 976 2817 volumen
987 2755 1077 2835 apud
1088 2753 1256 2817 Coloniam
1266 2754 1502 2835 Agrippinam.
1540 2754 1629 2816 Sado

388 2840 518 2916 15letl18
532 2839 713 2920 Episcopus
727 2838 974 2918 Carpentoracti
989 2839 1105 2900 scribit
1118 2840 1153 2899 in
1166 2838 1332 2918 Epistulas
1347 2837 1460 2899 Pauli.

473 2922 577 3004 Cupio
591 2923 671 2984 scire
685 2922 764 3002 quid
779 2928 857 3003 agat
872 2922 912 2985 R.
930 2922 965 2985 P.
982 2922 1105 2985 Paulus
1116 2922 1257 2995 Volziua
1268 2940 1348 2984 num
1364 2924 1514 2984 mutatis
1525 2922 1630 2984 castris

432 3009 482 3069 sui
497 3007 610 3068 similis
624 3026 693 3068 esse
707 3012 831 3086 pergat.
874 3006 961 3068 Nam
975 3013 1076 3067 antee
1089 3008 1232 3086 comperi
1247 3005 1414 3067 hominem
1430 3007 1474 3067 iis
1494 3007 1631 3068 moribus

432 3099 471 3152 vt
485 3091 663 3151 sanctiores
677 3091 843 3169 magisque
860 3091 972 3151 niueos
987 3109 1028 3151 ne
1042 3096 1157 3169 optare
1171 3090 1302 3167 quidem
1318 3091 1435 3168 possis.
1483 3091 1528 3151 Ei
1541 3108 1632 3169 queso

432 3175 574 3235 salutem
588 3173 678 3234 dices
695 3174 776 3234 meis
795 3173 912 3234 verbis.
957 3174 1075 3234 Precor
1094 3180 1133 3234 vt
1152 3172 1300 3234 Christus
1319 3178 1354 3233 et
1374 3173 1585 3254 principibus
1603 3179 1631 3233 et

387 3283 420 3320 20
433 3257 624 3319 ciuitatibus
639 3258 795 3336 inspirare
810 3257 962 3336 dignetur
976 3255 1110 3337 pacifica
1124 3255 1342 3335 salubriaque.
1388 3256 1484 3318 Bene
1500 3257 1585 3318 vale.

474 3341 623 3419 Friburgi
638 3357 666 3417 3.
683 3340 735 3401 die
749 3340 870 3402 Martii.
887 3353 979 3416 1532.

909 3424 1065 3485 Erasmus
1080 3423 1157 3485 Rot.
1174 3442 1247 3484 mea
1261 3442 1361 3484 manu
1375 3441 1419 3483 ex
1435 3431 1598 3505 tempore.

476 3525 615 3586 Erudito
630 3525 700 3586 viro
715 3524 755 3586 D.
771 3523 905 3605 Oaspuri
921 3523 1062 3585 Hedioni
1077 3524 1304 3585 Ecclesiastac.
1412 3524 1632 3605 Argentorati.

779 3888 880 3950 2617.
927 3885 980 3950 To
1003 3885 1105 3951 Jonn
1129 3886 1286 3952 annaa

474 4020 569 4074 Basil.
583 4020 631 4074 De
643 4019 788 4076 laudibus
802 4020 907 4076 ieiunii
920 4022 942 4077 i.
958 4038 975 4076 2
989 4027 1040 4093 (a).
1396 4023 1566 4096 Freiburg.

472 4095 571 4150 Lond.
585 4095 668 4150 xxix.
682 4111 736 4162 92:
757 4097 820 4151 LB.
835 4097 898 4152 viii.
914 4111 979 4165 535.
1353 4097 1501 4167 (March)
1519 4116 1601 4171 1532·

468 4223 540 4284 [The
552 4222 663 4287 prefece
675 4229 706 4273 to
717 4223 797 4274 Daue
809 4224 948 4275 Homilioa
959 4224 1024 4274 diui
1034 4224 1140 4275 Basilii
1153 4225 1185 4273 da
1198 4224 1340 4275 Laudibus
1353 4224 1475 4285 lucinii,
1490 4227 1633 4291 Freiburg.

436 4290 478 4340 Io.
495 4290 640 4350 Emmeus,
657 4304 730 4353 1532.
765 4291 825 4340 'Pha
839 4290 914 4341 book
928 4292 986 4341 snd
1002 4291 1053 4342 the
1069 4290 1181 4356 preiace
1195 4290 1288 4341 laclia
1302 4292 1502 4351 mouth-date,
1522 4295 1578 4345 but
1590 4295 1633 4344 the

434 4356 548 4422 preisce
567 4356 634 4421 (Ep.
655 4357 732 4417 2618)
753 4363 785 4408 to
805 4359 855 4407 the
874 4358 999 4409 Precatio
1018 4374 1070 4422 pro
1091 4358 1161 4408 Pace
1181 4358 1325 4416 Ecdesioe,
1347 4359 1442 4409 which
1459 4359 1574 4412 iollowa
1590 4361 1633 4411 the

434 4425 466 4474 de
479 4424 622 4475 Muribus
632 4424 656 4473 ia
667 4423 755 4474 dated
766 4437 782 4486 5
793 4424 889 4475 March
903 4439 976 4489 1532.

468 4492 558 4541 There
575 4491 599 4540 ia
615 4505 634 4539 a
650 4501 698 4539 us.
718 4505 792 4555 copy
810 4492 925 4552 (xviiia.)
948 4492 978 4542 oi
1000 4493 1059 4542 this
1078 4492 1163 4542 letter
1182 4492 1211 4541 in
1229 4492 1279 4542 the
1295 4491 1501 4558 Bibliotheque
1519 4494 1631 4560 Royan.

434 4557 563 4608 Brussels
572 4556 640 4618 (MS.
650 4558 737 4621 4455),
745 4557 776 4607 oi
782 4558 882 4617 which,
892 4558 1030 4617 however,
1036 4560 1086 4610 the
1091 4559 1218 4610 variants
1225 4559 1632 4627 arepurelyerthographical.]

468 4739 544 4816 2616ἱ
561 4742 586 4789 6.
605 4739 812 4805 pericliteturo]
881 4740 1008 4820 Perhaps
1058 4742 1188 4806 Cologne,
1200 4743 1233 4793 P.
1245 4741 1377 4802 Quentel,
1391 4755 1465 4806 1531.

434 4804 583 4920 tsdddoemn
604 4807 724 4866 Franck,
746 4823 792 4858 see
809 4807 863 4872 Ep.
883 4822 946 4872 2441
965 4824 1006 4857 m·
1058 4874 1068 4925 Ι
1068 4821 1185 4926 &13an
1196 4809 1428 4927 ,ὃγιῒὲιεξξξιιιέὓ.1Ξῶ
1438 4810 1630 4929 ξέἐιιίιῃέωθὶοὼ

470 4908 509 5000 14:
527 4939 627 5018 ingens
660 4941 811 5019 columen]
852 4941 1008 5019 Dionysias
1058 4957 1095 4992 on
1107 4941 1249 5001 Romans3
1266 4892 1381 4993 seegLB.
1395 4956 1471 4994 1220.
1573 4886 1631 4942 my

435 5003 640 5057 (lantonem
655 5025 686 5058 m
701 5008 827 5060 Psalmoa
844 5014 869 5058 el
882 5007 1006 5067 cantica,
1094 5012 1134 5059 16.
1153 5009 1276 5070 Volzius]
1289 5010 1340 5061 See
1350 5009 1405 5074 Ep.
1418 5011 1471 5074 368
1482 5011 1590 5064 introd.
