4042 5900
461 623 523 684 300
787 618 986 682 LETTERS
1007 618 1064 682 OF
1084 616 1289 681 ERASMUS
1571 620 1661 698 [1531

460 785 594 841 tuorum
615 780 810 859 scriptorum
832 778 971 840 lectione
992 796 1126 839 recreor.
1169 776 1285 855 Neque
1305 777 1333 838 is
1353 795 1426 837 sum
1448 778 1509 855 qui
1531 784 1663 857 captam

459 882 574 924 causas
602 862 797 924 detrahendi
821 863 984 940 cuiquam,
1009 862 1118 921 minus
1145 861 1246 921 etiam
1274 859 1496 921 eruditissimo
1526 860 1662 934 homini,

458 947 551 1006 cuius
570 945 691 1007 debent
711 964 822 1007 omnes
842 945 1008 1005 laboribus
1022 950 1057 1004 44
1071 943 1239 1004 doctrinae
1253 942 1439 1022 plurimum.
1485 943 1661 1023 Ingenium

395 1038 445 1099 465
459 1028 538 1089 mihi
552 1035 603 1090 444
617 1029 660 1089 ab
675 1030 763 1089 omni
778 1028 901 1089 odiost
916 1028 1040 1088 inuidia
1054 1026 1296 1088 alienissimum.
1335 1025 1425 1087 Nihil
1439 1028 1554 1088 minus
1570 1030 1661 1089 venit

460 1114 661 1191 [quicquam]
677 1114 711 1172 in
725 1118 869 1173 mentem
887 1130 986 1190 quam
1001 1116 1041 1171 vt
1054 1111 1221 1189 priuatum
1236 1109 1339 1182 illum,
1354 1128 1452 1188 quem
1467 1116 1660 1190 suspectum

458 1195 612 1268 habuisti,
627 1195 783 1257 affectum
797 1196 831 1255 in
845 1196 1032 1274 quempiam
1046 1194 1256 1272 conciperem.

500 1278 540 1339 In
561 1278 782 1359 Augustinum
804 1279 912 1358 igitur,
934 1283 974 1338 vt
994 1277 1038 1338 ad
1062 1277 1229 1355 superiora
1254 1281 1409 1349 reuertar,
1432 1277 1467 1336 in
1493 1277 1660 1356 prioribus

456 1361 664 1436 editionibus,
680 1381 755 1423 cum
769 1363 877 1423 neseio
892 1361 970 1441 quid
986 1380 1079 1421 secus
1094 1379 1193 1439 quam
1214 1359 1276 1421 tibi
1290 1361 1397 1420 visum
1412 1359 1541 1434 luisset,
1558 1362 1658 1422 inter-

394 1466 445 1517 470
457 1452 608 1524 pretatus
632 1452 727 1519 esset,
753 1447 798 1506 sic
820 1444 1097 1506 destomacharis:
1132 1441 1293 1505 ‘Obsecro
1318 1449 1362 1516 44,
1384 1443 1498 1516 lector,
1522 1462 1595 1506 non
1618 1464 1659 1505 ne

457 1528 589 1590 videtur
606 1529 668 1590 tibi
687 1531 809 1589 versari
826 1531 860 1589 in
879 1528 945 1589 alio
964 1527 1129 1589 mundoi'
1173 1526 1268 1587 Hanc
1289 1533 1359 1587 tam
1381 1527 1658 1589 contumeliosam

457 1611 791 1673 destomachationem
813 1614 847 1671 in
868 1611 1102 1690 posterioribus
1122 1610 1330 1682 editionibus,
1348 1616 1387 1670 vt
1408 1609 1515 1683 video,
1538 1618 1659 1691 postea

456 1696 623 1775 mitigasti.
654 1694 759 1770 Quam
787 1697 926 1768 nauiter,
956 1700 995 1755 vt
1028 1694 1121 1767 soles,
1150 1693 1336 1754 dissimulas
1365 1692 1427 1754 hoc
1456 1693 1552 1755 loco!
1609 1694 1658 1757 De

456 1781 595 1839 nominis
612 1779 810 1857 etymologia
829 1778 909 1839 nihil
929 1777 1111 1838 contendo:
1135 1783 1267 1837 tantum
1286 1776 1378 1849 illud,
1393 1777 1484 1855 quod
1499 1797 1560 1857 per
1575 1778 1656 1839 obli·

393 1877 442 1927 475
455 1863 584 1923 uionem
600 1863 745 1923 omiseris
760 1862 879 1922 dixisse
893 1861 927 1922 id
941 1860 1151 1940 Cyprianum.
1195 1859 1247 1919 Do
1261 1866 1374 1920 autem
1389 1859 1460 1932 tibi,
1475 1879 1518 1920 ne
1533 1869 1658 1923 cuncta

455 1945 596 2006 voluisse
625 1945 799 2006 defendere
827 1945 950 2017 videar,
979 1944 1134 2023 frigidum
1163 1949 1385 2004 commentum
1413 1962 1483 2004 esse
1512 1947 1657 2006 nominis

454 2028 570 2089 Adam.
608 2028 671 2090 Sed
685 2035 719 2089 et
733 2048 805 2089 eam
820 2028 1053 2107 etymologiam
1067 2046 1145 2099 esse,
1159 2026 1283 2087 inficias
1296 2028 1343 2086 ire
1356 2045 1422 2086 non
1435 2032 1542 2105 potes.
1582 2028 1657 2090 Hoc

453 2130 513 2189 ego
542 2111 701 2185 dicebam,
730 2113 894 2190 mirorque
928 2118 962 2172 te
990 2110 1025 2171 id
1056 2129 1157 2188 genus
1189 2110 1404 2188 etymologias
1439 2111 1473 2169 in
1503 2109 1656 2173 Platonis

453 2192 629 2273 Oratyl[l]o
649 2214 715 2256 non
736 2196 864 2256 vidisse.
909 2194 960 2254 An
982 2213 1048 2254 non
1069 2193 1173 2254 simile
1194 2198 1245 2254 cst
1270 2193 1359 2271 quod
1383 2194 1432 2253 ait
1456 2192 1498 2253 de
1518 2196 1656 2256 nomine

391 2281 441 2345 480
454 2276 533 2342 Ζεὺς
547 2277 630 2351 Διός,
646 2280 739 2357 quasi
753 2278 862 2340 dictus
879 2279 923 2338 sit
936 2276 976 2337 δι’
991 2276 1027 2336 ὃν
1044 2276 1118 2356 ζωή,
1132 2283 1168 2337 44
1181 2276 1301 2356 Apollo
1317 2278 1411 2355 quasi
1425 2275 1461 2341 ὃς
1474 2275 1653 2354 ὁμοπολῶν,

453 2362 591 2421 mutatis
608 2362 720 2434 literis,
738 2367 773 2422 et
792 2361 826 2422 id
844 2380 945 2440 genus
966 2359 1052 2433 alia;
1075 2366 1211 2438 atquae
1231 2359 1443 2421 creberrimae
1464 2367 1544 2421 sunt
1560 2362 1654 2441 apud

453 2444 649 2523 professores
670 2443 821 2517 Cabalae,
844 2446 871 2505 si
892 2445 1000 2524 placet
1022 2443 1218 2522 exemplum.
1262 2443 1331 2504 Nec
1352 2462 1492 2522 vsquam
1513 2451 1567 2505 est
1589 2445 1653 2507 hoo

452 2530 636 2606 argumenti
655 2547 774 2606 genus:
798 2527 909 2588 ‘Haec
927 2530 998 2588 ouis
1017 2534 1068 2588 est
1087 2525 1246 2599 morbida,
1261 2526 1344 2587 nulli
1363 2528 1463 2605 igitur
1483 2534 1563 2588 sunt
1578 2530 1651 2590 sani

453 2609 584 2672 boues’.
628 2610 797 2685 Quantum
822 2613 909 2671 euim
933 2611 976 2671 ab
1002 2611 1063 2671 hac
1088 2611 1215 2671 ratione
1240 2609 1492 2689 argumentandi
1517 2610 1650 2685 distem,

389 2694 439 2757 4⁸5
453 2698 512 2753 tuo
529 2701 564 2755 44
583 2694 722 2756 aliorum
742 2694 861 2755 iudicio
882 2694 1039 2772 relinquo.
1083 2692 1147 2754 Sed
1168 2712 1272 2771 nugae
1289 2693 1414 2754 isthaec
1429 2694 1504 2765 sint,
1520 2699 1557 2754 44
1571 2714 1651 2773 pue·

452 2776 532 2849 rilia,
555 2797 639 2856 quae
657 2784 693 2838 44
713 2784 752 2839 444
771 2797 876 2856 aequo
896 2777 1042 2856 longiora
1058 2776 1173 2837 iecisti.
1218 2776 1258 2836 In
1279 2795 1318 2836 44
1339 2778 1439 2855 igitur
1460 2782 1531 2838 tam
1552 2778 1650 2839 vehe-

451 2862 563 2933 menti,
586 2867 657 2922 tam
678 2863 791 2934 atroci,
815 2869 885 2922 tam
907 2863 1006 2932 varia,
1030 2866 1069 2920 vt
1090 2866 1128 2920 444
1150 2861 1208 2932 414,
1231 2860 1542 2934 destomachatione,
1565 2879 1651 2940 quos

450 2951 572 3023 petam,
588 2945 707 3024 quibus
721 2945 902 3007 rationibus
916 2944 1089 3016 adductus,
1104 2943 1200 3005 facile
1214 2943 1511 3023 intelligerepotes.
1553 2942 1650 3018 Quod

451 3029 478 3087 si
501 3029 534 3088 in
556 3035 590 3089 te
612 3036 671 3090 tua
688 3031 852 3108 grauitate
872 3029 1034 3107 indignius
1055 3027 1180 3106 aliquid
1202 3028 1321 3088 dixisse
1343 3028 1466 3100 videar,
1490 3047 1557 3089 non
1578 3032 1648 3091 4441-

387 3125 438 3176 490
451 3130 505 3171 mo
530 3112 573 3172 ad
596 3113 779 3174 nocendum
805 3112 979 3184 destinato,
1002 3112 1060 3173 sed
1085 3130 1144 3191 pro
1166 3109 1352 3172 Christiana
1376 3111 1538 3190 dignitate
1564 3114 1649 3174 indi·

449 3199 640 3272 gnante<m>
663 3215 714 3256 me
737 3197 771 3256 id
796 3196 915 3256 dixisse
940 3197 1127 3256 existimare
1149 3195 1256 3255 debes.
1300 3195 1458 3255 Videbam
1482 3197 1649 3275 optimum

449 3296 549 3355 genus
569 3280 701 3356 pietatis
718 3280 831 3340 14414441
851 3280 1063 3357 contemptui,
1082 3278 1234 3339 videbam
1256 3280 1365 3338 omnia
1384 3280 1545 3351 suscitari,
1562 3299 1649 3358 quae

449 3360 639 3422 Iouinianus
663 3382 723 3423 suo
748 3369 894 3442 tempore
919 3363 1100 3423 conabatur
1124 3362 1286 3434 inuehere‚
1316 3361 1464 3441 adquae
1488 3365 1649 3425 acerrima

448 3445 653 3504 irritamenta
673 3465 691 3506 4
713 3446 803 3506 1114414
825 3448 891 3506 tuis
911 3445 1120 3525 petebantur.
1164 3443 1259 3519 Quod
1278 3447 1304 3505 si
1327 3451 1374 3517 tu,
1393 3451 1432 3505 vt
1453 3465 1513 3525 par
1529 3453 1590 3519 est,
1613 3448 1649 3508 in

385 3542 435 3592 495
448 3528 512 3587 ista
540 3530 730 3606 grauissima
758 3531 1026 3607 sanctissimaque
1054 3534 1164 3589 aetate
1192 3529 1298 3589 multa
1331 3531 1501 3602 reuocasti,
1535 3531 1649 3591 omnia

448 3612 579 3671 mitiora
597 3611 712 3685 1401441,
729 3619 802 3673 tum
819 3614 942 3691 gratias
962 3611 1163 3672 immortales
1181 3611 1251 3672 Deo
1269 3612 1374 3673 1441440
1391 3612 1549 3691 plurimas
1571 3620 1646 3674 tum

447 3714 499 3755 me
521 3694 659 3773 posthac
680 3696 834 3775 polliceor
855 3696 923 3756 iore
945 3701 980 3755 et
1002 3696 1137 3776 pietatis
1158 3701 1193 3755 44
1214 3696 1406 3757 eruditionis
1425 3703 1502 3757 tuae
1522 3696 1648 3776 vbique

447 3777 663 3839 laudatorem.
709 3779 789 3840 Ideo
818 3780 858 3840 de
887 3778 1000 3839 delirio
1029 3798 1114 3857 quae
1143 3785 1213 3839 tam
1246 3779 1352 3839 multa
1380 3780 1647 3858 indignabundus

447 3861 600 3935 effudisti,
616 3862 744 3923 nullum
767 3862 890 3922 habent
904 3862 956 3922 hio
976 3862 1103 3923 locum:
1127 3864 1341 3940 nequeenim,
1357 3869 1396 3923 vt
1410 3869 1448 3924 tu
1464 3863 1645 3938 arbitraris,

385 3958 434 4005 500
446 3947 480 4006 in
500 3952 642 4008 aetatem
658 3953 751 4007 tuam
771 3965 810 4006 ea
824 3945 914 4006 dicta
934 3951 1032 4017 sunt;
1055 3948 1135 4005 satis
1153 3947 1240 4005 enim
1259 3953 1310 4007 444
1323 3952 1530 4025 perspectum
1545 3965 1644 4025 quor·

446 4048 518 4089 sum
542 4049 581 4091 ea
606 4032 802 4110 pertineant.
845 4028 932 4090 Nam
957 4027 1128 4106 Colloquia
1152 4035 1186 4090 44
1215 4028 1457 4108 Exomologesis
1485 4031 1646 4108 grauioris

445 4114 566 4173 aetatis
588 4119 664 4174 tuae
685 4114 929 4176 lucubrationes
951 4118 1038 4173 sunt.
1083 4111 1172 4173 Illud
1197 4131 1337 4191 quoque,
1362 4114 1441 4191 quia
1464 4113 1507 4173 ab
1532 4115 1646 4176 animo

445 4213 518 4255 meo
532 4202 583 4257 est
596 4196 839 4271 alienissimum,
851 4197 962 4277 potius
976 4195 1065 4257 rideo
1077 4215 1176 4275 quam
1188 4196 1302 4257 4414110
1313 4196 1402 4275 quod
1416 4196 1645 4258 admiscuerim

478 4314 537 4375 480.
556 4311 704 4363 δι’ὃνῐιΒι
723 4312 812 4364 bioca.
898 4315 958 4380 489.
976 4313 1084 4379 aliquid
1096 4314 1275 4377 scripsimus:
1294 4314 1408 4379 aliquod
1421 4334 1445 4363 α.
1527 4330 1587 4379 493.
1606 4318 1645 4368 ad

445 4378 534 4441 04448.
603 4393 660 4443 504.
678 4385 723 4430 444
734 4381 799 4431 LB:
817 4398 870 4433 om.
882 4400 907 4431 0.

478 4522 569 4572 470-4.
588 4510 748 4562 Obsecro..
763 4514 1015 4575 ,mundounavs
1100 4528 1158 4580 479·
1176 4515 1336 4581 Cratylss]o]
1352 4516 1394 4566 cf.
1411 4517 1465 4582 Ep.
1482 4520 1558 4582 4465.
1577 4523 1645 4582 169-

444 4577 529 4638 64oc;
549 4576 585 4626 01.
604 4578 658 4642 Ep.
680 4583 755 4643 4465.
776 4581 835 4643 448.
870 4581 946 4632 That
966 4583 1016 4633 the
1067 4596 1108 4647 77.

443 4641 624 4708 disparaging
640 4652 772 4697 sentence
792 4646 850 4696 had
869 4649 982 4699 excited
998 4665 1017 4699 a
1100 4652 1159 4715 480.
1177 4649 1210 4700 δι’
1219 4649 1401 4715 ὂνζο4110444.
1410 4655 1469 4714 396.
1478 4649 1605 4718 444440.
1617 4692 1643 4705 ..

443 4708 1018 4778 gooddealoicommentmaybeinlerred
1068 4715 1181 4782 ὑπάρχει.

442 4776 517 4826 irem
533 4777 584 4828 the
603 4778 662 4828 1444
681 4781 747 4831 41444
767 4781 791 4830 Ι,
832 4782 890 4832 sius
910 4782 941 4832 in
960 4782 1017 4848 Ep.
1135 4783 1164 4839 ὃς
1179 4783 1321 4849 ὁμοπολῶν]
1337 4785 1413 4836 Crat.
1428 4800 1487 4850 405,
1500 4785 1642 4852 6441νό440-

441 4855 501 4902 900.
514 4857 539 4892 2.
555 4844 738 4912 humorously
753 4863 813 4913 app
827 4850 865 4899 'ea
881 4854 914 4900 40
931 4848 1015 4900 Eras-
1065 4850 1158 4901 4401444.

441 4911 1016 4981 musthetarmsusedbyErasmussbout
1098 4919 1157 4983 483.
1175 4921 1335 4984 argumenti
1342 4919 1441 4985 genus]
1448 4919 1492 4971 Ci.
1500 4920 1555 4987 Ep.
1564 4927 1641 4988 2465.

442 4976 609 5042 Augustino.
1066 4998 1157 5046 495-9.
