4042 5900
391 686 487 764 2379]
726 683 782 748 ΤΟ
803 683 1047 748 GERMANUS
1069 685 1257 748 BRIXIUS
1549 683 1587 744 31

391 842 532 905 Ioannes
551 843 725 905 Mathaeus
746 843 932 906 Gibbertus.
976 843 1123 905 Conatua
1142 862 1215 905 sum
1236 843 1298 904 hoc
1319 842 1497 922 aliquando
1518 862 1588 923 per-

391 926 529 988 suadere
544 927 683 988 Aldinae
698 928 845 990 officinae
865 927 1137 999 moderatoribus,
1152 926 1210 988 sed
1231 926 1364 987 frustra.
1409 926 1533 989 Eadem
1547 926 1589 989 de
1604 949 1634 999 15

391 1030 426 1070 re
441 1011 571 1089 saepius
586 1012 636 1090 egi
651 1030 726 1071 cum
742 1011 918 1084 Frobeniis,
934 1011 991 1072 sed
1006 1011 1166 1072 hactenus
1181 1009 1287 1071 surdis
1307 1011 1408 1070 cecini
1429 1009 1586 1072 fabulam.

391 1092 463 1166 Quo
479 1095 581 1173 magis
596 1093 723 1173 gaudeo
738 1093 827 1173 quod
842 1095 931 1156 Deua
946 1094 1030 1155 hanc
1045 1100 1190 1155 mentem
1210 1094 1345 1153 immisit
1360 1094 1486 1173 optimo
1505 1095 1586 1166 viro,

392 1196 517 1255 nosque
531 1196 591 1256 per
605 1177 698 1238 illum
713 1184 867 1239 votorum
882 1184 1051 1257 compotes
1065 1177 1152 1238 fecit.
1195 1176 1448 1255 Chrysostomus
1470 1177 1587 1238 Latine

390 1260 530 1338 loquens
544 1260 738 1321 iamdudum
752 1261 875 1340 prodiit
888 1281 929 1321 ex
944 1262 1072 1322 officina
1094 1259 1308 1321 Frobeniana.
1352 1258 1386 1320 Si
1400 1258 1533 1333 Graeca,
1548 1267 1587 1322 vt

390 1344 525 1416 indicas,
541 1363 654 1404 rursus
675 1344 867 1406 excudenda
889 1351 977 1417 sunt,
998 1363 1113 1405 vereor
1134 1363 1175 1403 ne
1197 1361 1249 1403 res
1273 1362 1334 1403 nos
1359 1346 1587 1422 expectatione
1600 1365 1633 1400 2ο

391 1427 536 1506 longiore
551 1433 715 1506 torqueat.
760 1426 828 1488 Scis
843 1427 1030 1489 vehementi
1045 1427 1205 1488 desiderio
1220 1446 1349 1487 omnem
1369 1445 1495 1487 moram
1516 1446 1587 1488 esse

390 1510 533 1589 longam.

432 1592 529 1665 Quod
560 1613 648 1654 nunc
680 1612 817 1655 excusas
846 1594 995 1655 codicum
1025 1595 1179 1673 inopiam,
1209 1612 1275 1671 quo
1303 1593 1412 1653 minus
1441 1593 1586 1672 aliquam

389 1675 617 1755 chrysostomi
631 1678 816 1757 portionem
831 1677 1028 1739 vertendam
1042 1677 1231 1756 susceperis,
1247 1695 1313 1736 non
1334 1675 1524 1750 defuissent,
1541 1678 1586 1737 mi

391 1758 493 1832 Brixi,
516 1761 727 1840 exemplaria,
752 1762 779 1821 si
804 1760 1076 1839 significationem
1098 1759 1243 1838 aliquam
1267 1759 1410 1820 dedisses
1440 1761 1585 1821 animum
1600 1780 1632 1829 ²5

389 1849 488 1904 tuum
512 1843 555 1904 ab
578 1843 640 1905 hoc
662 1843 775 1905 labore
795 1863 862 1904 non
887 1844 1081 1905 abhorrere:
1113 1849 1201 1903 certe
1222 1843 1530 1904 commentariorum
1552 1845 1586 1903 in

389 1927 575 2006 Epistulam
604 1928 647 1988 ad
673 1927 841 1988 Romanoa
868 1929 1035 2006 geminum
1063 1926 1225 1987 habebam
1254 1926 1430 2005 exemplar,
1453 1928 1586 1987 vnicum

389 2011 617 2070 commentarii
638 2012 672 2071 in
693 2011 834 2090 priorem
856 2011 900 2071 ad
921 2010 1107 2072 Corinthios
1129 2010 1312 2090 epistolam,
1331 2010 1423 2070 cuius
1441 2009 1586 2088 aliquam

389 2099 519 2172 partem
535 2095 637 2154 vertit
652 2094 842 2155 Franciscus
857 2093 1022 2155 Aretinus.
1059 2092 1231 2155 Caeterum
1247 2112 1349 2171 quum
1364 2092 1445 2153 mihi
1459 2093 1587 2154 viderer

388 2177 571 2255 perspicere
587 2183 620 2238 te
634 2197 700 2238 non
714 2177 894 2238 admodum
908 2177 951 2239 ad
966 2178 1052 2239 hanc
1069 2177 1271 2257 prouinciam
1293 2177 1477 2238 animatum
1496 2196 1584 2250 esse;
1599 2195 1633 2244 30

389 2259 433 2320 ad
448 2259 528 2320 haec
543 2278 645 2338 quum
660 2267 847 2339 reputarem
861 2261 983 2341 ingenii
993 2262 1044 2323 tui
1054 2260 1295 2332 lentitudinem,
1305 2260 1375 2320 siue
1386 2260 1470 2320 hanc
1479 2261 1586 2321 mauis

389 2342 550 2422 appellari
578 2343 799 2422 diligentiam
833 2364 930 2423 porro
956 2344 1195 2406 Frobenianam
1217 2343 1378 2404 officinam
1400 2344 1498 2423 prelis
1519 2363 1585 2404 non

388 2427 504 2505 paucis
518 2445 689 2506 operosam
704 2426 882 2507 plurimum
898 2428 1103 2489 voluminum
1112 2426 1303 2487 absumere:
1326 2425 1585 2488 Commentarios

388 2510 423 2570 in
438 2509 622 2589 Epistulam
637 2510 680 2570 ad
695 2510 863 2572 Romanos
877 2512 1026 2572 misimus
1036 2512 1070 2571 in
1079 2509 1304 2583 Brabantiam,
1314 2528 1399 2588 quae
1408 2511 1473 2570 iam
1485 2510 1586 2571 habet

388 2591 518 2671 aliquot
544 2592 619 2654 huic
647 2595 781 2673 negocio
810 2614 914 2673 pares,
940 2594 997 2655 sed
1026 2594 1239 2673 voluptatum
1269 2613 1369 2672 quam
1398 2593 1584 2654 honestissi·
1599 2609 1631 2658 ³5

389 2695 519 2736 morum
539 2675 690 2737 laborum
709 2677 931 2739 studiosiores.
976 2678 1094 2755 Itaque
1116 2677 1235 2755 quibus
1257 2677 1373 2737 datum
1395 2683 1467 2737 erat
1488 2696 1584 2755 nego-

388 2760 486 2832 cium,
503 2758 597 2820 nobis
612 2759 729 2821 dedere
745 2761 854 2834 verba,
871 2781 908 2821 ac
924 2767 1000 2840 post
1018 2780 1075 2821 sex
1095 2760 1226 2821 demum
1245 2779 1372 2820 menses
1390 2762 1585 2822 remiserunt

388 2841 550 2903 Graecum
566 2843 727 2904 codicem:
750 2843 873 2923 alioqui
887 2846 956 2905 eius
971 2844 1077 2923 operis
1089 2845 1272 2923 portionem
1283 2843 1428 2922 aliquam
1440 2844 1520 2903 mihi
1531 2844 1584 2904 de·

388 2927 608 3006 sumpsissem,
625 2926 688 2988 huc
704 2927 915 2990 vehementer
929 2933 1064 3008 vrgente
1079 2927 1249 2988 Frobenio

430 3009 537 3089 Vulgo
551 3010 667 3071 dicunt
681 3010 763 3072 nihil
778 3031 849 3073 esse
864 3031 922 3091 spe
936 3011 1048 3073 fallaci
1062 3011 1260 3072 damnosius.
1304 3010 1400 3072 Certe
1415 3011 1495 3072 haec
1510 3030 1585 3091 spes
1598 3025 1632 3074 40

387 3093 498 3155 effecit
518 3113 559 3154 ne
580 3093 624 3155 ad
645 3102 827 3156 mercatum
849 3114 986 3156 vamum
1009 3095 1089 3155 haec
1111 3114 1241 3173 quoque
1262 3093 1487 3174 Chrysostomi
1509 3113 1585 3174 pars

387 3177 544 3255 prodiret,
568 3196 606 3238 ac
632 3177 727 3239 nobis
755 3179 931 3259 apologum
956 3178 997 3239 de
1023 3179 1143 3239 cassita
1167 3179 1201 3237 in
1226 3179 1416 3239 memoriam
1442 3177 1583 3238 reduxit.

388 3260 571 3321 Malueram
601 3260 739 3340 duplum
769 3264 875 3342 operis
900 3264 934 3322 in
958 3262 1077 3341 gnesiis
1102 3263 1274 3322 insumere.
1318 3262 1391 3322 Ηοο
1417 3263 1495 3340 quia
1518 3279 1584 3322 non

387 3344 491 3416 licuit,
501 3351 630 3405 vertere
642 3364 812 3425 coeperam
824 3348 857 3406 in
868 3347 1081 3424 posteriorem
1092 3344 1136 3405 ad
1146 3343 1292 3405 Corinth.
1305 3345 1410 3424 Epist.
1423 3345 1584 3406 Homilias

387 3426 517 3506 aliquot
530 3449 537 3501 ;
560 3427 618 3488 sed
633 3437 699 3506 quo
714 3428 841 3508 longius
856 3448 1045 3508 progressus
1059 3448 1142 3500 sum,
1159 3428 1219 3488 hoc
1234 3430 1337 3507 magis
1352 3435 1518 3507 pertesum
1533 3433 1585 3488 est
1598 3436 1631 3489 45

386 3510 450 3572 hoc
465 3510 586 3572 laboris
600 3510 700 3576 νόθοις
714 3512 910 3592 impendere.
934 3513 1017 3574 Eam
1032 3513 1145 3590 itaque
1160 3511 1346 3592 lampadem
1361 3511 1458 3573 alteri
1468 3511 1585 3573 lubens

692 3653 731 3702 14.
750 3638 914 3691 Matthaeus
926 3638 963 3689 N.
1065 3653 1107 3703 43.
1126 3654 1228 3704 operae
1240 3639 1277 3688 N.

423 3840 464 3887 16.
482 3837 585 3899 surdis]
598 3838 640 3889 cf.
653 3839 742 3903 Adeo.
755 3841 813 3904 387.
1013 3851 1060 3889 iss.
1070 3844 1135 3889 text
1145 3838 1203 3888 and
1213 3839 1262 3889 the
1271 3838 1382 3889 Verona
1395 3839 1509 3903 printed
1521 3845 1585 3891 text

422 3905 463 3954 18.
481 3903 709 3970 chrysostomus]
733 3906 783 3956 See
806 3906 861 3971 Ep.
885 3920 960 3969 2359·
1012 3907 1243 3969 unsatisfactory.
1277 3906 1453 3968 Butin1533
1465 3906 1584 3971 hepub·

386 3971 524 4022 Erasmus
537 3971 595 4021 had
608 3973 680 4023 been
693 3973 757 4023 able
771 3980 802 4023 to
817 3989 868 4023 use
882 3974 926 4023 for
937 3973 961 4022 it
1011 3972 1102 4023 lished
1123 3973 1193 4022 with
1217 3973 1327 4023 Froben
1351 3973 1400 4022 the
1422 3972 1485 4022 first
1507 3974 1585 4039 eight

386 4038 509 4103 nothing
531 4039 561 4089 of
585 4039 699 4089 Brixius
721 4046 824 4104 except
847 4039 897 4090 the
919 4039 961 4089 De
1013 4039 1291 4089 HomiliesinGreelr
1303 4038 1360 4088 and
1372 4039 1466 4089 Latin.

385 4105 543 4155 Sacerdotio
556 4106 614 4155 and
631 4106 681 4155 the
695 4106 826 4170 Babylon,
843 4106 915 4158 both
932 4107 962 4156 of
1046 4120 1087 4168 27.
1105 4107 1143 4156 ad
1154 4107 1309 4166 Romanos]
1322 4106 1373 4155 See
1385 4107 1439 4171 Ep.
1453 4109 1527 4167 2258.
1538 4111 1583 4158 6n.

386 4172 479 4222 which
512 4171 567 4221 had
602 4173 673 4223 been
707 4173 822 4237 printed
856 4174 960 4224 before.
1046 4175 1087 4223 28.
1102 4172 1583 4238 adCorinthios]SeeEp.2226.76n.

386 4239 502 4289 Brixius
516 4238 572 4288 had
586 4240 728 4304 promised
742 4240 801 4290 him
812 4256 830 4290 a
841 4240 960 4290 transla·
1046 4255 1087 4300 ²9·
1106 4240 1252 4301 Aretinus]
1265 4239 1315 4289 See
1327 4239 1381 4304 Ep.
1395 4245 1469 4290 2226.
1483 4253 1544 4304 77n.

386 4306 449 4356 tion
461 4306 492 4355 of
505 4305 555 4355 the
568 4305 738 4364 Menoeten
757 4307 811 4357 but
826 4307 962 4356 Erasmus
1045 4321 1086 4370 42.
1105 4306 1219 4367 cassita]
1229 4305 1307 4364 See1,
1318 4322 1346 4370 p.
1359 4321 1397 4369 13.
1409 4321 1506 4367 19-20:
1525 4308 1585 4357 ‘Ne

385 4371 445 4421 had
456 4372 528 4421 been
539 4372 651 4438 obliged
664 4378 696 4423 to
711 4374 869 4424 substitute
882 4374 927 4423 for
937 4374 962 4423 it
1012 4372 1081 4437 quid
1092 4379 1226 4437 expectes
1237 4373 1341 4422 amicos
1350 4374 1441 4423 iacere
1450 4374 1527 4438 quod
1534 4390 1585 4439 per

386 4438 438 4488 the
449 4439 561 4489 version
573 4440 603 4489 of
617 4439 851 4504 Oeoolampadius
864 4439 893 4500 (1.
906 4441 959 4500 80).
1012 4445 1041 4489 te
1052 4439 1159 4504 quem)

386 4505 523 4556 Previous
542 4511 575 4556 to
594 4506 653 4556 thia
672 4507 757 4557 letter
779 4508 809 4557 of
830 4506 899 4557 mild
919 4522 960 4557 re·
1044 4509 1121 4569 44-6.
1144 4511 1255 4556 vertere
1277 4522 1425 4572 coeperam
1446 4545 1452 4556 .
1476 4544 1482 4556 .
1505 4544 1511 4555 .
1533 4507 1583 4557 im·

386 4572 502 4637 prosali,
514 4571 653 4630 however,
664 4574 699 4623 he
711 4574 768 4623 had
777 4575 891 4624 written
904 4580 961 4623 two
1012 4573 1146 4637 pendere]
1158 4572 1200 4622 Cf.
1214 4573 1268 4637 Ep.
1282 4587 1356 4636 2359·
1370 4575 1463 4635 58-60.

386 4638 736 4691 otherletterstoBrixius
748 4642 805 4701 (see
816 4640 871 4705 Ep.
885 4654 960 4704 2405.
1045 4643 1087 4703 46.
1105 4639 1198 4700 alteri]
1214 4639 1327 4690 Almoat
1343 4639 1481 4705 certainly
1499 4639 1584 4691 Oeco-

388 4706 492 4767 102-9),
518 4707 641 4771 inviting
665 4706 724 4756 him
748 4715 779 4757 to
802 4707 961 4757 undertake
1012 4706 1180 4770 lampadius,
1196 4721 1234 4755 on
1249 4708 1343 4756 whose
1355 4722 1438 4756 name
1449 4707 1585 4758 Erasmus

386 4773 437 4822 the
476 4773 646 4824 translation
686 4775 716 4824 of
754 4773 962 4838 Chrysostom's
1012 4787 1101 4822 seems
1108 4773 1377 4838 tobeplayingwith
1384 4773 1583 4837 lampadem...

386 4839 525 4890 Homilies
542 4854 579 4890 cn
595 4839 719 4891 Barnous
736 4841 868 4900 (omitted
888 4841 961 4890 from
1012 4839 1126 4897 tradidi,
1138 4854 1184 4889 see
1199 4839 1342 4889 Staehelin
1358 4840 1412 4889 Die
1430 4839 1584 4892 raumar-

386 4905 851 4971 Froben’sssvevolumesofr53o).
882 4907 960 4957 With
1010 4913 1152 4969 aaronem
1163 4905 1370 4971 Oekolompods,
1383 4922 1412 4971 p.
1425 4919 1465 4969 30.
1502 4908 1586 4958 Fora

385 4988 441 5023 one
452 4972 482 5023 of
493 4972 679 5025 theseletters
688 4974 724 5024 he
731 4981 795 5025 sent
807 4975 858 5025 the
868 4973 960 5025 Greek
1010 4987 1107 5023 severe
1118 4972 1252 5023 criticism
1263 4974 1293 5023 of
1308 4972 1542 5039 Oeoolampadius
1553 4991 1585 5026 as

386 5044 453 5090 text
465 5039 496 5090 in
509 5052 557 5090 rrs.
592 5041 706 5092 Brixius
720 5040 810 5093 found
824 5041 896 5092 both
910 5041 960 5092 the
1010 5056 1029 5090 a
1040 5039 1194 5090 translator
1205 5054 1251 5089 see
1263 5040 1317 5105 Ep.
1330 5043 1405 5090 2226.
1419 5054 1493 5105 70-5.
