4042 5900
387 682 481 760 2558]
713 682 835 745 raon
857 683 1063 746 snasnus
1084 682 1247 745 sonare
1520 680 1581 741 sca

386 842 492 921 recepi
514 849 573 903 tuo
593 842 724 903 nomina
746 860 834 903 anno
857 856 937 920 1530
958 861 1070 903 mense
1091 842 1188 903 Iunio
1206 861 1226 902 a
1245 840 1378 902 domino
1396 839 1521 900 Ioanne
1541 839 1582 899 de

387 924 480 985 Hont
515 924 555 1001 65
591 925 748 999 florenos;
791 926 905 987 eodem
941 944 1030 987 anno
1064 926 1151 986 circa
1186 943 1330 986 mensem
1369 922 1582 984 Decembrem

387 1008 469 1069 alios
495 1008 534 1085 65
563 1008 719 1082 florenos;
752 1015 787 1070 et
815 1011 881 1071 iam
910 1029 930 1070 a
958 1009 1058 1070 Petro
1085 1008 1221 1087 Aegidio
1251 1022 1310 1084 115
1338 1007 1582 1070 florenos‘cum
1596 1023 1629 1072 50

387 1092 556 1167 st<uieris>
572 1093 621 1153 18.
664 1091 728 1166 Qui
741 1092 919 1153 conficiunt
938 1092 1036 1153 simul
1056 1092 1224 1153 coniuncti
1242 1110 1403 1151 summam
1426 1090 1582 1150 ducento-

387 1194 460 1235 rum
484 1175 849 1255 quadragintaquinque
874 1175 1072 1237 florenorum
1097 1194 1172 1236 cum
1197 1174 1366 1252 st<uferis>
1391 1172 1582 1234 octodecim.

388 1258 452 1318 Pro
474 1258 524 1318 his
546 1278 625 1320 cura
646 1265 686 1319 vt
706 1278 765 1338 per
785 1259 1036 1338 Hyaronimium
1061 1257 1261 1320 Frobenium
1282 1257 1404 1318 futuris
1427 1256 1584 1317 nundinis

387 1341 619 1402 Franclordiae
633 1344 748 1403 mittas
762 1344 974 1421 quitanciam,
990 1362 1057 1421 qua
1071 1342 1114 1403 ab
1129 1341 1180 1402 his
1194 1360 1253 1421 per
1267 1347 1300 1402 te
1312 1340 1474 1413 absoluar,
1486 1338 1584 1400 simul

387 1432 422 1484 et
447 1425 487 1485 de
512 1431 613 1487 antea
636 1444 695 1505 per
720 1445 772 1486 me
797 1432 857 1487 tuo
884 1427 1016 1487 nomine
1045 1426 1193 1505 receptis.
1236 1423 1308 1498 Quo
1333 1423 1374 1485 de
1399 1423 1450 1484 his
1479 1424 1584 1484 tantis
1598 1442 1629 1492 55

387 1509 664 1587 recognitionibus
689 1508 729 1569 de
755 1510 901 1588 pecuniis
925 1508 1072 1589 epistolis
1096 1510 1177 1570 meis
1206 1508 1268 1568 tibi
1292 1507 1390 1568 factis
1417 1525 1582 1568 exoneret.

387 1591 520 1652 Faciam
536 1591 656 1652 ibidem
674 1592 764 1654 dicto
783 1592 986 1672 Hyaronimo
1005 1593 1078 1654 dari
1097 1611 1155 1671 per
1176 1610 1266 1652 meos
1286 1589 1467 1670 predictam
1489 1609 1583 1670 pecu-

387 1676 476 1734 niam
490 1676 680 1754 integritate
695 1675 817 1736 valoris
832 1677 866 1736 in
880 1676 1010 1737 florenis
1025 1677 1132 1737 aurcis
1147 1682 1208 1736 aut
1222 1674 1287 1736 alia
1301 1678 1436 1736 moneta
1451 1674 1584 1753 equiua·

387 1757 475 1818 lente
491 1757 533 1818 ad
548 1760 649 1838 ipsius
664 1758 859 1837 Hyeronimi
872 1759 1014 1821 libitum.

429 1840 462 1901 Si
477 1842 609 1921 insuper
623 1841 704 1919 quid
718 1862 867 1922 recepero
882 1862 923 1903 ex
938 1842 1065 1922 anglia,
1077 1842 1265 1920 adiungam.
1308 1839 1483 1902 Constitue
1496 1840 1584 1900 enim
1597 1850 1632 1898 oo

387 1924 540 1985 omnibus
561 1924 716 1985 nundinis
738 1927 800 1986 tibi
821 1926 893 1987 dari
914 1925 1076 2006 quidquid
1095 1945 1155 2005 per
1175 1944 1227 1985 me
1249 1931 1309 1985 tuo
1332 1925 1462 1985 nomine
1485 1924 1583 1983 inter·

388 2007 492 2069 medie
524 2008 575 2069 hic
607 2009 735 2069 venerit
766 2009 996 2089 recipiendum.
1048 2008 1123 2069 Erit
1154 2027 1233 2069 nam
1261 2008 1322 2069 hoo
1351 2007 1414 2067 tibi
1441 2012 1477 2067 et
1505 2006 1585 2066 mihi

387 2092 618 2169 quiescentius,
641 2110 701 2153 nec
726 2092 832 2153 stabit
856 2092 936 2171 quid
961 2092 1050 2172 quod
1073 2091 1168 2153 nobis
1191 2091 1243 2152 vel
1267 2089 1441 2152 heredibus
1463 2090 1586 2151 nostris

388 2173 513 2234 valebit
541 2176 684 2236 excitare
712 2174 814 2237 litem.
865 2176 941 2238 Non
969 2175 1061 2237 volet
1089 2175 1179 2236 Dens
1207 2175 1294 2236 inter
1322 2193 1382 2236 nos
1410 2174 1505 2235 viuos
1533 2171 1586 2233 vel

388 2265 536 2319 mortuos
550 2277 620 2319 esse
635 2258 785 2337 litigium.
1598 2267 1632 2326 65

430 2340 538 2402 Bedaa
554 2343 694 2422 ineptias
708 2348 743 2402 et
757 2361 911 2403 censuras
931 2344 964 2402 in
985 2347 1019 2403 te
1038 2342 1274 2421 frigidissimas,
1294 2359 1377 2418 quas
1399 2343 1477 2418 (quo
1498 2338 1585 2419 plus·

389 2444 488 2502 quam
513 2444 574 2503 par
595 2431 648 2486 est
672 2425 946 2505 ponderarentur)
972 2425 1156 2505 publicauit
1179 2426 1378 2486 auctoritate
1403 2422 1587 2484 Facultatis

389 2508 589 2587 theologicae
604 2508 734 2569 scholae
749 2509 938 2581 Parhisieh„
953 2527 1019 2569 non
1033 2510 1114 2570 satis
1125 2512 1265 2588 possunt
1275 2507 1432 2569 admirari
1442 2506 1587 2586 plerique

389 2590 466 2651 boni
481 2593 543 2651 viri
557 2599 593 2653 et
606 2592 705 2653 docti.
749 2590 853 2653 Credo
868 2598 902 2653 te
916 2611 983 2653 non
998 2592 1276 2671 pertransiturum
1291 2610 1369 2663 rem,
1382 2590 1507 2667 tibique
1517 2588 1587 2649 fore

389 2673 483 2734 facile
509 2675 569 2735 hoc
594 2695 631 2736 os
656 2681 726 2736 tam
752 2681 870 2755 patens
894 2683 930 2737 et
953 2674 1092 2736 liuidum
1121 2675 1307 2735 iustissimis
1332 2671 1588 2735 refutationibus
1601 2694 1634 2744 70

390 2757 573 2819 obcludere.
616 2758 722 2832 Quam
742 2758 794 2819 hic
809 2758 901 2820 Beda
915 2760 980 2819 iam
995 2758 1060 2820 dici
1074 2765 1186 2838 potest
1200 2758 1360 2819 assentire
1374 2759 1480 2829 sectis,
1496 2754 1589 2816 dedit

389 2842 606 2920 perspicuum.
643 2842 774 2902 Etenim
789 2860 857 2903 non
867 2842 992 2903 audens
1003 2843 1072 2922 ipse
1083 2842 1223 2922 digitulo
1233 2839 1415 2901 Lutherum
1426 2840 1588 2918 attingere

392 2924 536 2986 blactrat
561 2927 595 2986 in
620 2924 789 3005 huncqui
815 2925 904 2988 solus
929 2925 1022 2987 illum
1048 2925 1200 3000 culcauit,
1227 2925 1313 2987 forte
1340 2943 1379 2985 co
1407 2942 1510 3002 vsque
1538 2922 1589 2984 tui

390 3009 574 3070 inuidentia
595 3015 768 3070 excecatus
789 3017 828 3071 vt
849 3011 1002 3071 insaniat.
1046 3009 1119 3071 Hoc
1140 3009 1242 3070 habes
1263 3009 1355 3081 lucri,
1377 3007 1467 3087 quod
1487 3007 1533 3067 sic
1555 3007 1590 3066 in

391 3092 562 3154 scribendo
577 3092 694 3173 planus
708 3094 753 3153 sis
766 3099 801 3154 et
818 3094 947 3173 intigcr,
962 3100 997 3154 et
1016 3094 1187 3174 amplexus
1207 3093 1382 3154 veritatem
1397 3109 1464 3152 non
1483 3091 1590 3170 parcis
1603 3120 1635 3170 75

391 3177 556 3254 magistris
570 3177 701 3238 nostris.

433 3258 551 3319 Caesar
562 3259 678 3321 audita
693 3259 930 3322 Germanorum
945 3261 1127 3339 pertinatia
1142 3259 1289 3339 seposuit
1304 3263 1504 3318 conuentum
1519 3254 1588 3335 Spi-

393 3343 752 3420 rense<m>inmensem
761 3343 953 3405 Ianuarium
964 3343 1197 3405 celebrandum
1209 3342 1398 3421 Ratispone.
1432 3338 1590 3402 Nundum

393 3425 466 3486 finis
492 3426 736 3488 calamitatum:
766 3427 856 3488 Deus
879 3426 1063 3507 prouideat,
1087 3445 1201 3487 vereor
1227 3424 1361 3485 tandem
1385 3424 1590 3485 exoriturum

393 3509 514 3569 bellum
536 3510 759 3589 euangelicum
782 3510 835 3571 vel
858 3510 1054 3589 religiosum.
1097 3509 1170 3570 Iam
1193 3515 1326 3588 ceptum
1349 3512 1445 3579 esset,
1470 3507 1497 3566 si
1520 3511 1590 3567 tam
1603 3524 1638 3573 80

391 3612 456 3653 non
471 3600 582 3654 essent
595 3594 748 3654 exhausti
760 3593 965 3658 monarchae.
1002 3592 1118 3656 Gallus
1129 3592 1225 3655 ardet
1234 3590 1434 3670 colloquium
1444 3587 1590 3663 Cesaris3

392 3682 427 3735 et
452 3678 516 3736 iam
546 3679 785 3750 conuenissent,
812 3678 875 3738 nisi
903 3677 1151 3756 interrupsissct
1179 3694 1268 3739 mors
1296 3681 1447 3735 matrone
1474 3672 1592 3734 matris

392 3758 487 3821 Galli.
531 3760 648 3821 Adhuc
670 3761 730 3822 hos
752 3766 874 3840 putant
894 3766 1125 3833 conuenturos,
1143 3778 1182 3821 ac
1202 3758 1237 3820 id
1255 3775 1376 3837 magno
1390 3756 1478 3818 orbis
1493 3755 1591 3827 bono,

392 3842 444 3903 vel
465 3863 584 3922 magno
603 3844 700 3905 malo.
744 3843 807 3904 Hic
829 3844 973 3905 viuimus
994 3844 1062 3904 acri
1083 3843 1255 3904 charitate.
1300 3839 1431 3920 Segetcs
1453 3840 1593 3900 veniunt

393 3926 493 4004 triplo
515 3927 616 4005 pluris
637 3926 744 3988 solito.
788 3926 874 4006 Ager
894 3926 947 3987 hio
969 3933 1079 4006 preter
1100 3927 1263 3988 stramina
1283 3924 1331 3985 nil
1352 3923 1510 4003 produxit
1530 3922 1592 3982 hoo
1605 3942 1638 4002 85

393 4029 489 4083 anno,
505 4017 540 4071 et
554 4030 611 4090 spe
631 4011 771 4072 annonis
790 4013 914 4090 optime
933 4030 1048 4071 sumus
1062 4008 1145 4070 elusi
1159 4009 1239 4071 fato.
1284 4006 1373 4080 Vale,
1389 4026 1446 4086 my
1461 4005 1592 4066 domine

393 4092 528 4155 Erasme
543 4095 740 4167 charissime,
755 4093 851 4173 longe
865 4093 944 4155 felix
960 4101 995 4154 et
1009 4112 1154 4173 prosper.

435 4177 485 4237 Ex
500 4177 675 4257 Anucrpia.
692 4178 788 4238 xviii·
801 4175 953 4239 Octobris
968 4191 1059 4253 1531.

943 4260 1034 4321 Tuus
1048 4279 1090 4321 ex
1104 4260 1215 4320 animo
1228 4257 1387 4319 Erasmus
1402 4254 1550 4318 Schetus.

442 4383 468 4436 ÷
477 4369 614 4449 Egregie
629 4370 701 4431 viro
712 4386 902 4448 summaque
913 4369 1013 4430 docto
1023 4368 1063 4431 D.
1075 4368 1215 4429 Erasme
1226 4364 1476 4437 Rotterodamo,
1488 4364 1594 4424 amico
1605 4377 1640 4425 90

394 4452 661 4531 singularissimo.
704 4452 865 4532 Friburgi.

427 4607 469 4654 66.
487 4603 825 4670 Bedae10l.Epp.2552.
840 4605 880 4663 18,
892 4606 967 4667 25⁶1.
1053 4604 1095 4653 81.
1112 4600 1295 4668 colloquium]
1309 4599 1400 4650 There
1413 4613 1472 4648 was
1487 4597 1550 4649 talk
1563 4598 1594 4649 ot

395 4685 453 4736 3·4-
1019 4684 1038 4720 a
1059 4669 1185 4734 meeting
1206 4669 1335 4719 between
1358 4664 1472 4716 charles
1494 4677 1515 4713 v
1536 4663 1594 4714 and

427 4752 469 4802 74.
487 4737 647 4799 exsecatus]
659 4753 695 4788 ac.
707 4743 884 4789 excaecatus.
1020 4736 1137 4787 Francis
1152 4749 1164 4785 r
1177 4736 1207 4787 in
1222 4735 1300 4800 Sept.
1317 4746 1379 4796 1531
1391 4751 1399 4791 3
1419 4747 1466 4782 aaa
1481 4731 1595 4782 Brewer

428 4806 503 4868 77-8.
521 4811 696 4856 conuentum
719 4804 891 4870 spirensem]
917 4802 970 4855 See
1019 4819 1048 4854 v.
1059 4817 1121 4868 437,
1131 4806 1192 4868 462,
1203 4815 1262 4868 472.
1297 4799 1340 4850 Οἱ.
1352 4800 1593 4865 EP·25⁶5·19⁴20·

395 4872 471 4937 Epp.
483 4885 559 4934 2511.
570 4886 634 4938 43n,
647 4885 721 4938 2540.
734 4875 780 4922 6n.
