4042 5900
334 678 428 753 2505]

649 902 748 964 2505.
797 896 904 963 saon
927 898 1029 963 Joan
1054 896 1214 964 Caetra

370 1025 494 1096 Leipzig
505 1024 570 1081 MS.
1291 1027 1465 1098 Augaburg.

370 1102 515 1168 1111155.
1260 1106 1296 1156 26
1308 1102 1393 1157 June
1408 1118 1490 1171 1531.

365 1219 422 1280 [An
434 1220 552 1285 original
563 1219 657 1279 letter,
668 1220 829 1285 autograph
846 1220 1033 1285 throughout.
1068 1220 1124 1270 For
1135 1220 1185 1271 the
1197 1221 1387 1286 negotiatione
1399 1237 1467 1272 over
1478 1222 1528 1272 the

330 1287 419 1337 h⁰¹²³⁰
430 1302 477 1337 ⁸⁰0
488 1286 564 1353 ΕΡΡ·
577 1288 653 1352 2462»
665 1301 740 1352 247οι
753 1300 829 1352 2477·
841 1286 929 1352 24971

372 1393 404 1454 S.
420 1393 456 1455 P.
473 1393 513 1455 D.
557 1392 653 1466 Quod
666 1412 707 1454 ex
723 1393 873 1454 Thermis
888 1396 939 1469 (vt
953 1412 1043 1454 eram
1058 1393 1237 1474 pollicitus)
1249 1400 1284 1455 te
1298 1414 1365 1456 non
1379 1395 1525 1469 adierim,

330 1476 454 1555 duplici
472 1478 609 1550 ratione,
629 1478 696 1537 imo
713 1476 949 1556 impedimento
969 1482 1100 1556 praeter
1120 1478 1293 1552 rationem,
1316 1478 1442 1540 iactum
1464 1485 1525 1552 est,

330 1560 465 1620 Erasme
486 1561 721 1621 amantissime.
764 1559 851 1620 Nam
870 1579 945 1621 cum
965 1561 1032 1621 iam
1053 1560 1289 1640 profectionem
1308 1562 1352 1623 sd
1372 1568 1405 1622 te
1425 1562 1525 1623 medi·

329 1649 467 1704 tereret
481 1645 592 1704 animo
606 1644 818 1723 conciperem,
834 1643 978 1705 subortis
996 1643 1031 1703 in
1045 1645 1155 1723 patria
1172 1646 1313 1724 negociis
1327 1645 1525 1724 quibusdam

329 1728 408 1787 meis
428 1727 566 1805 priuatis
586 1728 744 1788 continuo
762 1733 937 1788 reuocatus
954 1745 1047 1800 sum;
1070 1727 1190 1789 accidit
1211 1729 1313 1790 etiam
1335 1735 1374 1789 vt
1395 1728 1554 1800 diutinos

329 1808 461 1871 lauacro
474 1816 660 1872 maceratus
674 1810 757 1871 adeo
772 1809 890 1871 iuerim
904 1808 1091 1891 delassatus
1105 1817 1140 1872 et
1154 1811 1221 1871 iere
1235 1811 1388 1873 omnibns
1399 1811 1525 1873 viribus

327 1893 518 1965 exhaustus,
541 1899 580 1954 11
603 1892 684 1954 nihil
708 1894 815 1954 minus
843 1912 942 1971 quam
968 1895 1187 1973 peregrinatio
1212 1895 1293 1955 mihi
1322 1896 1522 1957 conueniret.

328 1975 471 2037 Domum
491 1978 604 2056 itaque
623 1996 773 2038 reuersus
794 1977 889 2038 binas
903 1983 979 2037 tuas
994 1978 1100 2056 reperi
1115 1977 1271 2056 epistolae
1287 1997 1371 2057 quae
1385 1978 1523 2039 absente

327 2078 379 2119 me
401 2059 465 2121 huc
486 2060 617 2122 delatae
638 2059 747 2133 iuere;
781 2059 910 2138 quibus,
930 2067 1095 2138 quantum
1115 2079 1166 2121 res
1186 2060 1379 2140 postulabit,
1398 2080 1438 2122 ex
1460 2062 1523 2122 hiis

327 2143 554 2220 praesentibus
569 2162 762 2222 responsum
777 2143 927 2223 colligere
941 2144 1074 2222 poteris.
1537 2168 1569 2203 ιο

368 2226 475 2287 Hodie
494 2226 557 2287 sub
574 2227 655 2288 data
669 2228 892 2307 praesentium
909 2227 1017 2307 recepi
1035 2226 1165 2287 litteras
1181 2227 1442 2289 reuerendissimi
1455 2229 1521 2308 epi-

326 2312 417 2388 scopi
444 2310 636 2389 Augustei,
666 2311 723 2390 qui
751 2309 861 2371 denuo
889 2311 970 2369 mihi
999 2328 1133 2371 causam
1159 2316 1253 2372 tuam
1283 2330 1358 2371 cum
1388 2311 1522 2373 domino

325 2400 499 2470 quaestore
525 2393 651 2454 Ioanne
676 2392 792 2455 Leblin
814 2393 976 2473 agendam
997 2394 1171 2465 commisit,
1193 2400 1228 2454 et
1251 2413 1331 2455 sane
1355 2403 1426 2455 tam
1449 2395 1520 2456 dili·

324 2483 438 2554 genter
463 2483 498 2538 et
523 2482 620 2537 tanto
642 2476 753 2538 studio
772 2484 811 2537 vt
832 2478 889 2537 vix
911 2476 1001 2537 aliud
1024 2476 1204 2555 quidquam
1230 2479 1416 2538 accuratius
1441 2478 1522 2539 mihi

325 2561 489 2620 committi
503 2561 668 2641 potuerit;
691 2560 781 2639 quod
795 2579 875 2621 sane
889 2559 979 2640 apud
994 2578 1047 2619 me
1058 2578 1339 2639 superuacaneum
1351 2559 1469 2635 iuerat,
1483 2568 1521 2622 vt
1536 2584 1567 2633 15

324 2644 381 2720 qui
395 2650 514 2722 sponte
528 2663 589 2724 pro
603 2650 637 2704 te
651 2663 742 2705 eram
756 2642 906 2704 facturus
917 2642 1006 2721 quod
1021 2649 1138 2703 tantus
1153 2642 1284 2721 praesul
1296 2644 1401 2704 tantis
1413 2644 1521 2706 verbis

323 2726 525 2804 postulabat.
569 2727 645 2787 Feci
666 2728 778 2805 itaque
800 2727 940 2787 officium
960 2745 1069 2786 meum
1091 2732 1125 2785 et
1144 2728 1250 2806 primo
1271 2725 1400 2788 litteras
1422 2746 1519 2805 quae·

324 2811 406 2870 stori
418 2809 460 2869 ab
472 2829 651 2871 oeconomo
661 2809 750 2870 illius
761 2811 876 2871 missas
889 2809 1017 2871 reddidi
1028 2831 1034 2883 ;
1058 2815 1092 2869 et
1104 2812 1155 2884 (vt
1167 2828 1282 2870 verum
1293 2810 1413 2885 fatear)
1429 2811 1520 2871 visus

323 2899 375 2953 est
394 2892 546 2955 dominus
565 2900 721 2973 quaestor
737 2893 915 2974 plurimum
934 2893 1101 2954 exanimo
1118 2891 1237 2966 dolere,
1253 2893 1342 2972 quod
1356 2893 1419 2954 tibi
1433 2893 1519 2969 edes,

323 2982 362 3036 vt
381 2977 492 3051 vellet,
507 2980 659 3057 nequiret
677 2996 811 3056 prorsus
827 2977 946 3038 liberae
961 2978 1159 3055 mancipare.
1203 2977 1276 3037 Hoc
1291 2983 1405 3038 tamen
1419 2978 1518 3057 impe.
1533 2998 1566 3034 20

323 3061 420 3132 traui,
436 3067 475 3121 vt
497 3060 540 3122 ad
561 3060 786 3121 celebritatem
809 3060 878 3121 diui
899 3059 1067 3121 Michaelis
1089 3079 1192 3138 vsque
1215 3060 1312 3121 aedes
1334 3059 1435 3121 libere
1457 3061 1520 3122 tibi

322 3142 520 3204 deseruiant.
551 3143 646 3217 Quod
657 3145 685 3204 si
695 3145 827 3204 interim
839 3144 1062 3204 serenissimus
1077 3162 1134 3203 rex
1149 3143 1376 3204 Ferdinandus
1386 3144 1519 3205 easdem

321 3226 419 3287 aedes
439 3246 544 3288 emere
561 3227 675 3300 nollet,
692 3227 781 3306 quod
799 3226 843 3288 ad
861 3226 1000 3288 candem
1020 3227 1090 3287 dini
1109 3226 1275 3287 Michaelis
1292 3226 1519 3288 celebritatem

321 3309 474 3370 dominus
500 3311 690 3390 Propositus
715 3316 776 3371 aut
800 3309 904 3370 irater
928 3309 1015 3369 illius
1038 3309 1154 3370 doctor
1175 3307 1319 3370 Sturtzel
1340 3309 1440 3371 libere
1462 3330 1518 3372 eas

322 3393 496 3454 vendicare
513 3395 617 3474 possit
634 3401 737 3473 tuque
755 3393 803 3454 illi
820 3393 933 3454 cedere
951 3394 1076 3472 cogaris
1093 3399 1166 3465 etc,
1182 3393 1243 3453 hac
1258 3394 1385 3454 ratione
1400 3392 1516 3455 volun·
1530 3413 1563 3462 25

321 3478 386 3536 tati
407 3483 485 3537 tuae
505 3479 627 3557 partim
649 3477 857 3538 satisfactum
882 3495 952 3537 esse
974 3476 1116 3549 videtur,
1138 3482 1178 3536 vt
1201 3477 1258 3554 qui
1283 3476 1327 3537 ad
1347 3476 1518 3538 Kalendas

321 3559 461 3638 Augusti
483 3560 590 3621 solum
611 3580 667 3621 aas
686 3562 837 3640 pecieris;
860 3579 949 3620 nunc
970 3561 1096 3638 integer
1116 3560 1235 3620 mensis
1257 3559 1405 3620 adiectus
1427 3560 1516 3621 vide-

321 3650 405 3704 atur.
436 3642 610 3705 Consuluit
618 3644 770 3704 dominus
780 3649 984 3722 quaestorvt
996 3643 1285 3704 reuerendissimus
1296 3641 1516 3705 Christofcrus

321 3725 403 3805 Regi
418 3727 625 3788 Ferdinando
645 3727 802 3787 scriberet
816 3733 851 3786 et
868 3727 1068 3805 emptionem
1087 3725 1136 3786 illi
1150 3725 1280 3787 aedium
1295 3727 1515 3806 persuaderet,

320 3815 359 3869 vt
373 3811 584 3888 postmodum
600 3815 770 3871 transacta
785 3811 951 3888 emptione
966 3810 1029 3870 tibi
1043 3809 1140 3869 aedes
1155 3808 1231 3869 illae
1246 3817 1406 3890 perpetuo
1423 3817 1515 3890 pate·
1529 3830 1563 3880 30

320 3901 403 3954 rent.
448 3893 568 3954 Verum
584 3894 618 3954 id
632 3894 765 3955 demum
780 3892 861 3953 mihi
875 3891 1063 3954 consultum
1078 3892 1254 3966 videretur,
1270 3894 1297 3952 si
1312 3900 1350 3953 tu
1366 3892 1516 3973 Friburgi

319 3978 428 4055 spacio
450 3977 655 4038 diuturniore
676 3995 909 4056 permansurus
934 3995 1038 4049 esses;
1070 3975 1231 4054 quidquid
1256 3981 1369 4036 tamen
1393 3977 1428 4036 in
1454 3977 1515 4038 hoc

319 4060 607 4122 reuerendissimus
625 4059 844 4121 Christoierus
866 4066 1001 4121 acturus
1023 4065 1084 4131 est,
1107 4058 1141 4119 id
1162 4065 1202 4120 tu
1223 4078 1263 4119 ex
1286 4058 1373 4119 illius
1395 4059 1515 4121 litteris

319 4162 500 4222 cognosces.
531 4143 601 4223 Ego
615 4162 694 4204 sane
709 4142 887 4222 plurimum
902 4142 997 4203 doleo
1011 4148 1045 4202 te
1059 4142 1103 4203 ab
1119 4141 1181 4202 hiis
1192 4142 1376 4221 regionibus
1386 4142 1514 4222 longius

317 4226 500 4287 abscedere.
1526 4245 1560 4296 35

360 4309 451 4383 Quur
465 4316 598 4371 tantum
614 4309 698 4370 hanc
712 4309 856 4388 patriam
871 4314 1020 4369 nostram
1035 4307 1141 4388 fugias
1158 4313 1219 4368 aut
1232 4326 1319 4387 quur
1332 4307 1394 4369 tibi
1409 4327 1513 4371 vanos

318 4401 425 4453 metus
455 4400 490 4454 et
514 4395 628 4453 inanes
657 4392 856 4453 seditionum
885 4399 1027 4454 terrores
1056 4391 1168 4471 fingas,
1197 4392 1277 4452 satis
1306 4392 1417 4452 mirari
1446 4411 1513 4456 non

317 4495 460 4555 possum.
504 4476 591 4537 Nam
602 4495 685 4554 quos
696 4482 734 4537 tu
746 4475 912 4537 tumultus
923 4477 1044 4536 metuis
1054 4475 1105 4536 bic
1114 4475 1204 4555 apud
1213 4493 1283 4547 nos,
1293 4474 1424 4535 eosdem
1433 4495 1511 4556 quo·

317 4579 445 4639 cunque
463 4562 642 4639 perrexeris
659 4565 849 4638 reperturus
865 4578 910 4621 es.
947 4558 1043 4632 Quod
1057 4560 1086 4619 si
1100 4557 1152 4619 hio
1167 4577 1254 4619 esses
1269 4558 1358 4636 apud
1373 4577 1443 4632 nos,
1453 4579 1512 4622 neo

317 4644 379 4704 tibi
393 4643 510 4704 domus
525 4649 610 4704 esset
625 4662 684 4703 nec
699 4642 764 4704 alia
778 4643 869 4704 vitae
883 4643 1067 4705 neccssaria
1086 4640 1193 4702 multo
1207 4640 1320 4701 labore
1334 4643 1510 4719 querenda.
1524 4660 1558 4710 40

650 4765 692 4813 25.
710 4751 809 4813 cedere
819 4750 885 4802 Me.
970 4753 1013 4815 38.
1030 4765 1103 4816 quas
1112 4748 1178 4800 MS.

317 4848 381 4935 ,81
393 4887 551 4936 bmastuas
564 4923 570 4936 .
585 4923 591 4935 .
605 4923 612 4935 .
625 4884 772 4951 epistolas]
785 4885 847 4935 One
857 4885 888 4934 ol
973 4885 1014 4934 18.
1031 4882 1196 4944 oeconomo]
1223 4881 1342 4948 Ludwig
1368 4882 1511 4946 Prsytter,

314 4953 527 5071 tfflxffilpe
542 4953 597 5018 Ep.
612 4966 688 5017 2470,
704 4952 756 5003 the
769 4951 853 5002 other
863 4952 888 5001 is
937 4950 1092 5082 {rapam
1108 4949 1168 5000 and
1184 4949 1229 4999 lor
1244 4949 1295 5000 the
1311 4947 1449 5002 Sturtaels
1463 4962 1511 5000 ιοο
