4042 5900
307 697 401 778 1487]
668 695 724 759 ΤΟ
745 695 951 759 ERASMUS
972 696 1135 760 SCHETS
1441 699 1499 759 261

306 854 429 917 littera.
473 855 588 917 Multis
613 856 809 917 coniecturis
834 856 982 935 suspicor
1006 875 1082 916 eum
1106 854 1299 917 fasciculum
1324 855 1368 917 ab
1392 855 1501 917 Euan·

306 938 415 1018 gelicis
433 940 672 1018 interceptum:
695 957 773 1000 nam
795 939 858 1000 sub
875 939 933 1001 illo
950 940 1082 1001 nomine
1102 939 1240 1001 latitant
1259 938 1530 1010 sceleratissimis

307 1021 497 1083 nebulones.
541 1022 684 1083 Maxime
699 1041 778 1083 vero
792 1024 873 1084 meis
887 1022 1097 1085 insidiantur.

349 1105 456 1167 Vnam
478 1105 651 1186 epistolam
673 1106 734 1166 abs
752 1113 786 1167 te
808 1108 924 1186 recepi,
942 1124 1009 1185 qua
1030 1106 1146 1167 scribis
1164 1105 1226 1167 tibi
1245 1107 1405 1168 traditam
1422 1125 1500 1185 pen·

307 1189 433 1250 sionem
447 1208 505 1250 sex
521 1191 683 1249 mensium
698 1210 719 1251 a
733 1188 858 1250 Ioanne
872 1190 913 1250 de
928 1189 1055 1250 Hondt.

348 1270 437 1333 Scias
462 1279 574 1333 autem
599 1271 786 1333 Barbirium
808 1272 889 1333 mibi
910 1272 1028 1334 debere
1049 1272 1240 1352 pensionem
1262 1292 1319 1334 sex
1341 1273 1502 1334 mensium

306 1374 407 1434 quam
427 1356 601 1435 intercepit
620 1361 699 1416 ante
718 1374 824 1417 annos
845 1362 990 1434 quatuor
1008 1375 1113 1435 quum
1134 1362 1222 1417 esset
1239 1356 1375 1417 Romae.
1418 1355 1502 1416 Eam
1516 1379 1548 1416 10

306 1439 473 1519 pollicitus
494 1445 600 1500 estse
621 1439 817 1501 soluturum.
861 1438 907 1500 Et
924 1438 1009 1500 hanc
1034 1459 1105 1501 esse
1125 1440 1272 1520 suspicor
1292 1457 1393 1518 quam
1414 1458 1501 1499 nunc

306 1524 406 1584 misit.

348 1604 411 1666 Sed
432 1611 564 1684 praeter
585 1605 669 1666 hanc
691 1606 854 1667 debentur
875 1607 1048 1685 pensiones
1069 1625 1130 1687 pro
1151 1608 1349 1685 sesquianno
1370 1613 1447 1677 tres,
1468 1612 1502 1665 et

307 1689 351 1750 ad
371 1690 559 1768 proximum
584 1688 739 1750 Natalem
766 1689 901 1750 Ioannis
922 1689 1096 1769 Baptistae
1117 1689 1327 1751 debebuntur
1348 1695 1501 1768 quatuor.

307 1772 417 1833 Prima
438 1771 622 1833 debebatur
643 1792 664 1832 a
685 1771 799 1833 Natali
821 1772 956 1834 Ioannis
977 1774 1058 1834 anni
1079 1786 1169 1852 1529,
1190 1792 1292 1851 vsque
1314 1773 1358 1834 ad
1379 1772 1502 1833 festum
1517 1794 1547 1844 15

307 1855 559 1917 Purificationis.
596 1854 746 1916 Secunda
757 1858 813 1933 (a)
824 1855 911 1917 festo
925 1855 1168 1917 Purificationis
1179 1875 1282 1935 vsque
1293 1856 1336 1917 ed
1347 1855 1502 1916 Natalem

306 1939 442 1999 Ioannis
467 1939 547 2000 anni
574 1952 664 2016 1530.
709 1938 821 2000 Tertio
846 1959 867 2000 a
895 1939 982 2001 festo
1010 1938 1146 2001 Ioannis
1174 1959 1278 2018 vsque
1307 1940 1351 2001 ad
1378 1937 1502 1999 festum

306 2022 548 2083 Purificationis
569 2024 650 2083 anni
670 2041 691 2082 a
711 2020 843 2084 Christo
864 2028 955 2084 nato.
978 2036 1068 2099 1531.
1113 2022 1239 2097 Quarta
1263 2022 1438 2083 debebitur
1459 2022 1502 2083 ad

306 2106 493 2185 proximum
509 2105 663 2166 Natalem
680 2104 814 2166 Ioannis
829 2106 975 2167 eiusdem
990 2108 1080 2167 anni.

348 2187 401 2249 An
423 2188 521 2268 Angli
542 2188 695 2250 diffidant
715 2188 882 2250 Lodouico
903 2190 1023 2263 nescio,
1050 2209 1110 2269 ego
1135 2190 1235 2252 semel
1258 2196 1360 2268 atque
1381 2189 1502 2249 iterum
1515 2212 1548 2248 20

306 2272 400 2333 illum
421 2273 659 2345 commendaui,
682 2291 741 2332 nec
767 2274 847 2333 iussi
868 2279 907 2333 vt
931 2274 1086 2351 cuiquam
1111 2274 1340 2335 committatur
1364 2273 1503 2352 pecunia

306 2357 370 2416 nisi
394 2356 452 2417 illi.
489 2355 760 2435 Archiepiscopus
785 2363 952 2417 extremae
981 2358 1048 2417 iam
1076 2358 1197 2418 aetatis
1226 2364 1286 2428 est,
1313 2363 1348 2418 et
1368 2355 1503 2435 plurimi

306 2446 386 2499 sunt
406 2441 441 2499 in
460 2437 548 2499 illius
565 2439 692 2500 familia
708 2440 766 2517 qui
785 2438 847 2500 sibi
869 2445 992 2519 putant
1013 2440 1104 2519 eripi,
1123 2441 1279 2520 quicquid
1299 2440 1398 2501 datur
1417 2439 1500 2500 aliis.

306 2522 352 2583 Hi
367 2541 480 2583 omnes
495 2522 694 2601 obstrepunt
708 2522 835 2584 volenti
848 2523 936 2584 dare.

348 2604 469 2685 Scripsi
487 2625 592 2686 nuper
610 2624 669 2685 per
685 2604 874 2685 Grynaeum
892 2606 1068 2684 quendam,
1083 2606 1248 2668 hominem
1266 2606 1411 2678 doctum,
1430 2610 1501 2666 ten-
1515 2625 1547 2675 25

306 2697 383 2750 tans
398 2691 427 2749 si
441 2691 564 2769 possim
578 2688 710 2750 liberari
724 2689 924 2750 Britannicis
938 2689 1161 2769 pensionibus.
1199 2690 1251 2750 Ad
1266 2689 1392 2750 Pascha
1406 2688 1501 2749 debe·

307 2772 430 2833 bantur
439 2773 678 2851 quinquaginta
687 2771 790 2833 librae
800 2773 1041 2852 sterlingorum.
1074 2772 1107 2834 Si
1116 2779 1329 2852 praeteream
1338 2789 1502 2832 summam

305 2858 504 2933 cess<at>am
525 2856 631 2916 velint
656 2875 828 2917 numerare
851 2875 912 2936 pro
938 2857 1081 2917 triennio
1106 2856 1229 2929 futuro,
1255 2856 1337 2916 nihil
1361 2854 1502 2934 amplius

305 2945 417 3019 petam
436 2939 478 3000 ab
498 2939 573 3002 illis.
617 2938 679 3001 Per
698 2939 838 3001 eundem
859 2945 998 3020 expecto
1018 2959 1219 3020 responsum.
1264 2938 1350 3001 Nam
1366 2957 1501 3000 vxorem

306 3023 407 3084 habet
422 3023 579 3085 Basileae.
623 3023 712 3084 Bene
727 3024 810 3085 vale.
1514 3043 1548 3093 30

347 3106 499 3186 Friburgi
515 3107 554 3168 18
569 3107 622 3168 die
636 3106 768 3186 Aprilis.

347 3214 581 3293 Honorab<il>i
595 3216 676 3278 viro.
692 3215 733 3278 D.
749 3215 889 3277 Erasmo
902 3213 1032 3278 Scheto.
1048 3215 1266 3295 Antwerpiae.

616 3551 716 3611 2488.
764 3544 816 3610 Το
839 3544 1016 3610 Esssuus
1039 3543 1187 3610 Souara.

343 3675 462 3730 British
475 3675 618 3730 Museum
631 3674 695 3729 MS.
705 3672 786 3728 Add.
801 3675 904 3743 38512,
918 3673 941 3729 f.
956 3689 1002 3745 54.
1267 3672 1427 3802 {repplurg

1230 3763 1268 3803 20
1308 3765 1330 3819 p
1383 3762 1465 3815 1531.

339 3870 397 3931 [An
408 3869 527 3933 original
540 3868 634 3927 letter,
646 3867 808 3933 autograph
826 3867 1013 3933 throughout,
1026 3868 1141 3918 written
1157 3873 1189 3918 ιο
1203 3881 1378 3932 aoeompnny
1389 3881 1407 3915 a
1418 3865 1504 3917 letter

305 3943 337 3987 ιο
351 3937 436 3986 Peter
447 3935 602 3994 Barbirius,
615 3941 668 3986 not
679 3939 790 3985 extant.
825 3934 917 3984 When
931 3935 1069 3985 Erasmus
1083 3949 1149 3999 says
1164 3935 1230 3985 that
1243 3933 1280 3983 he
1293 3933 1351 3983 bad
1367 3939 1420 3983 not
1431 3933 1503 3983 been

304 4004 367 4054 well
378 4002 491 4066 enough
502 4008 535 4053 to
545 4004 626 4053 write
637 4001 719 4051 while
730 4001 865 4060 Quirinus
875 4016 934 4051 was
941 4002 1013 4052 with
1023 4001 1093 4060 him,
1105 4000 1141 4051 110
1152 4016 1250 4051 means
1258 4001 1324 4050 that
1335 4000 1371 4050 110
1383 3999 1441 4049 bad
1452 4006 1504 4050 not

304 4071 376 4121 been
387 4069 450 4119 well
461 4070 573 4135 enough
585 4076 617 4119 to
628 4069 708 4119 write
724 4075 756 4118 to
771 4068 925 4127 Barbirius.
939 4068 984 4119 for
998 4068 1035 4118 he
1046 4067 1104 4118 had
1118 4069 1148 4118 in
1163 4068 1222 4119 lact
1233 4068 1349 4117 written
1360 4073 1392 4118 ιο
1403 4066 1504 4118 Schete

305 4143 362 4188 two
374 4137 445 4201 days
456 4136 576 4197 earlier]

347 4244 377 4307 S.
412 4246 447 4307 P.
492 4245 599 4319 Quum
629 4249 716 4304 esset
745 4242 797 4303 hic
827 4241 982 4316 Quirinus
1012 4242 1179 4321 quondam
1208 4261 1309 4315 meus,
1339 4243 1384 4302 sic
1412 4260 1502 4301 eram

305 4329 444 4391 obrutus
459 4330 545 4389 curis
561 4347 598 4387 ac
614 4325 805 4387 valetudine
820 4333 859 4386 vt
874 4341 943 4387 non
961 4325 1080 4387 liberet
1097 4325 1246 4387 scribere.
1288 4325 1385 4387 Nunc
1403 4325 1503 4386 mitto

304 4413 479 4493 epistolam
494 4412 537 4473 ad
553 4410 688 4471 Petrum
704 4409 891 4471 Barbirium
906 4416 945 4470 vt
960 4411 1062 4470 seiam
1073 4428 1139 4489 quo
1153 4410 1223 4470 iure
1238 4415 1298 4470 aut
1313 4428 1379 4488 qua
1392 4408 1503 4470 fronte

303 4598 516 4663 againinEpp.
529 4597 604 4661 1488,
617 4609 691 4659 1400.
726 4594 811 4645 From
822 4594 876 4660 Ep.
964 4608 1003 4644 ro.
1022 4595 1158 4659 quatuor]
1183 4596 1230 4645 An
1255 4609 1347 4652 error;
1375 4608 1423 4643 see
1447 4593 1502 4658 Ep.

304 4678 371 4726 1500
400 4665 425 4714 it
452 4678 574 4729 appears
604 4662 671 4712 that
701 4660 751 4712 the
779 4662 878 4712 letters
928 4674 1111 4725 140411-111.

303 4730 423 4781 reached
434 4731 570 4781 Erasmus
582 4729 611 4779 in
622 4729 707 4780 June.
962 4741 1003 4778 20.
1021 4727 1176 4789 Iodouico]
1187 4727 1223 4778 de
1236 4726 1351 4786 Cestrc;
1369 4742 1415 4778 see
1426 4726 1501 4791 Epp.

337 4798 412 4848 2487.
430 4810 488 4862 4-5.
507 4795 696 4860 Euangelicis]
716 4794 772 4846 For
793 4795 877 4845 Eras-
930 4807 1003 4856 1590.
1023 4795 1501 4860 1111,14ο5.13,1413.8-15,14ο4.

304 4865 376 4915 mus’
388 4865 531 4929 suspicion
543 4863 608 4913 that
620 4861 670 4912 the
683 4860 878 4927 Evangelicals
930 4875 1020 4926 14-14.

304 4931 482 4996 intercepted
493 4930 537 4980 his
548 4929 647 4980 letters
658 4944 705 4979 see
716 4928 792 4995 Epp.
802 4942 877 4993 2379.
963 4941 1004 4990 15.
1023 4926 1138 4993 Scripsi]
1158 4927 1201 4978 01.
1219 4928 1295 4993 Epp.
1317 4941 1392 4993 2494·
1411 4940 1502 4990 17-19,

304 5011 398 5063 4551.
412 5011 486 5076 3⁴⁹⁰·
499 4999 558 5057 80.
571 5009 646 5061 ²494·
659 4996 718 5059 Η·
928 5007 1003 5057 2512·
1015 5008 1075 5060 4-5·

338 5080 362 5130 7·
380 5063 542 5130 ephesum]
553 5063 608 5128 Er·
621 5066 696 5128 2³⁶4·
