<?xml version="1.0" encoding="UTF-8"?>
<!DOCTYPE html PUBLIC "-//W3C//DTD XHTML 1.0 Transitional//EN"
    "http://www.w3.org/TR/xhtml1/DTD/xhtml1-transitional.dtd">
<html xmlns="http://www.w3.org/1999/xhtml" xml:lang="en" lang="en">
 <head>
  <title>
</title>
<meta http-equiv="Content-Type" content="text/html;charset=utf-8" />
  <meta name='ocr-system' content='tesseract 3.04.00' />
  <meta name='ocr-capabilities' content='ocr_page ocr_carea ocr_par ocr_line ocrx_word'/>
</head>
<body>
  <div class='ocr_page' id='page_1' title='image "./opusepistolarum02garrgoog_0118.png"; bbox 0 0 4042 5900; ppageno 0'>
   <div class='ocr_carea' id='block_1_1' title="bbox 520 678 1727 779">
    <p class='ocr_par' dir='ltr' id='par_1_1' title="bbox 520 678 1727 779">
     <span class='ocr_line' id='line_1_1' title="bbox 520 678 1727 779; baseline 0.002 -34"><span class='ocrx_word' id='word_1_1' title='bbox 520 684 591 779; x_wconf 74' lang='lat' dir='ltr'>ss</span> <span class='ocrx_word' id='word_1_2' title='bbox 867 678 1370 746; x_wconf 76' lang='lat' dir='ltr'>narrassosnussuus</span> <span class='ocrx_word' id='word_1_3' title='bbox 1625 686 1727 764; x_wconf 79' lang='lat'><strong>[1530</strong></span> 
     </span>
    </p>
   </div>
   <div class='ocr_carea' id='block_1_2' title="bbox 475 840 1731 4423">
    <p class='ocr_par' dir='ltr' id='par_1_2' title="bbox 475 840 1731 4423">
     <span class='ocr_line' id='line_1_2' title="bbox 520 840 1722 923; baseline 0.001 -18"><span class='ocrx_word' id='word_1_4' title='bbox 520 843 562 906; x_wconf 92' lang='lat' dir='ltr'>de</span> <span class='ocrx_word' id='word_1_5' title='bbox 575 842 737 916; x_wconf 83' lang='lat' dir='ltr'>Distriba,</span> <span class='ocrx_word' id='word_1_6' title='bbox 753 842 794 904; x_wconf 90' lang='lat' dir='ltr'>de</span> <span class='ocrx_word' id='word_1_7' title='bbox 808 842 1066 923; x_wconf 88' lang='lat' dir='ltr'>Hypersspistis,</span> <span class='ocrx_word' id='word_1_8' title='bbox 1081 841 1218 921; x_wconf 87' lang='lat' dir='ltr'>aliisque</span> <span class='ocrx_word' id='word_1_9' title='bbox 1232 840 1351 903; x_wconf 74' lang='lat' dir='ltr'>libellis</span> <span class='ocrx_word' id='word_1_10' title='bbox 1365 847 1401 903; x_wconf 88' lang='lat' dir='ltr'>et</span> <span class='ocrx_word' id='word_1_11' title='bbox 1414 842 1571 922; x_wconf 86' lang='lat' dir='ltr'>epistolis.</span> <span class='ocrx_word' id='word_1_12' title='bbox 1606 843 1722 906; x_wconf 80' lang='lat' dir='ltr'>Infan-</span> 
     </span>
     <span class='ocr_line' id='line_1_3' title="bbox 521 925 1721 1006; baseline 0.002 -18"><span class='ocrx_word' id='word_1_13' title='bbox 521 927 585 990; x_wconf 92' lang='lat' dir='ltr'>tuli</span> <span class='ocrx_word' id='word_1_14' title='bbox 600 926 757 1006; x_wconf 89' lang='lat' dir='ltr'>Theologi</span> <span class='ocrx_word' id='word_1_15' title='bbox 775 927 959 987; x_wconf 89' lang='lat' dir='ltr'>conuicium</span> <span class='ocrx_word' id='word_1_16' title='bbox 974 926 1080 986; x_wconf 87' lang='lat' dir='ltr'>nescit</span> <span class='ocrx_word' id='word_1_17' title='bbox 1094 931 1206 986; x_wconf 90' lang='lat' dir='ltr'>vtrum</span> <span class='ocrx_word' id='word_1_18' title='bbox 1221 925 1255 985; x_wconf 91' lang='lat' dir='ltr'>in</span> <span class='ocrx_word' id='word_1_19' title='bbox 1270 944 1324 985; x_wconf 91' lang='lat' dir='ltr'>me</span> <span class='ocrx_word' id='word_1_20' title='bbox 1338 926 1481 1000; x_wconf 80' lang='lat' dir='ltr'>torserit,</span> <span class='ocrx_word' id='word_1_21' title='bbox 1495 944 1540 987; x_wconf 85' lang='lat' dir='ltr'>an</span> <span class='ocrx_word' id='word_1_22' title='bbox 1554 927 1590 988; x_wconf 93' lang='grc' dir='ltr'>ιιι</span> <span class='ocrx_word' id='word_1_23' title='bbox 1605 926 1721 990; x_wconf 86' lang='lat' dir='ltr'>alium.</span> 
     </span>
     <span class='ocr_line' id='line_1_4' title="bbox 475 1007 1723 1091; baseline 0.001 -20"><span class='ocrx_word' id='word_1_24' title='bbox 475 1035 509 1071; x_wconf 72' lang='grc' dir='ltr'>ιο</span> <span class='ocrx_word' id='word_1_25' title='bbox 521 1009 607 1084; x_wconf 79' lang='lat' dir='ltr'>Quid</span> <span class='ocrx_word' id='word_1_26' title='bbox 621 1010 673 1071; x_wconf 92' lang='lat' dir='ltr'>hic</span> <span class='ocrx_word' id='word_1_27' title='bbox 688 1010 786 1070; x_wconf 94' lang='lat' dir='ltr'>homo</span> <span class='ocrx_word' id='word_1_28' title='bbox 801 1008 902 1085; x_wconf 89' lang='lat' dir='ltr'>habet</span> <span class='ocrx_word' id='word_1_29' title='bbox 915 1010 1031 1088; x_wconf 76' lang='lat' dir='ltr'>pensi?</span> <span class='ocrx_word' id='word_1_30' title='bbox 1052 1007 1121 1069; x_wconf 90' lang='lat' dir='ltr'>Nec</span> <span class='ocrx_word' id='word_1_31' title='bbox 1135 1026 1221 1087; x_wconf 92' lang='lat' dir='ltr'>queo</span> <span class='ocrx_word' id='word_1_32' title='bbox 1231 1009 1414 1070; x_wconf 86' lang='lat' dir='ltr'>coniectare</span> <span class='ocrx_word' id='word_1_33' title='bbox 1429 1008 1517 1070; x_wconf 87' lang='lat' dir='ltr'>vnde</span> <span class='ocrx_word' id='word_1_34' title='bbox 1531 1008 1595 1071; x_wconf 91' lang='lat' dir='ltr'>hoe</span> <span class='ocrx_word' id='word_1_35' title='bbox 1609 1029 1674 1091; x_wconf 89' lang='lat' dir='ltr'>pus</span> <span class='ocrx_word' id='word_1_36' title='bbox 1688 1012 1723 1072; x_wconf 92' lang='lat' dir='ltr'>in</span> 
     </span>
     <span class='ocr_line' id='line_1_5' title="bbox 521 1092 1723 1172; baseline 0 -17"><span class='ocrx_word' id='word_1_37' title='bbox 521 1112 574 1155; x_wconf 94' lang='lat' dir='ltr'>me</span> <span class='ocrx_word' id='word_1_38' title='bbox 599 1094 793 1172; x_wconf 74' lang='lat' dir='ltr'>conceperit,</span> <span class='ocrx_word' id='word_1_39' title='bbox 819 1093 882 1153; x_wconf 93' lang='lat' dir='ltr'>nisi</span> <span class='ocrx_word' id='word_1_40' title='bbox 910 1092 1000 1171; x_wconf 90' lang='lat' dir='ltr'>quod</span> <span class='ocrx_word' id='word_1_41' title='bbox 1029 1111 1191 1170; x_wconf 79' lang='lat' dir='ltr'>nusquam</span> <span class='ocrx_word' id='word_1_42' title='bbox 1217 1093 1251 1152; x_wconf 93' lang='lat' dir='ltr'>in</span> <span class='ocrx_word' id='word_1_43' title='bbox 1276 1093 1407 1172; x_wconf 90' lang='lat' dir='ltr'>scriptis</span> <span class='ocrx_word' id='word_1_44' title='bbox 1429 1094 1510 1153; x_wconf 88' lang='lat' dir='ltr'>meis</span> <span class='ocrx_word' id='word_1_45' title='bbox 1533 1092 1723 1155; x_wconf 86' lang='lat' dir='ltr'>celebratus</span> 
     </span>
     <span class='ocr_line' id='line_1_6' title="bbox 522 1174 1722 1256; baseline 0.001 -18"><span class='ocrx_word' id='word_1_46' title='bbox 522 1177 638 1238; x_wconf 83' lang='lat' dir='ltr'>Eecius</span> <span class='ocrx_word' id='word_1_47' title='bbox 653 1177 760 1236; x_wconf 90' lang='lat' dir='ltr'>aureis</span> <span class='ocrx_word' id='word_1_48' title='bbox 775 1176 886 1236; x_wconf 91' lang='lat' dir='ltr'>literis.</span> <span class='ocrx_word' id='word_1_49' title='bbox 931 1174 1084 1255; x_wconf 83' lang='lat' dir='ltr'><strong>Suspicor</strong></span> <span class='ocrx_word' id='word_1_50' title='bbox 1098 1175 1263 1235; x_wconf 90' lang='lat' dir='ltr'>hominem</span> <span class='ocrx_word' id='word_1_51' title='bbox 1278 1181 1510 1256; x_wconf 85' lang='lat' dir='ltr'>exasperatum</span> <span class='ocrx_word' id='word_1_52' title='bbox 1526 1195 1585 1256; x_wconf 90' lang='lat' dir='ltr'>per</span> <span class='ocrx_word' id='word_1_53' title='bbox 1600 1175 1722 1239; x_wconf 88' lang='lat' dir='ltr'>Henri-</span> 
     </span>
     <span class='ocr_line' id='line_1_7' title="bbox 522 1257 1723 1339; baseline 0.002 -19"><span class='ocrx_word' id='word_1_54' title='bbox 522 1279 597 1320; x_wconf 92' lang='lat' dir='ltr'>cum</span> <span class='ocrx_word' id='word_1_55' title='bbox 626 1258 936 1339; x_wconf 78' lang='lat' dir='ltr'>Epphendorpium3</span> <span class='ocrx_word' id='word_1_56' title='bbox 974 1260 1030 1337; x_wconf 92' lang='lat' dir='ltr'>qui</span> <span class='ocrx_word' id='word_1_57' title='bbox 1059 1257 1192 1319; x_wconf 90' lang='lat' dir='ltr'>videtur</span> <span class='ocrx_word' id='word_1_58' title='bbox 1220 1258 1282 1319; x_wconf 91' lang='lat' dir='ltr'>hac</span> <span class='ocrx_word' id='word_1_59' title='bbox 1311 1260 1518 1337; x_wconf 91' lang='lat' dir='ltr'>potissimum</span> <span class='ocrx_word' id='word_1_60' title='bbox 1547 1258 1590 1321; x_wconf 91' lang='lat' dir='ltr'>de</span> <span class='ocrx_word' id='word_1_61' title='bbox 1620 1280 1723 1323; x_wconf 73' lang='lat' dir='ltr'>cam</span> 
     </span>
     <span class='ocr_line' id='line_1_8' title="bbox 522 1340 1723 1421; baseline 0.002 -17"><span class='ocrx_word' id='word_1_62' title='bbox 522 1344 649 1404; x_wconf 86' lang='lat' dir='ltr'>venisse</span> <span class='ocrx_word' id='word_1_63' title='bbox 671 1342 854 1421; x_wconf 74' lang='lat' dir='ltr'>Augustam</span> <span class='ocrx_word' id='word_1_64' title='bbox 876 1348 915 1402; x_wconf 90' lang='lat' dir='ltr'>vt</span> <span class='ocrx_word' id='word_1_65' title='bbox 935 1343 970 1402; x_wconf 92' lang='lat' dir='ltr'>iu</span> <span class='ocrx_word' id='word_1_66' title='bbox 993 1361 1033 1403; x_wconf 90' lang='lat' dir='ltr'>ea</span> <span class='ocrx_word' id='word_1_67' title='bbox 1055 1340 1247 1403; x_wconf 79' lang='lat' dir='ltr'>celebritate</span> <span class='ocrx_word' id='word_1_68' title='bbox 1270 1341 1439 1403; x_wconf 90' lang='lat' dir='ltr'>hominum</span> <span class='ocrx_word' id='word_1_69' title='bbox 1465 1343 1643 1406; x_wconf 87' lang='lat' dir='ltr'>seminaret</span> <span class='ocrx_word' id='word_1_70' title='bbox 1661 1363 1723 1406; x_wconf 87' lang='lat' dir='ltr'>sua</span> 
     </span>
     <span class='ocr_line' id='line_1_9' title="bbox 477 1425 1722 1505; baseline 0.003 -20"><span class='ocrx_word' id='word_1_71' title='bbox 477 1448 509 1497; x_wconf 83' lang='lat'>25</span> <span class='ocrx_word' id='word_1_72' title='bbox 523 1426 702 1498; x_wconf 85' lang='lat' dir='ltr'>mendacia,</span> <span class='ocrx_word' id='word_1_73' title='bbox 724 1445 808 1505; x_wconf 88' lang='lat' dir='ltr'>quae</span> <span class='ocrx_word' id='word_1_74' title='bbox 826 1445 893 1487; x_wconf 90' lang='lat' dir='ltr'>nou</span> <span class='ocrx_word' id='word_1_75' title='bbox 908 1426 1005 1486; x_wconf 90' lang='lat' dir='ltr'>aliter</span> <span class='ocrx_word' id='word_1_76' title='bbox 1020 1443 1061 1485; x_wconf 83' lang='lat' dir='ltr'>ex</span> <span class='ocrx_word' id='word_1_77' title='bbox 1077 1445 1112 1486; x_wconf 91' lang='lat' dir='ltr'>se</span> <span class='ocrx_word' id='word_1_78' title='bbox 1129 1426 1234 1504; x_wconf 83' lang='lat' dir='ltr'>gignit</span> <span class='ocrx_word' id='word_1_79' title='bbox 1247 1444 1348 1505; x_wconf 91' lang='lat' dir='ltr'>quam</span> <span class='ocrx_word' id='word_1_80' title='bbox 1369 1445 1490 1487; x_wconf 88' lang='lat' dir='ltr'>aranea</span> <span class='ocrx_word' id='word_1_81' title='bbox 1508 1425 1612 1489; x_wconf 87' lang='lat' dir='ltr'>filum.</span> <span class='ocrx_word' id='word_1_82' title='bbox 1656 1427 1722 1489; x_wconf 90' lang='lat' dir='ltr'>De-</span> 
     </span>
     <span class='ocr_line' id='line_1_10' title="bbox 522 1508 1723 1608; baseline 0.002 -37"><span class='ocrx_word' id='word_1_83' title='bbox 522 1511 623 1572; x_wconf 90' lang='lat' dir='ltr'>miror</span> <span class='ocrx_word' id='word_1_84' title='bbox 650 1511 677 1570; x_wconf 93' lang='lat' dir='ltr'>si</span> <span class='ocrx_word' id='word_1_85' title='bbox 703 1508 746 1570; x_wconf 92' lang='lat' dir='ltr'>ad</span> <span class='ocrx_word' id='word_1_86' title='bbox 770 1515 804 1570; x_wconf 90' lang='lat' dir='ltr'>te</span> <span class='ocrx_word' id='word_1_87' title='bbox 829 1528 896 1570; x_wconf 92' lang='lat' dir='ltr'>non</span> <span class='ocrx_word' id='word_1_88' title='bbox 919 1510 1111 1590; x_wconf 90' lang='lat' dir='ltr'>penetrarit,</span> <span class='ocrx_word' id='word_1_89' title='bbox 1135 1528 1238 1586; x_wconf 93' lang='lat' dir='ltr'>quum</span> <span class='ocrx_word' id='word_1_90' title='bbox 1263 1528 1427 1588; x_wconf 80' lang='lat' dir='ltr'><strong>nusquam</strong></span> <span class='ocrx_word' id='word_1_91' title='bbox 1452 1528 1519 1570; x_wconf 91' lang='lat' dir='ltr'>non</span> <span class='ocrx_word' id='word_1_92' title='bbox 1542 1512 1723 1608; x_wconf 73' lang='lat' dir='ltr'>irrepserit,</span> 
     </span>
     <span class='ocr_line' id='line_1_11' title="bbox 523 1592 1723 1671; baseline 0.003 -18"><span class='ocrx_word' id='word_1_93' title='bbox 523 1599 638 1654; x_wconf 90' lang='lat' dir='ltr'>tantus</span> <span class='ocrx_word' id='word_1_94' title='bbox 663 1593 907 1654; x_wconf 76' lang='lat' dir='ltr'>mendaciorum</span> <span class='ocrx_word' id='word_1_95' title='bbox 929 1592 1050 1652; x_wconf 83' lang='lat' dir='ltr'>artifex</span> <span class='ocrx_word' id='word_1_96' title='bbox 1072 1598 1111 1652; x_wconf 87' lang='lat' dir='ltr'>vt</span> <span class='ocrx_word' id='word_1_97' title='bbox 1132 1593 1240 1653; x_wconf 88' lang='lat' dir='ltr'>oratio</span> <span class='ocrx_word' id='word_1_98' title='bbox 1261 1611 1424 1671; x_wconf 81' lang='lat' dir='ltr'>nusquam</span> <span class='ocrx_word' id='word_1_99' title='bbox 1442 1594 1592 1656; x_wconf 86' lang='lat' dir='ltr'>inueniat</span> <span class='ocrx_word' id='word_1_100' title='bbox 1610 1593 1723 1668; x_wconf 87' lang='lat' dir='ltr'>fidem,</span> 
     </span>
     <span class='ocr_line' id='line_1_12' title="bbox 522 1675 1724 1773; baseline 0.003 -36"><span class='ocrx_word' id='word_1_101' title='bbox 522 1677 584 1737; x_wconf 90' lang='lat' dir='ltr'>nisi</span> <span class='ocrx_word' id='word_1_102' title='bbox 613 1676 702 1773; x_wconf 85' lang='lat' dir='ltr'>apud</span> <span class='ocrx_word' id='word_1_103' title='bbox 731 1683 890 1755; x_wconf 83' lang='lat' dir='ltr'>expertes.</span> <span class='ocrx_word' id='word_1_104' title='bbox 935 1675 1045 1736; x_wconf 89' lang='lat' dir='ltr'>Homo</span> <span class='ocrx_word' id='word_1_105' title='bbox 1073 1677 1185 1736; x_wconf 83' lang='lat' dir='ltr'>tressis</span> <span class='ocrx_word' id='word_1_106' title='bbox 1210 1676 1379 1737; x_wconf 90' lang='lat' dir='ltr'>existimat</span> <span class='ocrx_word' id='word_1_107' title='bbox 1407 1676 1469 1738; x_wconf 88' lang='lat' dir='ltr'>sibi</span> <span class='ocrx_word' id='word_1_108' title='bbox 1497 1675 1597 1737; x_wconf 88' lang='lat' dir='ltr'>valde</span> <span class='ocrx_word' id='word_1_109' title='bbox 1624 1677 1724 1758; x_wconf 89' lang='lat' dir='ltr'>glori·</span> 
     </span>
     <span class='ocr_line' id='line_1_13' title="bbox 522 1757 1727 1841; baseline 0.002 -21"><span class='ocrx_word' id='word_1_110' title='bbox 522 1779 626 1832; x_wconf 89' lang='lat' dir='ltr'>osum,</span> <span class='ocrx_word' id='word_1_111' title='bbox 652 1761 680 1820; x_wconf 88' lang='lat' dir='ltr'>si</span> <span class='ocrx_word' id='word_1_112' title='bbox 704 1759 833 1820; x_wconf 89' lang='lat' dir='ltr'>dicatur</span> <span class='ocrx_word' id='word_1_113' title='bbox 858 1757 978 1819; x_wconf 90' lang='lat' dir='ltr'>habere</span> <span class='ocrx_word' id='word_1_114' title='bbox 1002 1759 1260 1820; x_wconf 89' lang='lat' dir='ltr'>controuersiam</span> <span class='ocrx_word' id='word_1_115' title='bbox 1285 1777 1360 1819; x_wconf 94' lang='lat' dir='ltr'>cum</span> <span class='ocrx_word' id='word_1_116' title='bbox 1386 1758 1533 1821; x_wconf 82' lang='lat' dir='ltr'>Erasmo</span> <span class='ocrx_word' id='word_1_117' title='bbox 1570 1760 1727 1841; x_wconf 87' lang='lat' dir='ltr'>Expetiit</span> 
     </span>
     <span class='ocr_line' id='line_1_14' title="bbox 476 1841 1727 1925; baseline 0 -21"><span class='ocrx_word' id='word_1_118' title='bbox 476 1843 722 1921; x_wconf 86' lang='lat' dir='ltr'>3occlloquium</span> <span class='ocrx_word' id='word_1_119' title='bbox 737 1843 838 1903; x_wconf 90' lang='lat' dir='ltr'>Ducis</span> <span class='ocrx_word' id='word_1_120' title='bbox 852 1841 989 1920; x_wconf 89' lang='lat' dir='ltr'>Georgii</span> <span class='ocrx_word' id='word_1_121' title='bbox 1026 1842 1104 1903; x_wconf 84' lang='lat' dir='ltr'>Dux</span> <span class='ocrx_word' id='word_1_122' title='bbox 1118 1842 1287 1921; x_wconf 89' lang='lat' dir='ltr'>respondit</span> <span class='ocrx_word' id='word_1_123' title='bbox 1301 1861 1336 1902; x_wconf 90' lang='lat' dir='ltr'>se</span> <span class='ocrx_word' id='word_1_124' title='bbox 1350 1842 1629 1904; x_wconf 90' lang='lat' dir='ltr'>deliberaturum·</span> <span class='ocrx_word' id='word_1_125' title='bbox 1622 1850 1727 1925; x_wconf 88' lang='lat' dir='ltr'>,post</span> 
     </span>
     <span class='ocr_line' id='line_1_15' title="bbox 522 1893 1726 1989; baseline 0.002 -2"><span class='ocrx_word' id='word_1_126' title='bbox 522 1926 646 1987; x_wconf 88' lang='lat' dir='ltr'>multos</span> <span class='ocrx_word' id='word_1_127' title='bbox 663 1926 732 1986; x_wconf 90' lang='lat' dir='ltr'>dies</span> <span class='ocrx_word' id='word_1_128' title='bbox 752 1925 850 1986; x_wconf 90' lang='lat' dir='ltr'>rediit</span> <span class='ocrx_word' id='word_1_129' title='bbox 871 1926 1009 1985; x_wconf 90' lang='lat' dir='ltr'>eandem</span> <span class='ocrx_word' id='word_1_130' title='bbox 1025 1944 1145 1986; x_wconf 89' lang='lat' dir='ltr'>canens</span> <span class='ocrx_word' id='word_1_131' title='bbox 1160 1925 1367 1986; x_wconf 89' lang='lat' dir='ltr'>cantilenam.</span> <span class='ocrx_word' id='word_1_132' title='bbox 1412 1926 1489 1986; x_wconf 85' lang='lat' dir='ltr'>Dux</span> <span class='ocrx_word' id='word_1_133' title='bbox 1504 1945 1572 1988; x_wconf 91' lang='lat' dir='ltr'>non</span> <span class='ocrx_word' id='word_1_134' title='bbox 1587 1893 1726 1989; x_wconf 84' lang='lat' dir='ltr'>admisit</span> 
     </span>
     <span class='ocr_line' id='line_1_16' title="bbox 523 2008 1726 2089; baseline 0.001 -18"><span class='ocrx_word' id='word_1_135' title='bbox 523 2010 698 2082; x_wconf 92' lang='lat' dir='ltr'>hominem,</span> <span class='ocrx_word' id='word_1_136' title='bbox 723 2028 845 2089; x_wconf 90' lang='lat' dir='ltr'>negans</span> <span class='ocrx_word' id='word_1_137' title='bbox 875 2028 908 2069; x_wconf 90' lang='lat' dir='ltr'>se</span> <span class='ocrx_word' id='word_1_138' title='bbox 937 2008 1022 2069; x_wconf 90' lang='lat' dir='ltr'>velle</span> <span class='ocrx_word' id='word_1_139' title='bbox 1051 2028 1127 2069; x_wconf 93' lang='lat' dir='ltr'>eum</span> <span class='ocrx_word' id='word_1_140' title='bbox 1156 2027 1330 2087; x_wconf 89' lang='lat' dir='ltr'>agnoscere</span> <span class='ocrx_word' id='word_1_141' title='bbox 1353 2010 1410 2087; x_wconf 93' lang='lat' dir='ltr'>qui</span> <span class='ocrx_word' id='word_1_142' title='bbox 1433 2027 1500 2070; x_wconf 91' lang='lat' dir='ltr'>non</span> <span class='ocrx_word' id='word_1_143' title='bbox 1528 2017 1726 2089; x_wconf 87' lang='lat' dir='ltr'>agnosceret</span> 
     </span>
     <span class='ocr_line' id='line_1_17' title="bbox 522 2091 1724 2173; baseline 0.001 -19"><span class='ocrx_word' id='word_1_144' title='bbox 522 2099 651 2173; x_wconf 90' lang='lat' dir='ltr'>patrem</span> <span class='ocrx_word' id='word_1_145' title='bbox 671 2112 785 2153; x_wconf 92' lang='lat' dir='ltr'>suum:</span> <span class='ocrx_word' id='word_1_146' title='bbox 809 2093 946 2153; x_wconf 87' lang='lat' dir='ltr'>iactauit</span> <span class='ocrx_word' id='word_1_147' title='bbox 960 2094 1048 2153; x_wconf 90' lang='lat' dir='ltr'>enim</span> <span class='ocrx_word' id='word_1_148' title='bbox 1063 2112 1097 2153; x_wconf 92' lang='lat' dir='ltr'>se</span> <span class='ocrx_word' id='word_1_149' title='bbox 1112 2092 1265 2165; x_wconf 91' lang='lat' dir='ltr'>nobilem,</span> <span class='ocrx_word' id='word_1_150' title='bbox 1281 2110 1383 2170; x_wconf 89' lang='lat' dir='ltr'>quum</span> <span class='ocrx_word' id='word_1_151' title='bbox 1397 2093 1442 2152; x_wconf 89' lang='lat' dir='ltr'>sit</span> <span class='ocrx_word' id='word_1_152' title='bbox 1455 2092 1613 2172; x_wconf 90' lang='lat' dir='ltr'>plebeius.</span> <span class='ocrx_word' id='word_1_153' title='bbox 1656 2091 1724 2155; x_wconf 85' lang='lat' dir='ltr'>Sed</span> 
     </span>
     <span class='ocr_line' id='line_1_18' title="bbox 522 2174 1726 2255; baseline 0.001 -18"><span class='ocrx_word' id='word_1_154' title='bbox 522 2176 678 2238; x_wconf 92' lang='lat' dir='ltr'>audiendi</span> <span class='ocrx_word' id='word_1_155' title='bbox 706 2176 875 2255; x_wconf 91' lang='lat' dir='ltr'>negotium</span> <span class='ocrx_word' id='word_1_156' title='bbox 904 2176 1015 2236; x_wconf 90' lang='lat' dir='ltr'>reiecit</span> <span class='ocrx_word' id='word_1_157' title='bbox 1043 2176 1078 2236; x_wconf 91' lang='lat' dir='ltr'>in</span> <span class='ocrx_word' id='word_1_158' title='bbox 1106 2174 1271 2237; x_wconf 88' lang='lat' dir='ltr'>Simonem</span> <span class='ocrx_word' id='word_1_159' title='bbox 1295 2175 1482 2248; x_wconf 90' lang='lat' dir='ltr'>Pistorium,</span> <span class='ocrx_word' id='word_1_160' title='bbox 1506 2176 1559 2236; x_wconf 90' lang='lat' dir='ltr'>cui</span> <span class='ocrx_word' id='word_1_161' title='bbox 1586 2195 1726 2238; x_wconf 84' lang='lat' dir='ltr'>causam</span> 
     </span>
     <span class='ocr_line' id='line_1_19' title="bbox 477 2257 1725 2339; baseline 0 -18"><span class='ocrx_word' id='word_1_162' title='bbox 477 2282 510 2333; x_wconf 82' lang='lat'>35</span> <span class='ocrx_word' id='word_1_163' title='bbox 523 2279 653 2321; x_wconf 91' lang='lat' dir='ltr'>omnem</span> <span class='ocrx_word' id='word_1_164' title='bbox 668 2260 930 2339; x_wconf 85' lang='lat' dir='ltr'>perscripseram.</span> <span class='ocrx_word' id='word_1_165' title='bbox 954 2258 1007 2318; x_wconf 94' lang='lat' dir='ltr'>Ibi</span> <span class='ocrx_word' id='word_1_166' title='bbox 1022 2258 1157 2331; x_wconf 87' lang='lat' dir='ltr'>Thras0,</span> <span class='ocrx_word' id='word_1_167' title='bbox 1167 2257 1242 2318; x_wconf 92' lang='lat' dir='ltr'>Non</span> <span class='ocrx_word' id='word_1_168' title='bbox 1257 2263 1308 2318; x_wconf 90' lang='lat' dir='ltr'>est</span> <span class='ocrx_word' id='word_1_169' title='bbox 1322 2258 1412 2331; x_wconf 88' lang='lat' dir='ltr'>mihi,</span> <span class='ocrx_word' id='word_1_170' title='bbox 1422 2260 1541 2337; x_wconf 91' lang='lat' dir='ltr'>inquit,</span> <span class='ocrx_word' id='word_1_171' title='bbox 1551 2260 1725 2339; x_wconf 87' lang='lat' dir='ltr'>negotium</span> 
     </span>
     <span class='ocr_line' id='line_1_20' title="bbox 523 2341 1726 2422; baseline 0.001 -18"><span class='ocrx_word' id='word_1_172' title='bbox 523 2362 598 2404; x_wconf 91' lang='lat' dir='ltr'>cum</span> <span class='ocrx_word' id='word_1_173' title='bbox 620 2341 769 2404; x_wconf 88' lang='lat' dir='ltr'>Simone:</span> <span class='ocrx_word' id='word_1_174' title='bbox 799 2342 888 2421; x_wconf 94' lang='lat' dir='ltr'>apud</span> <span class='ocrx_word' id='word_1_175' title='bbox 910 2343 1018 2422; x_wconf 91' lang='lat' dir='ltr'>ipsum</span> <span class='ocrx_word' id='word_1_176' title='bbox 1040 2342 1166 2402; x_wconf 90' lang='lat' dir='ltr'>Ducem</span> <span class='ocrx_word' id='word_1_177' title='bbox 1187 2341 1264 2402; x_wconf 90' lang='lat' dir='ltr'>volo</span> <span class='ocrx_word' id='word_1_178' title='bbox 1283 2360 1336 2401; x_wconf 91' lang='lat' dir='ltr'>me</span> <span class='ocrx_word' id='word_1_179' title='bbox 1357 2360 1517 2421; x_wconf 89' lang='lat' dir='ltr'>purgare;</span> <span class='ocrx_word' id='word_1_180' title='bbox 1548 2348 1651 2421; x_wconf 84' lang='lat' dir='ltr'>atque</span> <span class='ocrx_word' id='word_1_181' title='bbox 1675 2344 1726 2405; x_wconf 91' lang='lat' dir='ltr'>ita</span> 
     </span>
     <span class='ocr_line' id='line_1_21' title="bbox 523 2423 1726 2504; baseline 0.001 -17"><span class='ocrx_word' id='word_1_182' title='bbox 523 2445 643 2504; x_wconf 90' lang='lat' dir='ltr'>magno</span> <span class='ocrx_word' id='word_1_183' title='bbox 664 2445 739 2487; x_wconf 91' lang='lat' dir='ltr'>curn</span> <span class='ocrx_word' id='word_1_184' title='bbox 761 2425 932 2486; x_wconf 87' lang='lat' dir='ltr'>stomacho</span> <span class='ocrx_word' id='word_1_185' title='bbox 953 2425 1054 2485; x_wconf 92' lang='lat' dir='ltr'>abiit:</span> <span class='ocrx_word' id='word_1_186' title='bbox 1078 2425 1214 2503; x_wconf 89' lang='lat' dir='ltr'>quieuit,</span> <span class='ocrx_word' id='word_1_187' title='bbox 1236 2423 1339 2485; x_wconf 90' lang='lat' dir='ltr'>donec</span> <span class='ocrx_word' id='word_1_188' title='bbox 1362 2424 1521 2486; x_wconf 90' lang='lat' dir='ltr'>Pistorius</span> <span class='ocrx_word' id='word_1_189' title='bbox 1542 2425 1667 2487; x_wconf 83' lang='lat' dir='ltr'>rediret</span> <span class='ocrx_word' id='word_1_190' title='bbox 1689 2428 1726 2488; x_wconf 91' lang='lat' dir='ltr'>in</span> 
     </span>
     <span class='ocr_line' id='line_1_22' title="bbox 522 2506 1728 2588; baseline 0.002 -20"><span class='ocrx_word' id='word_1_191' title='bbox 522 2510 664 2588; x_wconf 86' lang='lat' dir='ltr'>patriam</span> <span class='ocrx_word' id='word_1_192' title='bbox 680 2529 746 2570; x_wconf 85' lang='lat' dir='ltr'>vna</span> <span class='ocrx_word' id='word_1_193' title='bbox 761 2529 836 2570; x_wconf 90' lang='lat' dir='ltr'>cum</span> <span class='ocrx_word' id='word_1_194' title='bbox 850 2508 1028 2569; x_wconf 83' lang='lat' dir='ltr'>Carleuico</span> <span class='ocrx_word' id='word_1_195' title='bbox 1072 2507 1220 2568; x_wconf 87' lang='lat' dir='ltr'>Tandem</span> <span class='ocrx_word' id='word_1_196' title='bbox 1236 2506 1449 2586; x_wconf 89' lang='lat' dir='ltr'>improbitate</span> <span class='ocrx_word' id='word_1_197' title='bbox 1462 2527 1523 2569; x_wconf 89' lang='lat' dir='ltr'>sua</span> <span class='ocrx_word' id='word_1_198' title='bbox 1536 2509 1728 2588; x_wconf 85' lang='lat' dir='ltr'>perfecitvt</span> 
     </span>
     <span class='ocr_line' id='line_1_23' title="bbox 523 2590 1727 2672; baseline 0 -18"><span class='ocrx_word' id='word_1_199' title='bbox 523 2592 601 2654; x_wconf 84' lang='lat' dir='ltr'>Dux</span> <span class='ocrx_word' id='word_1_200' title='bbox 627 2612 760 2654; x_wconf 90' lang='lat' dir='ltr'>causam</span> <span class='ocrx_word' id='word_1_201' title='bbox 786 2593 951 2672; x_wconf 91' lang='lat' dir='ltr'>delegaret</span> <span class='ocrx_word' id='word_1_202' title='bbox 980 2591 1067 2652; x_wconf 91' lang='lat' dir='ltr'>Iulio</span> <span class='ocrx_word' id='word_1_203' title='bbox 1096 2590 1200 2670; x_wconf 89' lang='lat' dir='ltr'>Pflug,</span> <span class='ocrx_word' id='word_1_204' title='bbox 1224 2592 1318 2651; x_wconf 90' lang='lat' dir='ltr'>cuius</span> <span class='ocrx_word' id='word_1_205' title='bbox 1346 2610 1442 2651; x_wconf 88' lang='lat' dir='ltr'>aures</span> <span class='ocrx_word' id='word_1_206' title='bbox 1471 2591 1578 2671; x_wconf 81' lang='lat' dir='ltr'>Epph.</span> <span class='ocrx_word' id='word_1_207' title='bbox 1609 2598 1727 2654; x_wconf 88' lang='lat' dir='ltr'>noster</span> 
     </span>
     <span class='ocr_line' id='line_1_24' title="bbox 477 2674 1725 2756; baseline 0 -19"><span class='ocrx_word' id='word_1_208' title='bbox 477 2700 511 2751; x_wconf 87' lang='lat'>40</span> <span class='ocrx_word' id='word_1_209' title='bbox 524 2676 670 2756; x_wconf 85' lang='lat' dir='ltr'>expleuit</span> <span class='ocrx_word' id='word_1_210' title='bbox 691 2677 871 2737; x_wconf 89' lang='lat' dir='ltr'>innumeris</span> <span class='ocrx_word' id='word_1_211' title='bbox 889 2674 1077 2747; x_wconf 85' lang='lat' dir='ltr'>mendaciis,</span> <span class='ocrx_word' id='word_1_212' title='bbox 1093 2674 1182 2753; x_wconf 92' lang='lat' dir='ltr'>quod</span> <span class='ocrx_word' id='word_1_213' title='bbox 1203 2680 1276 2735; x_wconf 89' lang='lat' dir='ltr'>erat</span> <span class='ocrx_word' id='word_1_214' title='bbox 1297 2674 1346 2734; x_wconf 93' lang='lat' dir='ltr'>illi</span> <span class='ocrx_word' id='word_1_215' title='bbox 1366 2674 1491 2735; x_wconf 91' lang='lat' dir='ltr'>bonum</span> <span class='ocrx_word' id='word_1_216' title='bbox 1512 2682 1614 2754; x_wconf 89' lang='lat' dir='ltr'>atque</span> <span class='ocrx_word' id='word_1_217' title='bbox 1635 2694 1725 2737; x_wconf 92' lang='lat' dir='ltr'>com·</span> 
     </span>
     <span class='ocr_line' id='line_1_25' title="bbox 523 2758 1725 2838; baseline 0 -17"><span class='ocrx_word' id='word_1_218' title='bbox 523 2760 669 2831; x_wconf 89' lang='lat' dir='ltr'>modum,</span> <span class='ocrx_word' id='word_1_219' title='bbox 699 2760 788 2838; x_wconf 92' lang='lat' dir='ltr'>quod</span> <span class='ocrx_word' id='word_1_220' title='bbox 818 2758 922 2820; x_wconf 91' lang='lat' dir='ltr'>Iulius</span> <span class='ocrx_word' id='word_1_221' title='bbox 951 2778 1010 2819; x_wconf 91' lang='lat' dir='ltr'>nec</span> <span class='ocrx_word' id='word_1_222' title='bbox 1040 2758 1332 2837; x_wconf 81' lang='lat' dir='ltr'>Epphendorpium</span> <span class='ocrx_word' id='word_1_223' title='bbox 1356 2764 1469 2819; x_wconf 89' lang='lat' dir='ltr'>nosset</span> <span class='ocrx_word' id='word_1_224' title='bbox 1492 2777 1553 2819; x_wconf 92' lang='lat' dir='ltr'>nec</span> <span class='ocrx_word' id='word_1_225' title='bbox 1576 2777 1725 2821; x_wconf 86' lang='lat' dir='ltr'>eausam.</span> 
     </span>
     <span class='ocr_line' id='line_1_26' title="bbox 524 2840 1726 2922; baseline 0.001 -19"><span class='ocrx_word' id='word_1_226' title='bbox 524 2843 644 2921; x_wconf 88' lang='lat' dir='ltr'>Itaque</span> <span class='ocrx_word' id='word_1_227' title='bbox 658 2844 788 2922; x_wconf 90' lang='lat' dir='ltr'>scripsit</span> <span class='ocrx_word' id='word_1_228' title='bbox 802 2842 846 2903; x_wconf 90' lang='lat' dir='ltr'>ad</span> <span class='ocrx_word' id='word_1_229' title='bbox 860 2862 913 2903; x_wconf 89' lang='lat' dir='ltr'>me</span> <span class='ocrx_word' id='word_1_230' title='bbox 928 2842 1015 2913; x_wconf 86' lang='lat' dir='ltr'>Dux,</span> <span class='ocrx_word' id='word_1_231' title='bbox 1031 2848 1070 2902; x_wconf 89' lang='lat' dir='ltr'>vt</span> <span class='ocrx_word' id='word_1_232' title='bbox 1085 2841 1161 2902; x_wconf 92' lang='lat' dir='ltr'>Iulii</span> <span class='ocrx_word' id='word_1_233' title='bbox 1177 2841 1280 2902; x_wconf 91' lang='lat' dir='ltr'>literis</span> <span class='ocrx_word' id='word_1_234' title='bbox 1295 2840 1392 2902; x_wconf 90' lang='lat' dir='ltr'>fidem</span> <span class='ocrx_word' id='word_1_235' title='bbox 1408 2840 1572 2902; x_wconf 88' lang='lat' dir='ltr'>haberem.</span> <span class='ocrx_word' id='word_1_236' title='bbox 1617 2841 1726 2904; x_wconf 90' lang='lat' dir='ltr'>Iulius</span> 
     </span>
     <span class='ocr_line' id='line_1_27' title="bbox 524 2923 1728 3007; baseline 0.001 -19"><span class='ocrx_word' id='word_1_237' title='bbox 524 2928 655 3007; x_wconf 90' lang='lat' dir='ltr'>scripsit</span> <span class='ocrx_word' id='word_1_238' title='bbox 682 2927 907 2988; x_wconf 88' lang='lat' dir='ltr'>amantissime</span> <span class='ocrx_word' id='word_1_239' title='bbox 935 2926 1187 3003; x_wconf 87' lang='lat' dir='ltr'>doctissimeque</span> <span class='ocrx_word' id='word_1_240' title='bbox 1221 2923 1337 2998; x_wconf 89' lang='lat' dir='ltr'>multa,</span> <span class='ocrx_word' id='word_1_241' title='bbox 1370 2943 1510 3003; x_wconf 91' lang='lat' dir='ltr'>quorum</span> <span class='ocrx_word' id='word_1_242' title='bbox 1541 2924 1622 2987; x_wconf 89' lang='lat' dir='ltr'>haec</span> <span class='ocrx_word' id='word_1_243' title='bbox 1651 2933 1728 2989; x_wconf 87' lang='lat' dir='ltr'>erat</span> 
     </span>
     <span class='ocr_line' id='line_1_28' title="bbox 524 3008 1725 3090; baseline 0.002 -20"><span class='ocrx_word' id='word_1_244' title='bbox 524 3030 661 3083; x_wconf 92' lang='lat' dir='ltr'>summa,</span> <span class='ocrx_word' id='word_1_245' title='bbox 678 3018 717 3071; x_wconf 90' lang='lat' dir='ltr'>vt</span> <span class='ocrx_word' id='word_1_246' title='bbox 731 3010 928 3090; x_wconf 89' lang='lat' dir='ltr'>praelationi</span> <span class='ocrx_word' id='word_1_247' title='bbox 949 3009 1104 3070; x_wconf 89' lang='lat' dir='ltr'>adderem</span> <span class='ocrx_word' id='word_1_248' title='bbox 1123 3008 1271 3069; x_wconf 90' lang='lat' dir='ltr'>libellum</span> <span class='ocrx_word' id='word_1_249' title='bbox 1289 3008 1545 3089; x_wconf 85' lang='lat' dir='ltr'>Epphendorpio</span> <span class='ocrx_word' id='word_1_250' title='bbox 1564 3008 1725 3085; x_wconf 86' lang='lat' dir='ltr'>dicatum,</span> 
     </span>
     <span class='ocr_line' id='line_1_29' title="bbox 478 3091 1727 3171; baseline 0.002 -18"><span class='ocrx_word' id='word_1_251' title='bbox 478 3117 510 3167; x_wconf 87' lang='grc'>45</span> <span class='ocrx_word' id='word_1_252' title='bbox 525 3093 630 3154; x_wconf 87' lang='lat' dir='ltr'>veluti</span> <span class='ocrx_word' id='word_1_253' title='bbox 651 3114 692 3153; x_wconf 87' lang='lat' dir='ltr'>ex</span> <span class='ocrx_word' id='word_1_254' title='bbox 713 3094 853 3167; x_wconf 88' lang='lat' dir='ltr'>foedere,</span> <span class='ocrx_word' id='word_1_255' title='bbox 875 3112 1076 3171; x_wconf 91' lang='lat' dir='ltr'>quamquam</span> <span class='ocrx_word' id='word_1_256' title='bbox 1098 3091 1153 3152; x_wconf 92' lang='lat' dir='ltr'>ille</span> <span class='ocrx_word' id='word_1_257' title='bbox 1178 3092 1292 3152; x_wconf 89' lang='lat' dir='ltr'>multis</span> <span class='ocrx_word' id='word_1_258' title='bbox 1314 3091 1420 3153; x_wconf 88' lang='lat' dir='ltr'>modis</span> <span class='ocrx_word' id='word_1_259' title='bbox 1443 3092 1576 3154; x_wconf 87' lang='lat' dir='ltr'>violarit</span> <span class='ocrx_word' id='word_1_260' title='bbox 1596 3091 1727 3168; x_wconf 80' lang='lat' dir='ltr'>foedus,</span> 
     </span>
     <span class='ocr_line' id='line_1_30' title="bbox 524 3174 1728 3256; baseline 0.002 -20"><span class='ocrx_word' id='word_1_261' title='bbox 524 3177 715 3256; x_wconf 88' lang='lat' dir='ltr'>priusquam</span> <span class='ocrx_word' id='word_1_262' title='bbox 730 3178 835 3238; x_wconf 86' lang='lat' dir='ltr'>exiret</span> <span class='ocrx_word' id='word_1_263' title='bbox 850 3176 1051 3253; x_wconf 85' lang='lat' dir='ltr'>Basilea[m].</span> <span class='ocrx_word' id='word_1_264' title='bbox 1082 3174 1151 3235; x_wconf 92' lang='lat' dir='ltr'>Nec</span> <span class='ocrx_word' id='word_1_265' title='bbox 1165 3181 1241 3254; x_wconf 90' lang='lat' dir='ltr'>post</span> <span class='ocrx_word' id='word_1_266' title='bbox 1255 3175 1430 3236; x_wconf 87' lang='lat' dir='ltr'>destiterat</span> <span class='ocrx_word' id='word_1_267' title='bbox 1440 3174 1482 3235; x_wconf 92' lang='lat' dir='ltr'>de</span> <span class='ocrx_word' id='word_1_268' title='bbox 1492 3195 1546 3236; x_wconf 93' lang='lat' dir='ltr'>me</span> <span class='ocrx_word' id='word_1_269' title='bbox 1560 3175 1728 3239; x_wconf 90' lang='lat' dir='ltr'>hostiliter</span> 
     </span>
     <span class='ocr_line' id='line_1_31' title="bbox 525 3257 1728 3338; baseline 0.002 -19"><span class='ocrx_word' id='word_1_270' title='bbox 525 3265 559 3320; x_wconf 88' lang='lat' dir='ltr'>et</span> <span class='ocrx_word' id='word_1_271' title='bbox 574 3260 715 3321; x_wconf 91' lang='lat' dir='ltr'>scribere</span> <span class='ocrx_word' id='word_1_272' title='bbox 730 3267 764 3320; x_wconf 92' lang='lat' dir='ltr'>et</span> <span class='ocrx_word' id='word_1_273' title='bbox 780 3260 879 3338; x_wconf 91' lang='lat' dir='ltr'>loqui,</span> <span class='ocrx_word' id='word_1_274' title='bbox 890 3259 1029 3320; x_wconf 90' lang='lat' dir='ltr'>subinde</span> <span class='ocrx_word' id='word_1_275' title='bbox 1043 3261 1186 3320; x_wconf 88' lang='lat' dir='ltr'>recitans</span> <span class='ocrx_word' id='word_1_276' title='bbox 1201 3258 1362 3319; x_wconf 82' lang='lat' dir='ltr'>furiosum</span> <span class='ocrx_word' id='word_1_277' title='bbox 1376 3257 1498 3320; x_wconf 89' lang='lat' dir='ltr'>librum</span> <span class='ocrx_word' id='word_1_278' title='bbox 1512 3277 1611 3338; x_wconf 92' lang='lat' dir='ltr'>quem</span> <span class='ocrx_word' id='word_1_279' title='bbox 1626 3260 1661 3320; x_wconf 90' lang='lat' dir='ltr'>in</span> <span class='ocrx_word' id='word_1_280' title='bbox 1671 3280 1728 3323; x_wconf 90' lang='lat' dir='ltr'>me</span> 
     </span>
     <span class='ocr_line' id='line_1_32' title="bbox 525 3341 1730 3423; baseline 0.002 -20"><span class='ocrx_word' id='word_1_281' title='bbox 525 3344 663 3423; x_wconf 89' lang='lat' dir='ltr'>scripsit.</span> <span class='ocrx_word' id='word_1_282' title='bbox 687 3344 755 3404; x_wconf 90' lang='lat' dir='ltr'>Nec</span> <span class='ocrx_word' id='word_1_283' title='bbox 770 3344 804 3403; x_wconf 93' lang='lat' dir='ltr'>in</span> <span class='ocrx_word' id='word_1_284' title='bbox 819 3344 908 3404; x_wconf 90' lang='lat' dir='ltr'>aliud</span> <span class='ocrx_word' id='word_1_285' title='bbox 924 3341 1106 3421; x_wconf 89' lang='lat' dir='ltr'>quaerebat</span> <span class='ocrx_word' id='word_1_286' title='bbox 1119 3342 1250 3416; x_wconf 91' lang='lat' dir='ltr'>librum,</span> <span class='ocrx_word' id='word_1_287' title='bbox 1265 3343 1328 3402; x_wconf 92' lang='lat' dir='ltr'>nisi</span> <span class='ocrx_word' id='word_1_288' title='bbox 1342 3348 1381 3403; x_wconf 88' lang='lat' dir='ltr'>vt</span> <span class='ocrx_word' id='word_1_289' title='bbox 1395 3343 1515 3403; x_wconf 90' lang='lat' dir='ltr'>iterum</span> <span class='ocrx_word' id='word_1_290' title='bbox 1529 3342 1730 3422; x_wconf 86' lang='lat' dir='ltr'>gloriaretur</span> 
     </span>
     <span class='ocr_line' id='line_1_33' title="bbox 525 3424 1729 3505; baseline 0.002 -18"><span class='ocrx_word' id='word_1_291' title='bbox 525 3426 568 3487; x_wconf 90' lang='lat' dir='ltr'>ad</span> <span class='ocrx_word' id='word_1_292' title='bbox 583 3446 666 3504; x_wconf 88' lang='lat' dir='ltr'>quas</span> <span class='ocrx_word' id='word_1_293' title='bbox 681 3427 885 3488; x_wconf 90' lang='lat' dir='ltr'>conditiones</span> <span class='ocrx_word' id='word_1_294' title='bbox 900 3427 1063 3505; x_wconf 90' lang='lat' dir='ltr'>adegisset</span> <span class='ocrx_word' id='word_1_295' title='bbox 1078 3427 1261 3486; x_wconf 85' lang='lat' dir='ltr'>Erasmum.</span> <span class='ocrx_word' id='word_1_296' title='bbox 1293 3424 1455 3503; x_wconf 88' lang='lat' dir='ltr'>Sperabat</span> <span class='ocrx_word' id='word_1_297' title='bbox 1468 3445 1510 3486; x_wconf 86' lang='lat' dir='ltr'>ex</span> <span class='ocrx_word' id='word_1_298' title='bbox 1524 3427 1729 3490; x_wconf 86' lang='lat' dir='ltr'>arbitrorum</span> 
     </span>
     <span class='ocr_line' id='line_1_34' title="bbox 479 3508 1729 3608; baseline 0.003 -37"><span class='ocrx_word' id='word_1_299' title='bbox 479 3533 512 3581; x_wconf 91' lang='grc' dir='ltr'>5ο</span> <span class='ocrx_word' id='word_1_300' title='bbox 525 3510 1005 3608; x_wconf 80' lang='lat' dir='ltr'>sententianonnihilpraedae:</span> <span class='ocrx_word' id='word_1_301' title='bbox 1022 3509 1055 3569; x_wconf 92' lang='lat' dir='ltr'>id</span> <span class='ocrx_word' id='word_1_302' title='bbox 1065 3528 1221 3588; x_wconf 88' lang='lat' dir='ltr'>quomam</span> <span class='ocrx_word' id='word_1_303' title='bbox 1230 3508 1358 3582; x_wconf 85' lang='lat' dir='ltr'>felellrt</span> <span class='ocrx_word' id='word_1_304' title='bbox 1365 3508 1473 3569; x_wconf 81' lang='lat' dir='ltr'>iactus</span> <span class='ocrx_word' id='word_1_305' title='bbox 1482 3516 1534 3571; x_wconf 88' lang='lat' dir='ltr'>est</span> <span class='ocrx_word' id='word_1_306' title='bbox 1542 3529 1584 3571; x_wconf 86' lang='lat' dir='ltr'>ex</span> <span class='ocrx_word' id='word_1_307' title='bbox 1593 3510 1729 3575; x_wconf 90' lang='lat' dir='ltr'>inimico</span> 
     </span>
     <span class='ocr_line' id='line_1_35' title="bbox 525 3592 1727 3674; baseline 0.003 -20"><span class='ocrx_word' id='word_1_308' title='bbox 525 3595 705 3668; x_wconf 90' lang='lat' dir='ltr'>inimicior;</span> <span class='ocrx_word' id='word_1_309' title='bbox 728 3600 852 3655; x_wconf 92' lang='lat' dir='ltr'>etcum</span> <span class='ocrx_word' id='word_1_310' title='bbox 867 3613 964 3654; x_wconf 92' lang='lat' dir='ltr'>nemo</span> <span class='ocrx_word' id='word_1_311' title='bbox 975 3594 1116 3654; x_wconf 90' lang='lat' dir='ltr'>nesciret</span> <span class='ocrx_word' id='word_1_312' title='bbox 1130 3592 1224 3653; x_wconf 93' lang='lat' dir='ltr'>illum</span> <span class='ocrx_word' id='word_1_313' title='bbox 1239 3594 1350 3654; x_wconf 89' lang='lat' dir='ltr'>omnia</span> <span class='ocrx_word' id='word_1_314' title='bbox 1364 3592 1604 3654; x_wconf 83' lang='lat' dir='ltr'>lecissecontra</span> <span class='ocrx_word' id='word_1_315' title='bbox 1614 3601 1727 3674; x_wconf 82' lang='lat' dir='ltr'>pacta,</span> 
     </span>
     <span class='ocr_line' id='line_1_36' title="bbox 525 3676 1729 3773; baseline 0.002 -36"><span class='ocrx_word' id='word_1_316' title='bbox 525 3683 639 3738; x_wconf 87' lang='lat' dir='ltr'>tamen</span> <span class='ocrx_word' id='word_1_317' title='bbox 652 3677 787 3757; x_wconf 91' lang='lat' dir='ltr'>perinde</span> <span class='ocrx_word' id='word_1_318' title='bbox 801 3679 887 3757; x_wconf 91' lang='lat' dir='ltr'>petit</span> <span class='ocrx_word' id='word_1_319' title='bbox 902 3696 997 3737; x_wconf 92' lang='lat' dir='ltr'>suum</span> <span class='ocrx_word' id='word_1_320' title='bbox 1013 3677 1073 3748; x_wconf 88' lang='lat' dir='ltr'>ius,</span> <span class='ocrx_word' id='word_1_321' title='bbox 1085 3677 1183 3773; x_wconf 34' lang='lat' dir='ltr'>‚quasi</span> <span class='ocrx_word' id='word_1_322' title='bbox 1198 3676 1309 3736; x_wconf 89' lang='lat' dir='ltr'>omnia</span> <span class='ocrx_word' id='word_1_323' title='bbox 1323 3677 1534 3755; x_wconf 88' lang='lat' dir='ltr'>praestiterit,</span> <span class='ocrx_word' id='word_1_324' title='bbox 1546 3696 1607 3738; x_wconf 92' lang='lat' dir='ltr'>nec</span> <span class='ocrx_word' id='word_1_325' title='bbox 1621 3677 1729 3757; x_wconf 91' lang='lat' dir='ltr'>pudet</span> 
     </span>
     <span class='ocr_line' id='line_1_37' title="bbox 526 3759 1729 3839; baseline 0.002 -18"><span class='ocrx_word' id='word_1_326' title='bbox 526 3761 712 3839; x_wconf 91' lang='lat' dir='ltr'>quicquam.</span> <span class='ocrx_word' id='word_1_327' title='bbox 757 3761 974 3821; x_wconf 90' lang='lat' dir='ltr'>Decreueram</span> <span class='ocrx_word' id='word_1_328' title='bbox 1003 3761 1114 3820; x_wconf 89' lang='lat' dir='ltr'>omnia</span> <span class='ocrx_word' id='word_1_329' title='bbox 1143 3760 1270 3839; x_wconf 89' lang='lat' dir='ltr'>perpeti</span> <span class='ocrx_word' id='word_1_330' title='bbox 1299 3760 1410 3838; x_wconf 91' lang='lat' dir='ltr'>potius</span> <span class='ocrx_word' id='word_1_331' title='bbox 1438 3778 1538 3837; x_wconf 91' lang='lat' dir='ltr'>quam</span> <span class='ocrx_word' id='word_1_332' title='bbox 1568 3759 1729 3823; x_wconf 88' lang='lat' dir='ltr'>leuissimi</span> 
     </span>
     <span class='ocr_line' id='line_1_38' title="bbox 526 3842 1729 3922; baseline 0.002 -18"><span class='ocrx_word' id='word_1_333' title='bbox 526 3843 666 3905; x_wconf 93' lang='lat' dir='ltr'>hominis</span> <span class='ocrx_word' id='word_1_334' title='bbox 688 3845 820 3904; x_wconf 90' lang='lat' dir='ltr'>nomine</span> <span class='ocrx_word' id='word_1_335' title='bbox 842 3863 933 3904; x_wconf 90' lang='lat' dir='ltr'>meas</span> <span class='ocrx_word' id='word_1_336' title='bbox 955 3842 1087 3903; x_wconf 88' lang='lat' dir='ltr'>chartas</span> <span class='ocrx_word' id='word_1_337' title='bbox 1105 3843 1340 3914; x_wconf 90' lang='lat' dir='ltr'>contaminare,</span> <span class='ocrx_word' id='word_1_338' title='bbox 1359 3842 1416 3903; x_wconf 93' lang='lat' dir='ltr'>sed</span> <span class='ocrx_word' id='word_1_339' title='bbox 1434 3849 1654 3922; x_wconf 89' lang='lat' dir='ltr'>posteaquam</span> <span class='ocrx_word' id='word_1_340' title='bbox 1670 3843 1729 3906; x_wconf 92' lang='lat' dir='ltr'>ille</span> 
     </span>
     <span class='ocr_line' id='line_1_39' title="bbox 480 3926 1730 4004; baseline 0.003 -18"><span class='ocrx_word' id='word_1_341' title='bbox 480 3949 513 3998; x_wconf 84' lang='lat'>55</span> <span class='ocrx_word' id='word_1_342' title='bbox 526 3926 655 3987; x_wconf 91' lang='lat' dir='ltr'>nullum</span> <span class='ocrx_word' id='word_1_343' title='bbox 669 3926 750 3987; x_wconf 82' lang='lat' dir='ltr'>iacit</span> <span class='ocrx_word' id='word_1_344' title='bbox 765 3927 946 3987; x_wconf 92' lang='lat' dir='ltr'>mentiendi</span> <span class='ocrx_word' id='word_1_345' title='bbox 960 3926 1069 3998; x_wconf 89' lang='lat' dir='ltr'>finem,</span> <span class='ocrx_word' id='word_1_346' title='bbox 1086 3945 1203 3986; x_wconf 87' lang='lat' dir='ltr'>causae</span> <span class='ocrx_word' id='word_1_347' title='bbox 1223 3944 1386 3986; x_wconf 88' lang='lat' dir='ltr'>summam</span> <span class='ocrx_word' id='word_1_348' title='bbox 1407 3927 1586 4004; x_wconf 84' lang='lat' dir='ltr'>perstrinxi</span> <span class='ocrx_word' id='word_1_349' title='bbox 1604 3944 1730 3990; x_wconf 87' lang='lat' dir='ltr'>excuso</span> 
     </span>
     <span class='ocr_line' id='line_1_40' title="bbox 527 4008 1730 4088; baseline 0.002 -18"><span class='ocrx_word' id='word_1_350' title='bbox 527 4009 648 4082; x_wconf 91' lang='lat' dir='ltr'>libello,</span> <span class='ocrx_word' id='word_1_351' title='bbox 660 4029 702 4070; x_wconf 92' lang='lat' dir='ltr'>ne</span> <span class='ocrx_word' id='word_1_352' title='bbox 717 4011 815 4070; x_wconf 92' lang='lat' dir='ltr'>toties</span> <span class='ocrx_word' id='word_1_353' title='bbox 829 4009 965 4088; x_wconf 86' lang='lat' dir='ltr'>fatigem</span> <span class='ocrx_word' id='word_1_354' title='bbox 981 4028 1197 4069; x_wconf 90' lang='lat' dir='ltr'>amanuenses</span> <span class='ocrx_word' id='word_1_355' title='bbox 1211 4027 1311 4069; x_wconf 89' lang='lat' dir='ltr'>meos.</span> <span class='ocrx_word' id='word_1_356' title='bbox 1343 4009 1539 4088; x_wconf 87' lang='lat' dir='ltr'>Temperaui</span> <span class='ocrx_word' id='word_1_357' title='bbox 1553 4008 1677 4084; x_wconf 87' lang='lat' dir='ltr'>stilum,</span> <span class='ocrx_word' id='word_1_358' title='bbox 1687 4017 1730 4073; x_wconf 87' lang='lat' dir='ltr'>vt</span> 
     </span>
     <span class='ocr_line' id='line_1_41' title="bbox 527 4091 1730 4172; baseline 0.003 -19"><span class='ocrx_word' id='word_1_359' title='bbox 527 4093 716 4172; x_wconf 81' lang='lat' dir='ltr'>nonEpph.</span> <span class='ocrx_word' id='word_1_360' title='bbox 733 4093 892 4165; x_wconf 91' lang='lat' dir='ltr'>laeserim,</span> <span class='ocrx_word' id='word_1_361' title='bbox 907 4099 1070 4153; x_wconf 90' lang='lat' dir='ltr'>ettamen</span> <span class='ocrx_word' id='word_1_362' title='bbox 1089 4093 1147 4170; x_wconf 93' lang='lat' dir='ltr'>qui</span> <span class='ocrx_word' id='word_1_363' title='bbox 1164 4092 1338 4153; x_wconf 91' lang='lat' dir='ltr'>audierant</span> <span class='ocrx_word' id='word_1_364' title='bbox 1360 4091 1525 4153; x_wconf 90' lang='lat' dir='ltr'>homiuem</span> <span class='ocrx_word' id='word_1_365' title='bbox 1545 4100 1730 4168; x_wconf 84' lang='lat' dir='ltr'>agnoscant</span> 
     </span>
     <span class='ocr_line' id='line_1_42' title="bbox 527 4175 1730 4255; baseline 0.003 -19"><span class='ocrx_word' id='word_1_366' title='bbox 527 4194 627 4254; x_wconf 91' lang='lat' dir='ltr'>quam</span> <span class='ocrx_word' id='word_1_367' title='bbox 642 4176 698 4237; x_wconf 92' lang='lat' dir='ltr'>ille</span> <span class='ocrx_word' id='word_1_368' title='bbox 719 4176 928 4255; x_wconf 90' lang='lat' dir='ltr'>impudenter</span> <span class='ocrx_word' id='word_1_369' title='bbox 945 4176 1137 4237; x_wconf 90' lang='lat' dir='ltr'>mentiatur.</span> <span class='ocrx_word' id='word_1_370' title='bbox 1181 4175 1319 4237; x_wconf 87' lang='lat' dir='ltr'>Curauit</span> <span class='ocrx_word' id='word_1_371' title='bbox 1336 4182 1375 4236; x_wconf 90' lang='lat' dir='ltr'>vt</span> <span class='ocrx_word' id='word_1_372' title='bbox 1396 4175 1555 4254; x_wconf 88' lang='lat' dir='ltr'>epistolae</span> <span class='ocrx_word' id='word_1_373' title='bbox 1572 4175 1674 4237; x_wconf 89' lang='lat' dir='ltr'>Ducis</span> <span class='ocrx_word' id='word_1_374' title='bbox 1693 4183 1730 4240; x_wconf 90' lang='lat' dir='ltr'>et</span> 
     </span>
     <span class='ocr_line' id='line_1_43' title="bbox 527 4258 1730 4340; baseline 0.001 -20"><span class='ocrx_word' id='word_1_375' title='bbox 527 4259 605 4320; x_wconf 91' lang='lat' dir='ltr'>Iulii</span> <span class='ocrx_word' id='word_1_376' title='bbox 626 4258 661 4319; x_wconf 92' lang='lat' dir='ltr'>id</span> <span class='ocrx_word' id='word_1_377' title='bbox 678 4260 835 4338; x_wconf 84' lang='lat' dir='ltr'>temporis</span> <span class='ocrx_word' id='word_1_378' title='bbox 857 4259 900 4320; x_wconf 92' lang='lat' dir='ltr'>ad</span> <span class='ocrx_word' id='word_1_379' title='bbox 918 4278 970 4320; x_wconf 91' lang='lat' dir='ltr'>me</span> <span class='ocrx_word' id='word_1_380' title='bbox 992 4260 1144 4320; x_wconf 87' lang='lat' dir='ltr'>venirent</span> <span class='ocrx_word' id='word_1_381' title='bbox 1165 4266 1205 4320; x_wconf 88' lang='lat' dir='ltr'>vt</span> <span class='ocrx_word' id='word_1_382' title='bbox 1225 4279 1292 4320; x_wconf 91' lang='lat' dir='ltr'>nou</span> <span class='ocrx_word' id='word_1_383' title='bbox 1313 4265 1399 4320; x_wconf 89' lang='lat' dir='ltr'>esset</span> <span class='ocrx_word' id='word_1_384' title='bbox 1418 4258 1638 4338; x_wconf 87' lang='lat' dir='ltr'>respondendi</span> <span class='ocrx_word' id='word_1_385' title='bbox 1654 4277 1730 4340; x_wconf 80' lang='lat' dir='ltr'>spa-</span> 
     </span>
     <span class='ocr_line' id='line_1_44' title="bbox 480 4342 1731 4423; baseline 0.003 -20"><span class='ocrx_word' id='word_1_386' title='bbox 480 4354 515 4402; x_wconf 84' lang='lat'>60</span> <span class='ocrx_word' id='word_1_387' title='bbox 527 4343 622 4404; x_wconf 89' lang='lat' dir='ltr'>tium.</span> <span class='ocrx_word' id='word_1_388' title='bbox 656 4342 826 4423; x_wconf 86' lang='lat' dir='ltr'>Respondi</span> <span class='ocrx_word' id='word_1_389' title='bbox 840 4362 900 4422; x_wconf 91' lang='lat' dir='ltr'>per</span> <span class='ocrx_word' id='word_1_390' title='bbox 914 4342 1119 4423; x_wconf 87' lang='lat' dir='ltr'>praefectum</span> <span class='ocrx_word' id='word_1_391' title='bbox 1134 4342 1366 4416; x_wconf 89' lang='lat' dir='ltr'>Brisacensem,</span> <span class='ocrx_word' id='word_1_392' title='bbox 1382 4343 1436 4403; x_wconf 91' lang='lat' dir='ltr'>cui</span> <span class='ocrx_word' id='word_1_393' title='bbox 1450 4344 1678 4405; x_wconf 88' lang='lat' dir='ltr'>commiseram</span> <span class='ocrx_word' id='word_1_394' title='bbox 1692 4350 1731 4407; x_wconf 92' lang='lat' dir='ltr'>et</span> 
     </span>
    </p>
   </div>
   <div class='ocr_carea' id='block_1_3' title="bbox 527 4443 1730 4577">
    <p class='ocr_par' dir='ltr' id='par_1_3' title="bbox 527 4443 1730 4577">
     <span class='ocr_line' id='line_1_45' title="bbox 565 4443 1730 4510; baseline 0.003 -16"><span class='ocrx_word' id='word_1_395' title='bbox 565 4446 606 4495; x_wconf 85' lang='lat'>28.</span> <span class='ocrx_word' id='word_1_396' title='bbox 625 4448 758 4508; x_wconf 87' lang='lat' dir='ltr'>expertes</span> <span class='ocrx_word' id='word_1_397' title='bbox 785 4444 965 4508; x_wconf 72' lang='lat' dir='ltr'>mipsimus:</span> <span class='ocrx_word' id='word_1_398' title='bbox 995 4449 1129 4509; x_wconf 83' lang='lat' dir='ltr'>expertos</span> <span class='ocrx_word' id='word_1_399' title='bbox 1157 4444 1189 4495; x_wconf 92' lang='grc'><strong>0.</strong></span> <span class='ocrx_word' id='word_1_400' title='bbox 1279 4457 1321 4508; x_wconf 87' lang='grc'>45.</span> <span class='ocrx_word' id='word_1_401' title='bbox 1339 4459 1516 4509; x_wconf 81' lang='lat' dir='ltr'>quamquam</span> <span class='ocrx_word' id='word_1_402' title='bbox 1542 4443 1730 4510; x_wconf 59' lang='lat' dir='ltr'>acepsimam</span> 
     </span>
     <span class='ocr_line' id='line_1_46' title="bbox 527 4510 1023 4577; baseline -0.002 -15"><span class='ocrx_word' id='word_1_403' title='bbox 527 4510 706 4577; x_wconf 85' lang='lat' dir='ltr'>quoniamO.</span> <span class='ocrx_word' id='word_1_404' title='bbox 810 4512 851 4574; x_wconf 82' lang='lat'>58.</span> <span class='ocrx_word' id='word_1_405' title='bbox 864 4511 915 4561; x_wconf 89' lang='lat'>0¹.</span> <span class='ocrx_word' id='word_1_406' title='bbox 908 4511 976 4562; x_wconf 88' lang='lat' dir='ltr'>·illa</span> <span class='ocrx_word' id='word_1_407' title='bbox 988 4511 1023 4561; x_wconf 81' lang='grc' dir='ltr'>0ι</span> 
     </span>
    </p>
   </div>
   <div class='ocr_carea' id='block_1_4' title="bbox 527 4643 1733 5111">
    <p class='ocr_par' dir='ltr' id='par_1_4' title="bbox 527 4643 1733 5111">
     <span class='ocr_line' id='line_1_47' title="bbox 563 4643 1733 4723; baseline 0.001 -28"><span class='ocrx_word' id='word_1_408' title='bbox 563 4643 1013 4710; x_wconf 70' lang='lat' dir='ltr'>18-19.In1antuliTheologi.]Cl</span> <span class='ocrx_word' id='word_1_409' title='bbox 1026 4643 1102 4710; x_wconf 88' lang='lat' dir='ltr'>Epp.</span> <span class='ocrx_word' id='word_1_410' title='bbox 1153 4645 1288 4694; x_wconf 87' lang='lat' dir='ltr'>Erasmus</span> <span class='ocrx_word' id='word_1_411' title='bbox 1316 4643 1404 4693; x_wconf 85' lang='lat' dir='ltr'>reiers</span> <span class='ocrx_word' id='word_1_412' title='bbox 1429 4650 1460 4695; x_wconf 90' lang='lat' dir='ltr'>to</span> <span class='ocrx_word' id='word_1_413' title='bbox 1486 4644 1544 4695; x_wconf 91' lang='lat' dir='ltr'>this</span> <span class='ocrx_word' id='word_1_414' title='bbox 1553 4643 1733 4723; x_wconf 79' lang='lat' dir='ltr'>pamphlet,</span> 
     </span>
     <span class='ocr_line' id='line_1_48' title="bbox 527 4710 1732 4776; baseline -0.001 -13"><span class='ocrx_word' id='word_1_415' title='bbox 527 4714 603 4776; x_wconf 81' lang='grc'><strong>2387</strong></span> <span class='ocrx_word' id='word_1_416' title='bbox 616 4713 641 4771; x_wconf 88' lang='grc'>8,</span> <span class='ocrx_word' id='word_1_417' title='bbox 653 4725 729 4776; x_wconf 87' lang='grc'><strong>2443.</strong></span> <span class='ocrx_word' id='word_1_418' title='bbox 742 4713 801 4774; x_wconf 85' lang='grc'><strong>326.</strong></span> <span class='ocrx_word' id='word_1_419' title='bbox 1153 4710 1243 4760; x_wconf 82' lang='lat' dir='ltr'>which</span> <span class='ocrx_word' id='word_1_420' title='bbox 1261 4711 1297 4760; x_wconf 94' lang='lat' dir='ltr'>he</span> <span class='ocrx_word' id='word_1_421' title='bbox 1314 4710 1371 4760; x_wconf 87' lang='lat' dir='ltr'>had</span> <span class='ocrx_word' id='word_1_422' title='bbox 1388 4717 1441 4761; x_wconf 91' lang='lat' dir='ltr'>not</span> <span class='ocrx_word' id='word_1_423' title='bbox 1457 4726 1533 4770; x_wconf 93' lang='lat' dir='ltr'>seen,</span> <span class='ocrx_word' id='word_1_424' title='bbox 1551 4711 1581 4761; x_wconf 88' lang='lat' dir='ltr'>in</span> <span class='ocrx_word' id='word_1_425' title='bbox 1601 4711 1652 4761; x_wconf 90' lang='lat' dir='ltr'>the</span> <span class='ocrx_word' id='word_1_426' title='bbox 1671 4712 1732 4763; x_wconf 72' lang='lat' dir='ltr'>Aa·</span> 
     </span>
     <span class='ocr_line' id='line_1_49' title="bbox 561 4777 1277 4857; baseline -0.003 -29"><span class='ocrx_word' id='word_1_427' title='bbox 561 4792 638 4857; x_wconf 83' lang='grc'><strong>42-.3</strong></span> <span class='ocrx_word' id='word_1_428' title='bbox 656 4779 770 4844; x_wconf 89' lang='lat' dir='ltr'>scripsit</span> <span class='ocrx_word' id='word_1_429' title='bbox 788 4815 794 4828; x_wconf 86' lang='lat'><strong>.</strong></span> <span class='ocrx_word' id='word_1_430' title='bbox 814 4815 821 4828; x_wconf 90' lang='lat'><em>.</em></span> <span class='ocrx_word' id='word_1_431' title='bbox 841 4814 848 4828; x_wconf 86' lang='lat'><em>.</em></span> <span class='ocrx_word' id='word_1_432' title='bbox 866 4777 1103 4828; x_wconf 89' lang='lat' dir='ltr'>Dux...1ulius</span> <span class='ocrx_word' id='word_1_433' title='bbox 1153 4777 1277 4829; x_wconf 77' lang='lat' dir='ltr'>monitio</span> 
     </span>
     <span class='ocr_line' id='line_1_50' title="bbox 527 4843 1733 4921; baseline 0 -25"><span class='ocrx_word' id='word_1_434' title='bbox 527 4844 652 4910; x_wconf 84' lang='lat' dir='ltr'>scripsit]</span> <span class='ocrx_word' id='word_1_435' title='bbox 665 4845 783 4895; x_wconf 80' lang='lat' dir='ltr'>Nerther</span> <span class='ocrx_word' id='word_1_436' title='bbox 794 4844 1037 4895; x_wconf 85' lang='lat' dir='ltr'>letterrsextant</span> <span class='ocrx_word' id='word_1_437' title='bbox 1185 4846 1261 4921; x_wconf 65' lang='grc'>556</span> <span class='ocrx_word' id='word_1_438' title='bbox 1279 4859 1383 4894; x_wconf 81' lang='lat' dir='ltr'>excuso</span> <span class='ocrx_word' id='word_1_439' title='bbox 1400 4844 1537 4905; x_wconf 92' lang='lat' dir='ltr'>libello]</span> <span class='ocrx_word' id='word_1_440' title='bbox 1528 4859 1574 4894; x_wconf 86' lang='lat' dir='ltr'>r..e</span> <span class='ocrx_word' id='word_1_441' title='bbox 1598 4844 1649 4895; x_wconf 89' lang='lat' dir='ltr'>the</span> <span class='ocrx_word' id='word_1_442' title='bbox 1672 4843 1733 4896; x_wconf 65' lang='lat' dir='ltr'>Aa</span> 
     </span>
     <span class='ocr_line' id='line_1_51' title="bbox 562 4910 1480 4977; baseline -0.001 -15"><span class='ocrx_word' id='word_1_443' title='bbox 562 4926 605 4977; x_wconf 87' lang='lat'>47.</span> <span class='ocrx_word' id='word_1_444' title='bbox 623 4912 762 4963; x_wconf 75' lang='lat' dir='ltr'>furiosum</span> <span class='ocrx_word' id='word_1_445' title='bbox 784 4911 899 4973; x_wconf 89' lang='lat' dir='ltr'>librum]</span> <span class='ocrx_word' id='word_1_446' title='bbox 924 4910 1105 4976; x_wconf 86' lang='lat' dir='ltr'>Apparently</span> <span class='ocrx_word' id='word_1_447' title='bbox 1154 4911 1279 4969; x_wconf 78' lang='lat' dir='ltr'>monitio,</span> <span class='ocrx_word' id='word_1_448' title='bbox 1292 4911 1349 4960; x_wconf 90' lang='lat' dir='ltr'>LB</span> <span class='ocrx_word' id='word_1_449' title='bbox 1363 4913 1480 4974; x_wconf 82' lang='lat' dir='ltr'>x.1683.</span> 
     </span>
     <span class='ocr_line' id='line_1_52' title="bbox 528 4976 1733 5042; baseline -0.001 -11"><span class='ocrx_word' id='word_1_450' title='bbox 528 4978 579 5031; x_wconf 82' lang='lat' dir='ltr'>the</span> <span class='ocrx_word' id='word_1_451' title='bbox 589 4977 673 5029; x_wconf 83' lang='lat' dir='ltr'>lusto</span> <span class='ocrx_word' id='word_1_452' title='bbox 686 4977 808 5040; x_wconf 68' lang='lat' dir='ltr'>euersa,</span> <span class='ocrx_word' id='word_1_453' title='bbox 824 4983 877 5029; x_wconf 89' lang='lat' dir='ltr'>not</span> <span class='ocrx_word' id='word_1_454' title='bbox 891 4977 1044 5042; x_wconf 89' lang='lat' dir='ltr'>published</span> <span class='ocrx_word' id='word_1_455' title='bbox 1060 4977 1105 5026; x_wconf 84' lang='lat' dir='ltr'>till</span> <span class='ocrx_word' id='word_1_456' title='bbox 1188 4976 1426 5042; x_wconf 76' lang='lat' dir='ltr'>capreolectum</span> <span class='ocrx_word' id='word_1_457' title='bbox 1453 4977 1659 5041; x_wconf 80' lang='lat' dir='ltr'>Brisacensem]</span> <span class='ocrx_word' id='word_1_458' title='bbox 1687 4976 1733 5030; x_wconf 75' lang='lat' dir='ltr'>ct.</span> 
     </span>
     <span class='ocr_line' id='line_1_53' title="bbox 529 5043 1554 5111; baseline -0.002 -15"><span class='ocrx_word' id='word_1_459' title='bbox 529 5046 598 5097; x_wconf 80' lang='lat' dir='ltr'>Feb.</span> <span class='ocrx_word' id='word_1_460' title='bbox 627 5057 690 5108; x_wconf 79' lang='lat'>1531</span> <span class='ocrx_word' id='word_1_461' title='bbox 719 5045 777 5105; x_wconf 92' lang='lat' dir='ltr'>(see</span> <span class='ocrx_word' id='word_1_462' title='bbox 802 5045 856 5111; x_wconf 79' lang='lat' dir='ltr'>Ep.</span> <span class='ocrx_word' id='word_1_463' title='bbox 886 5058 950 5108; x_wconf 81' lang='lat'>1934</span> <span class='ocrx_word' id='word_1_464' title='bbox 976 5043 1104 5105; x_wconf 87' lang='lat' dir='ltr'>iutrcd.).</span> <span class='ocrx_word' id='word_1_465' title='bbox 1155 5045 1554 5110; x_wconf 80' lang='lat' dir='ltr'>Epp.2395.22,24oo.22-3.</span> 
     </span>
    </p>
   </div>
   <div class='ocr_carea' id='block_1_5' title="bbox 0 0 2035 5900">
    <p class='ocr_par' dir='ltr' id='par_1_5' title="bbox 0 0 2035 5900">
     <span class='ocr_line' id='line_1_54' title="bbox 0 0 2035 5900; baseline 0 0"><span class='ocrx_word' id='word_1_466' title='bbox 0 0 2035 5900; x_wconf 95' lang='lat' dir='ltr'> </span> 
     </span>
    </p>
   </div>
  </div>
 </body>
</html>
