4042 5900
310 681 405 756 2513]
574 676 698 740 FROM
719 676 975 742 AUGUSTINE
997 675 1228 741 STEUCHUS
1446 680 1506 739 291

310 856 409 917 quam
428 856 449 896 a
468 855 520 897 me
537 837 646 916 posita
661 835 799 898 fuissent
818 835 918 897 fueris
934 836 1172 915 interpretatus
1189 841 1224 896 et
1242 835 1331 914 quod
1348 835 1448 896 etiam
1465 834 1508 897 nd

309 920 473 981 leuissima
492 938 576 998 quae
595 938 743 999 carperes
761 919 973 992 descenderis,
992 925 1031 979 vt
1050 918 1102 980 vel
1121 925 1230 979 errata
1249 937 1270 978 a
1284 919 1508 998 typographis,

309 1023 394 1083 quaa
417 1004 451 1063 in
473 1003 664 1064 excudendo
689 1002 773 1064 libro
797 1001 929 1063 fuerant
953 1002 1105 1075 admissa,
1131 1020 1171 1063 ea
1195 1001 1257 1062 tibi
1282 1003 1353 1062 visa
1376 1002 1444 1063 sint
1467 1002 1508 1063 de

309 1087 429 1165 quibus
457 1106 509 1147 me
534 1091 583 1158 tu,
606 1087 657 1147 vir
682 1086 877 1158 doctissime,
906 1084 1208 1146 commonefaceres.
1252 1083 1347 1157 Quod
1375 1086 1509 1147 temetsi

309 1170 418 1231 iuerat
438 1175 517 1230 ente
537 1176 664 1242 notum,
686 1169 841 1248 nulleque
863 1187 964 1229 exeo
986 1169 1020 1228 in
1042 1188 1093 1229 me
1115 1168 1213 1247 culpa
1236 1167 1407 1241 redundet,
1429 1188 1450 1230 a
1475 1175 1555 1240 te7o

308 1259 420 1314 tamen
434 1252 699 1314 animaduersum
713 1252 900 1313 humaniter
914 1252 1047 1330 accipio.

351 1336 400 1397 De
423 1336 473 1397 his
496 1355 574 1397 vero
599 1355 683 1415 quae
708 1355 800 1397 secus
824 1336 1061 1414 interpretatus
1085 1354 1129 1406 es,
1155 1340 1190 1395 et
1218 1334 1282 1395 illis
1310 1353 1394 1413 quae
1423 1336 1509 1396 iuste

308 1420 447 1480 fortasse
466 1419 600 1480 fuerant
618 1438 639 1479 a
657 1439 710 1480 me
730 1418 843 1479 multis
859 1419 894 1478 in
912 1417 991 1479 locis
1008 1437 1170 1497 reprensa,
1190 1437 1211 1478 a
1232 1424 1266 1479 te
1288 1418 1341 1479 vel
1363 1419 1397 1479 in
1418 1418 1509 1479 aliud

309 1502 493 1581 torquendo
504 1501 557 1563 vel
566 1501 790 1563 imminuendo
798 1501 1159 1580 defenduntur-super
1169 1500 1230 1574 his,
1240 1502 1384 1580 inquam,
1393 1501 1508 1562 eadem

309 1586 471 1647 modestia
490 1592 525 1647 et
543 1585 657 1646 eadem
677 1585 830 1646 libertate
850 1584 911 1645 tibi
930 1583 1143 1664 respondebo,
1161 1603 1228 1663 qua
1247 1591 1286 1646 tu
1307 1604 1343 1645 es
1359 1603 1436 1663 erga
1456 1603 1508 1645 me
1522 1604 1554 1655 7⁵

309 1688 396 1729 vsus.
440 1668 523 1729 Vter
545 1673 658 1729 autem
680 1688 719 1729 eo
743 1667 898 1729 libentius
923 1667 984 1729 hac
1008 1667 1162 1729 libertate
1184 1667 1273 1746 quod
1298 1667 1341 1729 ad
1362 1687 1434 1728 eam
1456 1687 1508 1730 me
1632 1706 1634 1710 -

308 1753 438 1831 passim,
454 1751 512 1812 sed
529 1752 564 1811 in
582 1751 670 1812 calce
684 1752 856 1831 praecipue
875 1750 1032 1831 epistolae
1049 1757 1136 1823 tuae,
1157 1751 1316 1812 inuitasti.
1361 1750 1508 1812 Vicissim

309 1841 420 1896 autem
435 1835 583 1896 obtestor
597 1840 640 1908 te,
656 1836 702 1895 mi
715 1834 860 1906 Erasme,
875 1834 998 1913 nequid
1014 1854 1035 1894 a
1055 1853 1107 1895 me
1124 1834 1238 1912 iniquo
1257 1834 1367 1894 animo
1382 1835 1508 1896 dictum

308 1919 496 1997 suspiceris:
518 1937 595 1979 nam
617 1923 652 1978 te
671 1918 751 1978 mihi
771 1917 913 1978 eruditio
932 1924 992 1979 tua
1010 1916 1155 1978 reddidit
1175 1917 1406 1979 amicissimum
1426 1937 1507 1978 sem-

308 2020 429 2080 perque
460 2000 692 2074 venerandum,
721 2007 760 2061 vt
788 2001 923 2062 tametsi
949 2019 1119 2079 nunquam
1155 2000 1302 2073 viderim,
1331 2000 1508 2080 plurimum
1521 2008 1555 2057 80

309 2090 420 2145 tamen
439 2103 566 2164 semper
585 2084 762 2145 dilexerim.
806 2083 874 2144 Nec
893 2103 945 2144 me
961 2085 1112 2144 iuuenem
1131 2090 1228 2164 putes
1247 2084 1399 2144 canitiem
1414 2090 1508 2145 tuem

308 2186 454 2246 vnquam
473 2169 679 2247 contemptui
695 2167 748 2229 vel
769 2166 920 2228 habuisse
941 2165 994 2227 vel
1014 2167 1134 2227 habere
1152 2167 1314 2246 potuisse:
1338 2167 1430 2228 nulla
1443 2167 1509 2229 fuit

309 2270 454 2329 vnquam
483 2252 517 2311 in
542 2269 595 2311 me
624 2250 788 2311 dementia
816 2249 902 2311 talis.
945 2249 1033 2310 Nam
1062 2250 1102 2310 de
1130 2249 1413 2311 lucubrationibus
1442 2252 1508 2311 tuis

309 2353 435 2413 semper
460 2335 584 2413 optime
609 2335 711 2394 sensi:
745 2333 842 2394 fidem
868 2339 980 2394 autem
1003 2338 1038 2393 et
1060 2334 1218 2412 pietatem
1243 2332 1385 2395 arbitror
1409 2332 1508 2395 luisse

309 2436 434 2496 semper
448 2418 698 2495 integerrimam.
743 2417 815 2478 Hoc
834 2422 967 2478 tentum
984 2417 1019 2477 in
1034 2423 1067 2476 te
1087 2416 1254 2496 displicuit
1271 2416 1360 2495 quod
1379 2418 1508 2495 scriptis
1520 2424 1553 2487 85

309 2501 375 2560 tuis
395 2499 537 2560 effeceris
555 2506 593 2560 vt
608 2499 708 2561 alium
723 2505 757 2559 te
777 2519 845 2561 esse
860 2498 1015 2561 mortales
1032 2499 1128 2560 multi
1151 2501 1394 2579 suspicarentur
1407 2519 1507 2578 quam

309 2584 361 2643 sis.
405 2582 515 2661 Atque
532 2582 653 2644 idcirco
670 2583 783 2644 euenit
803 2583 865 2644 tibi
887 2588 926 2643 vt
947 2584 981 2643 in
1002 2584 1101 2643 armis
1124 2602 1253 2643 omnem
1275 2582 1342 2643 iere
1362 2588 1507 2644 aemtem

307 2666 417 2744 egeris,
436 2685 563 2745 semper
584 2685 658 2727 cum
680 2666 794 2726 multis
815 2664 1014 2745 digladiatus
1035 2667 1088 2737 sis,
1110 2684 1197 2726 nnnc
1218 2665 1286 2726 tela
1306 2667 1506 2745 intorquens,

308 2768 394 2809 nunc
409 2749 538 2810 obiecta
552 2748 711 2829 repellens
723 2770 730 2821 ;
752 2750 910 2828 plurimos
923 2750 1009 2810 enim
1030 2768 1069 2808 ac
1082 2749 1224 2827 plurima
1237 2748 1347 2810 audax
1363 2755 1422 2810 tua
1437 2768 1506 2829 per·

309 2833 444 2893 strinxit
459 2833 612 2905 iuuenta;
628 2834 918 2912 grauissimemque
932 2832 996 2892 illis
1005 2833 1100 2892 annis
1109 2833 1280 2910 suscepisti
1294 2834 1506 2910 prouinciam,
1519 2852 1553 2899 90

309 2922 348 2977 vt
363 2915 402 2977 de
418 2915 563 2978 moribus
578 2916 725 2978 omnium
740 2916 941 2977 seuerissime
955 2934 1125 2977 censuram
1140 2934 1314 2977 exerceres.
1359 2914 1454 2989 Quod
1472 2922 1508 2978 et

308 3001 336 3060 si
357 2999 445 3060 bono
465 3000 575 3061 animo
596 3000 657 3061 abs
682 3006 716 3061 te
740 2999 866 3061 iactum
892 3001 1003 3062 cuncti
1027 3000 1236 3079 interpretari
1262 2999 1392 3072 debent,
1414 3019 1506 3079 prae-

308 3083 421 3145 stabat
440 3089 552 3145 tamen
571 3083 605 3144 id
624 3083 805 3145 modestius
822 3083 928 3145 facere
945 3090 980 3145 et
999 3084 1124 3145 minore
1143 3101 1218 3143 cum
1238 3082 1379 3144 licentia.
1423 3082 1507 3145 Sunt

308 3166 405 3228 multi
434 3168 491 3246 qui
520 3172 554 3227 te
581 3165 740 3228 Saronico
768 3166 946 3228 Haereseos
978 3167 1122 3246 aliquam
1153 3185 1286 3227 causam
1319 3167 1507 3246 praebuisse

308 3250 440 3322 dicant;
472 3269 538 3310 non
563 3248 652 3328 quod
677 3250 704 3309 is
730 3250 858 3310 animus
882 3249 943 3310 tibi
971 3249 1073 3311 fuerit
1097 3255 1136 3310 vt
1161 3250 1248 3310 huno
1274 3250 1433 3311 heberent
1455 3269 1553 3319 res95

307 3339 473 3405 euentum,
489 3333 546 3393 sed
564 3332 652 3411 quod
672 3333 772 3393 nimia
786 3339 846 3393 tua
860 3333 913 3394 vel
927 3332 1060 3393 licentia
1074 3332 1127 3392 vel
1144 3333 1277 3394 incauto
1290 3339 1326 3395 et
1339 3334 1507 3394 inattento

309 3415 378 3477 zelo
393 3420 445 3492 (vt
459 3417 504 3476 sic
519 3416 670 3492 dixerim)
685 3422 833 3477 asserant
846 3434 915 3477 esse
930 3414 1066 3477 iactum.
1109 3414 1219 3493 Atque
1239 3415 1300 3477 hoc
1315 3418 1372 3494 qui
1391 3417 1507 3478 dicunt

307 3519 374 3560 non
399 3499 586 3579 paucissimi
608 3504 695 3572 sunt,
719 3518 778 3560 nec
804 3518 934 3578 prorsus
956 3498 1120 3570 ineruditi,
1147 3499 1245 3577 idque
1265 3519 1306 3560 ex
1328 3499 1419 3561 libris
1440 3503 1506 3562 tuis

308 3588 431 3661 putant
453 3601 486 3642 se
508 3581 604 3643 facile
628 3582 853 3643 demonstrare
877 3600 980 3662 posse.
1023 3580 1214 3661 Complures
1238 3583 1405 3643 affirmant
1430 3603 1505 3664 pru·

308 3665 439 3726 dentiae
457 3672 535 3726 tuae
556 3665 656 3726 fuisse
677 3671 717 3726 vt
738 3666 766 3726 si
787 3684 868 3744 quas
889 3664 1030 3738 frendes,
1053 3665 1080 3724 si
1102 3684 1168 3744 qua
1189 3665 1320 3738 scelera,
1342 3665 1506 3728 Ecclesiae
1521 3686 1569 3722 100

308 3748 443 3809 haberes
468 3754 558 3821 nota,
581 3769 620 3810 ea
649 3750 759 3828 potius
783 3748 996 3809 absconderes
1025 3767 1125 3826 quam
1149 3749 1183 3808 in
1208 3748 1377 3809 theatrum
1402 3751 1506 3811 totius

308 3831 423 3891 mundi
435 3831 640 3892 extraheres:
663 3850 738 3893 cum
754 3850 866 3893 omnes
876 3833 1056 3910 scripturae
1066 3831 1207 3892 doceant
1217 3831 1356 3893 aliorum
1371 3839 1506 3912 peccata

307 3934 375 3975 esse
395 3914 569 3986 reticenda,
585 3934 626 3976 ne
645 3913 820 3975 manifesta
839 3914 906 3974 sint
927 3914 1148 3993 improbitatis
1169 3915 1289 3993 iniquis
1308 3917 1504 3996 exemplum,

307 4003 367 4059 aut
381 4016 423 4058 ne
438 3996 578 4058 reddant
593 4004 722 4059 caetera
741 3998 776 4058 in
792 3995 945 4075 religione
959 3997 1236 4077 vituperabiliore.
1281 3998 1376 4059 Hanc
1393 4005 1505 4060 entem

307 4081 467 4141 rationem
483 4100 594 4142 veram
608 4081 770 4142 scribendi
783 4081 883 4142 fuisse
898 4087 1042 4158 arguunt
1055 4100 1097 4141 ex
1111 4100 1150 4141 eo
1171 4080 1260 4159 quod
1280 4100 1321 4142 ex
1341 4083 1506 4143 contraria
1521 4101 1567 4152 105

307 4165 433 4225 ratione
466 4183 585 4243 magna
618 4184 675 4244 per
702 4183 832 4225 omnem
860 4163 1018 4244 populum
1047 4163 1202 4225 scandala
1229 4170 1343 4226 coorta
1370 4163 1504 4227 fuerint.

308 4247 407 4320 Haeo,
423 4249 468 4307 mi
483 4246 617 4308 Erasme
635 4248 837 4321 amicissime,
852 4253 961 4309 tecum
978 4253 1013 4308 ct
1027 4266 1085 4326 per
1102 4246 1285 4327 epistolam.
1329 4247 1405 4308 Non
1418 4249 1504 4311 enim

307 4330 386 4391 mihi
411 4331 541 4391 animus
565 4349 638 4392 eam
664 4332 696 4391 in
721 4330 827 4391 lucem
851 4331 955 4403 edere,
981 4330 1043 4390 nisi
1066 4335 1105 4391 tu
1129 4330 1227 4391 aliam
1257 4349 1388 4391 causam
1413 4351 1504 4412 prae·

307 4413 424 4474 bueria.

349 4495 412 4557 Sed
433 4496 484 4557 his
506 4497 641 4570 omissis,
663 4496 707 4558 ad
728 4497 829 4558 verba
850 4502 910 4557 tua
928 4496 1124 4558 veniendum
1145 4502 1206 4558 est.
1250 4495 1405 4558 Animum
1426 4498 1506 4558 milri
1520 4514 1569 4551 110

308 4581 449 4658 primum
464 4586 498 4640 et
512 4579 680 4642 fortunam
694 4579 886 4660 gratularis;
908 4580 1133 4640 doctissimum
1144 4579 1300 4660 appellas,
1312 4586 1352 4640 vt
1365 4581 1504 4642 istarum

307 4663 393 4724 forte
412 4663 549 4724 laudum
569 4670 701 4743 stupore
719 4682 889 4744 percussus
907 4682 974 4724 non
991 4664 1131 4724 sentiam
1149 4682 1276 4724 morsus
1290 4669 1366 4724 tuos
1383 4670 1503 4725 totam·

307 4765 371 4824 que
391 4748 489 4807 istam
509 4766 678 4808 censuram
696 4766 795 4826 quam
814 4747 848 4807 in
867 4765 920 4807 me
939 4748 1123 4807 exercuisti.
1167 4745 1291 4808 Ordiris
1312 4766 1333 4807 a
1347 4746 1502 4808 laudatis·

307 4830 390 4890 sima
412 4829 610 4891 bibliotheca
630 4828 836 4908 Grymanica‚
858 4829 892 4891 id
913 4835 964 4890 est
985 4848 1006 4889 a
1027 4829 1180 4891 laudibus
1201 4830 1277 4902 tuis,
1295 4836 1330 4890 et
1351 4830 1411 4891 hac
1433 4835 1503 4890 tam

340 4974 382 5036 83.
401 4973 475 5023 Nam
488 5011 494 5022 .
509 5011 514 5022 .
530 5011 535 5022 .
548 4974 590 5037 85.
609 4972 818 5038 integerrimam
829 4990 882 5025 om.
893 4971 919 5036 β.
968 4986 1024 5023 100.
1043 4971 1184 5023 Ecclesiae
1196 4991 1213 5021 α
1224 4971 1288 5022 LB:
1305 4973 1465 5038 aliquorum
1475 4971 1502 5037 β.

309 5053 365 5102 1⁰3·
383 5041 568 5091 manifestate
577 5038 603 5104 β.
