4042 5900
389 670 485 751 2361]
679 672 736 735 ro
756 673 937 738 conano
959 673 1015 737 or
1036 674 1284 737 rflunnoan
1565 676 1586 735 e

389 832 424 892 in
444 832 546 912 ipsius
565 851 640 893 eere
659 851 738 905 esse,
757 851 863 911 neque
886 834 1063 912 quicquam
1077 834 1181 913 magis
1195 840 1312 913 optare
1326 851 1427 912 quam
1441 831 1513 893 dari
1526 831 1589 892 sibi
1601 847 1634 899 45

389 916 590 975 occasionem
605 934 672 994 que
686 916 828 976 vicissim
839 918 926 995 grati
937 916 1066 978 clientis
1080 917 1226 977 animum
1235 922 1403 995 vteunque
1417 914 1588 976 testificari

389 999 503 1078 possit.
546 998 661 1078 Neque
683 1001 770 1059 enim
797 1018 850 1060 me
879 1001 986 1060 minus
1015 1006 1189 1061 oneratum
1218 1006 1278 1060 tuo
1306 999 1463 1060 beneficio
1488 1017 1588 1077 quam

389 1081 587 1143 honoratum
609 1082 761 1143 arbitror.
804 1081 873 1144 Nec
888 1088 999 1145 tamen
1014 1084 1185 1144 exonerari
1205 1084 1310 1162 cupio,
1326 1082 1378 1144 vel
1393 1083 1471 1160 quia
1486 1082 1589 1142 debeo

388 1165 451 1225 tali
475 1164 622 1226 Praesuli
646 1165 797 1238 libenter,
823 1166 885 1227 vel.
901 1168 979 1245 quia
1003 1167 1164 1247 perspicio
1186 1186 1239 1227 me
1268 1185 1402 1245 prorsus
1427 1184 1493 1226 non
1518 1184 1588 1226 esse

388 1248 556 1321 soluendo,
587 1250 689 1310 etiam
718 1249 746 1309 si
775 1249 975 1325 facultatum
1008 1269 1157 1311 mearum
1183 1251 1330 1310 omnium
1358 1255 1459 1327 atque
1487 1250 1588 1310 etiam
1601 1262 1635 1312 5⁰

388 1333 507 1411 capitis
536 1331 632 1392 huius
659 1332 766 1394 fecero
793 1334 989 1395 auctionem.
1033 1332 1093 1395 Sat
1120 1333 1226 1394 habeo
1253 1334 1281 1394 si
1306 1351 1372 1411 quo
1395 1338 1589 1411 argumento

388 1414 558 1476 declarare
571 1415 652 1476 mihi
663 1415 869 1495 reponendae
883 1418 1008 1495 gratiae
1023 1416 1230 1477 voluntatem
1244 1435 1311 1477 non
1325 1415 1443 1477 deesse.

431 1498 592 1559 Dominus
607 1498 699 1560 Iesus
714 1497 755 1560 R.
766 1498 800 1561 C.
812 1498 849 1560 Τ.
865 1501 1003 1579 sospitet
1014 1506 1258 1580 prosperetque
1270 1518 1373 1578 quum
1381 1499 1416 1559 in
1425 1497 1588 1571 omnibus,

388 1586 462 1642 tum
477 1583 512 1642 in
526 1581 678 1643 sedandis
691 1582 743 1643 his
757 1582 921 1644 Ecclesiae
935 1583 1144 1645 tumultibus.
1186 1582 1302 1662 Neque
1315 1584 1402 1643 enim
1416 1582 1588 1661 desperan-

388 1664 469 1725 dum
490 1671 551 1726 est.
595 1664 769 1727 Grauiores
789 1665 866 1727 olim
884 1671 975 1728 etate
994 1666 1064 1727 diui
1083 1665 1278 1745 Hieronymi
1292 1665 1439 1745 pertulit,
1453 1671 1489 1726 et
1503 1665 1589 1725 viuit
1602 1678 1635 1729 55

388 1749 571 1809 etiamnum
593 1748 751 1823 Christus,
766 1750 824 1828 qui
845 1749 947 1810 verbo
964 1749 1060 1811 sedat
1077 1769 1166 1810 mare
1188 1749 1371 1828 quamlibet
1391 1748 1533 1810 fremens
1554 1753 1589 1808 et

387 1832 527 1891 exitium
542 1833 708 1895 minitans.
750 1833 819 1894 Nos
833 1839 967 1894 tantum
981 1834 1161 1894 excitemus
1176 1852 1251 1893 eum
1266 1832 1426 1912 precibus,
1441 1852 1480 1892 ac
1495 1831 1589 1892 bonis

388 1915 542 1994 operibus
557 1915 753 1989 vellieemus,
772 1916 875 1977 donec
894 1918 1141 1997 expergiscatur
1162 1916 1338 1994 iubeatque
1358 1921 1589 1995 tempestatem

389 1997 474 2059 hanc
499 1998 716 2061 consileseere.
769 2000 865 2061 Hanc
884 2000 1022 2080 gloriam
1045 2001 1108 2061 sibi
1136 1999 1212 2061 vult
1235 1999 1346 2073 tribui,
1369 2018 1437 2060 non
1458 2004 1590 2059 nostrae

387 2081 592 2161 prudentiae.
1602 2084 1637 2133 ⁶0

431 2164 558 2225 Datum
573 2165 663 2245 apud
677 2165 874 2246 Friburgum
889 2166 1064 2247 Brisgoiae.
1079 2167 1217 2247 postrid.
1233 2166 1329 2228 Laur.
1347 2179 1437 2243 1530.

628 2456 728 2518 2362.
776 2453 828 2518 To
844 2452 1104 2519 Onalsrorssa
1120 2471 1165 2518 or
1182 2450 1355 2517 Smmorr.

426 2587 588 2659 Epistolae
600 2588 744 2643 Floridae
756 2605 787 2660 p.
802 2603 848 2657 55.
1342 2587 1501 2658 Freiburg.

426 2663 468 2718 K.
482 2680 514 2734 p.
530 2676 584 2732 70:
603 2663 643 2719 N.
658 2680 689 2734 p.
704 2680 777 2731 995:
798 2664 897 2719 Lond.
912 2683 984 2719 xxv.
1000 2678 1054 2733 37:
1074 2664 1139 2718 LB.
1156 2665 1238 2719 1128.
1283 2679 1315 2717 11
1330 2664 1454 2733 August
1468 2676 1551 2731 1530.

687 2782 758 2843 [The
769 2782 917 2846 year-date
929 2782 1016 2833 needs
1027 2798 1065 2833 no
1075 2781 1294 2843 confirmation]

608 2905 702 2951 nam.
715 2906 790 2952 Bor.
806 2906 1062 2952 CHRISTOPHORO
1078 2906 1180 2952 unse.
1197 2905 1335 2952 Avevsr.
1353 2905 1379 2949 S.

431 3014 558 3075 ΕουΕΜ
586 3012 639 3075 die
667 3034 733 3093 quo
762 3016 966 3077 celsitudinis
994 3023 1073 3077 tuae
1100 3021 1284 3097 postremas
1312 3014 1442 3076 litteras
1469 3016 1589 3095 accepi,

389 3098 542 3158 miseram
566 3096 674 3159 isthuc
694 3101 849 3160 nuncium
873 3119 946 3162 meo
972 3119 1046 3162 aere
1075 3101 1108 3160 in
1138 3099 1198 3160 hoc
1227 3099 1356 3177 proprie
1379 3097 1588 3161 conductum.

388 3179 478 3241 Tuas
493 3181 594 3241 tertio
609 3180 661 3242 die
680 3182 822 3261 Augusti
837 3185 975 3263 scriptas
993 3182 1138 3245 reddidit
1157 3183 1299 3242 rusticus
1319 3181 1463 3261 quidam,
1479 3181 1590 3243 dicens

388 3283 423 3325 se
444 3264 613 3343 Augustae
636 3268 796 3344 accepisse
817 3287 838 3328 a
859 3267 926 3328 fflio
947 3266 1117 3329 cuiusdam
1139 3266 1319 3345 piscatoris.
1363 3264 1404 3325 Id
1425 3284 1491 3344 quo
1510 3285 1590 3326 casu

388 3348 545 3408 acciderit
555 3349 673 3409 nescio.
700 3349 820 3410 Vereor
829 3370 869 3411 ne
880 3350 1023 3430 reliquae
1037 3351 1104 3411 sint
1113 3350 1332 3428 interceptae;
1348 3368 1425 3409 nam
1435 3347 1590 3427 Corycaei
1602 3363 1618 3412 5

387 3449 551 3509 nusquam
566 3450 633 3492 non
647 3431 795 3512 vigilant.

433 3513 601 3576 Paulatim
630 3515 736 3576 euado
761 3516 988 3591 firmiusculus,
1015 3518 1078 3578 nisi
1101 3516 1190 3596 quod
1218 3515 1364 3594 pulicum
1395 3516 1589 3595 improbitas

389 3616 451 3658 nos
473 3603 607 3658 tantum
632 3617 698 3659 non
723 3607 839 3662 enecat
861 3601 1097 3680 inquietudine.
1150 3599 1308 3678 Pergrata
1333 3599 1415 3659 mihi
1438 3600 1504 3660 fuit
1529 3605 1589 3660 tua

389 3681 585 3760 obiurgatio,
601 3682 690 3760 quod
704 3685 896 3763 scripseram
916 3704 968 3746 me
983 3685 1045 3745 tibi
1060 3703 1127 3744 non
1147 3682 1216 3744 iore
1230 3701 1365 3762 grauem
1384 3682 1587 3744 clientulum.

389 3764 591 3826 Declarabat
611 3767 699 3826 enim
721 3769 1025 3829 constantissimum
1046 3768 1081 3827 in
1102 3767 1248 3828 amicitia
1267 3767 1434 3827 animum:
1457 3768 1510 3826 cui
1524 3768 1636 3827 vti-10

389 3866 468 3908 nam
490 3847 602 3926 aliqua
623 3869 664 3908 ex
686 3855 781 3928 perte
800 3870 920 3930 queem
944 3850 1158 3930 respondere!
1203 3848 1320 3910 Libelli
1335 3868 1416 3927 quos
1430 3851 1590 3911 emittunt

388 3937 554 3992 sectarum
568 3931 724 4011 πρόμαχοι
737 3935 838 3994 etiam
855 3936 1025 3996 minantur
1038 3934 1143 4007 nobis,
1159 3938 1294 3994 tantum
1311 3933 1405 3993 abest
1418 3939 1458 3993 vt
1475 3952 1589 4012 pacem

390 4014 550 4076 ambient.
595 4013 675 4076 Tres
698 4016 900 4078 conditiones
920 4038 1003 4098 quas
1025 4036 1180 4090 recenses,
1201 4015 1418 4090 meoiudicio,
1434 4016 1588 4078 nullare-

389 4097 519 4176 ligionis
542 4099 670 4159 iactura
695 4101 829 4161 concedi
853 4108 1030 4181 poterant;
1064 4100 1121 4162 sed
1146 4101 1278 4161 minime
1303 4099 1400 4160 credo
1425 4107 1589 4160 sectarum

389 4200 540 4261 proceres
554 4181 618 4243 illis
632 4181 701 4244 iore
715 4190 897 4246 contentos.
930 4185 979 4246 De
994 4184 1171 4246 cerebrosis
1186 4190 1220 4244 et
1235 4182 1399 4261 capitosis,
1414 4185 1481 4244 scio
1496 4189 1589 4244 tuam
1605 4196 1635 4246 15

390 4264 643 4344 amplitudinem
657 4273 754 4328 extra
768 4268 935 4347 reptilium
950 4288 1079 4330 morsus
1093 4287 1173 4328 esse.
1202 4266 1293 4327 Nihil
1308 4272 1421 4328 tamen
1435 4273 1486 4328 est
1501 4266 1590 4345 quod

424 4391 569 4508 2361}ssn
579 4392 669 4457 ipsius
681 4394 725 4443 αἰ
743 4410 796 4444 suo
807 4395 844 4444 al.
939 4399 981 4458 ⁵⁶·
999 4402 1030 4447 et
1042 4414 1074 4446 a:
1092 4400 1180 4459 atque
1192 4394 1230 4444 Κ.
1330 4408 1371 4457 59.
1389 4393 1463 4443 hanc
1474 4394 1538 4444 odd.
1551 4393 1589 4444 α’.

389 4461 483 4521 59-60.
570 4475 585 4508 c
598 4497 605 4509 .
620 4497 626 4509 .
640 4495 648 4509 .
660 4460 830 4526 prudentiae
841 4462 905 4512 odd.
917 4462 948 4513 J.
1076 4462 1152 4511 2362.
1170 4463 1195 4511 8.
1213 4467 1330 4511 tantum
1341 4476 1399 4511 non
1411 4461 1455 4511 K:
1474 4476 1547 4525 pene
1558 4460 1589 4510 J.

392 4539 432 4575 11.
450 4525 566 4576 Libellis
577 4526 615 4576 K.
687 4530 725 4578 16.
743 4528 963 4594 amplitudinem
973 4529 1009 4579 J:
1028 4529 1233 4580 sublimitatem
1245 4529 1284 4578 Κ.

424 4694 500 4744 asel.
513 4707 554 4758 53.
567 4694 965 4757 R.C.T.]reuerendissimam
1049 4710 1074 4758 5.
1092 4697 1235 4760 Coryeaei]
1253 4696 1305 4747 See
1322 4696 1397 4762 Epp.
1418 4697 1492 4759 1236.
1512 4709 1589 4759 114n,

389 4761 587 4812 celsitudinem
598 4768 688 4812 tuam.
1018 4776 1092 4828 1437.
1105 4766 1164 4814 208.

425 4841 467 4890 5⁵·
486 4829 576 4890 etate]
599 4829 642 4880 Cf·
667 4830 741 4896 EPP·
767 4834 844 4894 2366·
870 4844 964 4897 ersa
1050 4844 1075 4894 7·
1094 4830 1496 4896 puseum101.sp.2329.77.

392 4896 467 4959 2383·
480 4897 557 4959 42⁴·
1050 4912 1076 4958 9·
1094 4898 1272 4963 mersorum]
1284 4896 1338 4962 En·
1351 4910 1427 4959 2332·
1439 4899 1515 4958 62-3·

425 4962 501 5012 2362.
521 4976 545 5013 1.
562 4962 685 5025 litteras]
697 4963 756 5016 Not
766 4971 879 5016 extant.
1053 4978 1093 5014 11.
1111 4964 1221 5025 Libelli]
1233 4963 1284 5014 See
1296 4962 1320 5012 E
1344 5000 1351 5013 .
1363 4976 1438 5027 ²329·
1450 4976 1568 5022 oo-rnn.

425 5042 451 5092 3.
468 5028 556 5091 Tuas]
569 5030 636 5080 Also
647 5036 699 5082 not
710 5038 822 5084 extant.
1054 5045 1094 5096 13·
1112 5030 1300 5091 conditiones]
1348 5029 1419 5095 ,Ep
1430 5043 1505 5094 ²355·
1514 5042 1589 5093 20-3.
