4042 5900
339 677 435 759 2468]
702 677 758 740 TO
779 678 975 742 ANDREW
996 678 1174 741 AlomTI
1472 679 1534 740 233

339 838 368 897 si
382 838 455 915 quis
469 837 571 898 verbo
585 838 752 911 dissideat,
768 839 941 899 confestim
956 838 1051 899 audit
1069 837 1242 910 hereticus,
1258 837 1485 898 schismaticus
1499 843 1535 898 et

337 919 500 994 falsarius,
516 927 617 999 atque
632 922 665 981 in
680 921 897 994 fortunarum,
912 921 1030 994 famae,
1043 923 1196 999 vitaeque
1215 920 1395 1000 periculum
1409 926 1533 1000 pertra-

339 1002 439 1064 hitur.
484 1003 592 1065 Tanta
606 1010 718 1065 autem
737 1011 789 1066 est
807 1004 938 1066 illorum
955 1006 1143 1065 immanitas
1157 1011 1196 1065 vt
1210 1009 1357 1083 praestet
1372 1005 1406 1064 in
1420 1002 1532 1082 Cyclo·
1547 1025 1580 1075 70

340 1105 419 1166 pum
445 1106 483 1147 ac
510 1086 736 1167 Lestrigonum
760 1108 877 1150 manus
902 1088 1052 1149 incidere.
1096 1088 1291 1149 Monarchae
1314 1093 1367 1148 tot
1392 1086 1535 1148 districti

338 1171 480 1249 negociis
500 1190 567 1231 non
589 1177 728 1251 possunt
742 1172 786 1232 ad
801 1173 947 1232 omnium
962 1172 1097 1232 technas
1120 1191 1189 1232 esse
1207 1172 1345 1244 intenti;
1369 1177 1404 1231 et
1422 1177 1534 1231 tamen

339 1253 457 1314 horum
485 1254 597 1315 fauore
626 1255 760 1316 substiti
788 1255 965 1333 hucusque.
1018 1253 1104 1316 Sunt
1132 1256 1228 1328 enim,
1253 1261 1292 1315 vt
1321 1254 1402 1315 nihil
1432 1253 1533 1327 aliud,

338 1335 507 1398 homines:
540 1339 575 1398 in
599 1337 718 1417 quibus
743 1340 771 1398 si
794 1344 891 1400 tanta
913 1337 1032 1399 fuisset
1054 1340 1253 1411 immanitas,
1277 1345 1405 1416 quanta
1425 1343 1477 1398 est
1500 1339 1534 1397 in

337 1422 532 1499 personatis,
556 1422 622 1482 iam
647 1421 725 1482 olim
748 1422 878 1501 linguae
901 1441 976 1482 cum
1004 1421 1194 1482 melioribus
1218 1421 1339 1483 litteris
1361 1421 1535 1483 exularent
1548 1442 1580 1493 75

337 1504 427 1581 apud
440 1503 472 1564 N
474 1504 619 1577 omadas,
635 1504 687 1564 vel
702 1505 792 1585 apud
803 1504 923 1566 Orcum
936 1505 1058 1585 potius.
1088 1503 1254 1582 Siquidem
1265 1505 1355 1585 apud
1369 1511 1535 1566 nostrates

337 1605 466 1647 crassae
482 1589 603 1648 mentis
623 1588 770 1649 homines
785 1589 921 1648 minimo
936 1589 1044 1648 minus
1059 1594 1292 1666 persuaserant
1305 1588 1436 1669 populo,
1452 1586 1535 1648 nihil

337 1670 494 1731 interesse
508 1672 596 1732 inter
611 1672 694 1731 bene
709 1672 864 1733 Latinum
879 1669 1039 1749 Greoique
1053 1673 1211 1732 sermonis
1226 1673 1378 1751 peritum,
1398 1677 1433 1732 et
1447 1672 1535 1731 inter

338 1752 549 1816 haereticum.
592 1754 638 1815 Et
666 1759 779 1816 tamen
807 1774 882 1816 oum
911 1755 962 1815 his
990 1756 1155 1834 portentis
1184 1755 1264 1815 satis
1293 1773 1399 1832 aequo
1427 1752 1534 1814 Marte

337 1837 575 1915 pugnabamus,
590 1839 654 1898 nisi
667 1857 776 1899 rerum
791 1839 1011 1899 humanarum
1025 1857 1140 1898 scenas
1154 1838 1343 1897 inuertisset
1357 1835 1409 1897 hic
1423 1836 1535 1897 subito
1547 1845 1581 1894 80

339 1918 495 1997 ἐπιφανεὶς
511 1920 543 1980 ἐν
556 1926 602 1998 τῷ
617 1920 750 1999 δράματι
766 1920 869 1991 λύκος,
889 1922 946 1999 qui
965 1927 1004 1980 vt
1028 1921 1197 1980 Musarum
1219 1919 1400 1981 cultoribus
1421 1939 1534 1981 vocem

337 2002 470 2075 ademit,
483 2005 531 2064 ita
542 2005 632 2065 ranis
641 2006 744 2067 auxit.
775 2003 805 2066 A
820 2023 886 2082 quo
900 2004 1030 2064 vtinam
1045 2003 1125 2064 mihi
1140 2022 1198 2082 per
1212 2005 1374 2084 principes
1388 2003 1534 2064 licuisset

337 2104 407 2146 esse
422 2087 543 2165 quieto.

379 2167 465 2242 Quid
479 2170 579 2248 igitur
593 2171 701 2243 efficis,
712 2170 840 2232 Alciate
854 2170 1076 2242 disertissime,
1087 2170 1166 2231 dum
1181 2169 1262 2231 mihi
1272 2177 1367 2231 tuum
1378 2171 1534 2250 proponis

336 2251 547 2333 exemplum?
590 2252 675 2327 Quid
701 2256 764 2314 nisi
785 2261 824 2315 vt
845 2261 919 2314 tum
940 2253 1011 2325 tibi,
1034 2260 1121 2315 tum·
1129 2254 1248 2315 studiis
1269 2255 1367 2315 istam
1388 2253 1535 2332 gratuler
1547 2261 1579 2324 85

336 2334 538 2408 felicitatem,
553 2343 588 2397 et
602 2356 711 2398 meum
726 2356 906 2417 agnoscens
920 2337 1028 2399 iatum
1043 2338 1113 2416 ipse
1132 2337 1214 2397 mihi
1234 2339 1342 2397 minus
1361 2337 1533 2417 placeam?

336 2417 484 2480 Altiatus
505 2420 593 2480 inter
614 2420 771 2482 candidos
792 2422 928 2482 deorum
950 2419 1035 2481 filios
1057 2420 1280 2481 numerandus
1305 2427 1365 2492 est,
1387 2419 1477 2491 felix,
1500 2426 1535 2480 et

337 2501 482 2580 pulcher,
504 2509 539 2564 et
561 2523 644 2576 acer,
667 2511 701 2565 et
727 2506 755 2564 si
779 2504 931 2584 perfrixit
952 2504 1036 2565 bene
1059 2510 1209 2576 cantans,
1231 2504 1375 2564 breuiter
1397 2501 1458 2576 ἔξω
1479 2508 1536 2562 τοῦ

336 2584 450 2663 φθόνου
462 2585 563 2664 βελῶν
576 2588 714 2667 positus.
757 2588 804 2648 At
823 2587 1026 2668 probabilius
1047 2585 1213 2666 Theologo
1227 2594 1376 2647 veterum
1396 2585 1533 2647 Theolo-

335 2688 452 2748 gorum
475 2671 626 2749 exempla
649 2672 812 2751 proponis.
855 2669 1040 2750 Cyprianus
1061 2671 1190 2731 audiuit
1214 2668 1404 2749 Copriauus.
1449 2667 1581 2741 Quid90

337 2753 371 2813 ni
392 2753 460 2814 tale
481 2755 664 2814 conuicium
683 2754 863 2833 neglexerit
884 2760 1000 2816 tantus
1020 2755 1202 2834 episcopus,
1225 2772 1327 2831 quum
1349 2771 1409 2831 ego
1435 2754 1534 2813 toties

337 2843 469 2897 mutato
492 2838 632 2909 nomine,
652 2857 740 2899 nunc
763 2838 938 2899 Errasmus
963 2838 1005 2898 ab
1029 2837 1179 2909 errando,
1202 2856 1290 2896 nunc
1311 2835 1469 2896 Arasmus
1491 2835 1534 2896 ab

336 2919 472 2993 arando,
487 2939 575 2981 nunc
590 2920 747 2982 Erasinus
762 2921 805 2983 ab
820 2923 913 2983 asino
923 2927 1072 2993 vocatus,
1084 2920 1165 2981 nihil
1176 2919 1267 2982 aliud
1278 2938 1376 2998 quam
1388 2919 1534 2981 rideam?

337 3003 378 3063 In
402 3003 579 3083 Augustini
602 3007 707 3065 vitam
731 3025 828 3067 nemo
856 3007 963 3066 acrius
989 3006 1125 3065 strinxit
1148 3004 1321 3077 calamum,
1344 3005 1465 3083 partim
1491 3003 1534 3064 ob

337 3106 466 3148 omnem
481 3094 625 3150 aetatem
640 3089 833 3150 innocenter
846 3095 965 3161 actam
978 3090 1100 3167 partim
1111 3089 1201 3166 quod
1214 3089 1281 3148 iam
1295 3086 1427 3166 grandis
1441 3087 1580 3152 renites

336 3171 379 3231 ad
395 3170 605 3251 baptismum,
616 3178 650 3233 et
660 3179 733 3232 tum
745 3174 902 3252 temporis
911 3171 1188 3251 improbissimum
1197 3171 1373 3232 haberetur
1381 3171 1534 3249 cuiquam

336 3253 484 3326 obiicere,
500 3254 590 3332 quod
604 3262 682 3316 ante
697 3257 919 3316 renascentiae
939 3255 1109 3315 lauacrum
1126 3260 1213 3315 esset
1226 3255 1445 3315 commissum.
1489 3253 1534 3314 Et

337 3343 449 3398 tamen
464 3338 508 3398 ad
523 3337 688 3398 leuissima
702 3339 823 3418 probra
844 3338 1032 3419 respondet,
1048 3337 1195 3399 velutad
1210 3337 1408 3398 cenodoxiae
1423 3338 1533 3397 conui-

337 3422 441 3480 cium:
464 3420 623 3481 aduersus
637 3421 713 3482 fidei
727 3423 982 3484 calumniatores
996 3440 1167 3499 nunquam
1179 3439 1245 3481 non
1260 3429 1312 3481 est
1325 3423 1359 3480 in
1374 3421 1483 3492 armis,
1499 3426 1535 3480 et

336 3503 492 3582 peculiari
515 3503 600 3565 libro
621 3505 799 3584 respondet
819 3505 863 3566 ad
884 3504 1041 3566 articulos
1064 3506 1127 3584 ipsi
1145 3504 1301 3565 obiectos.
1344 3503 1464 3563 Mirum
1483 3510 1535 3564 est
1550 3520 1598 3556 100

336 3592 449 3647 autem
472 3587 580 3647 virum
603 3594 701 3649 tanta
724 3588 860 3650 lenitate
883 3594 1045 3668 tantaque
1066 3588 1275 3648 humanitate
1296 3586 1492 3665 praeditum,
1514 3607 1535 3648 a

337 3689 503 3748 quoquam
529 3690 663 3749 prorsus
688 3673 805 3732 incessi
827 3674 974 3751 potuisse
999 3672 1164 3732 conuiciis.
1207 3670 1401 3749 Hieronymi
1425 3670 1535 3731 fatum

337 3754 468 3814 nonita
482 3753 579 3814 valde
594 3754 731 3815 dissidet
751 3776 771 3816 a
793 3775 876 3818 meo.
920 3754 983 3816 Vbi
1004 3775 1072 3815 non
1093 3753 1363 3815 destomachatur
1383 3754 1418 3813 in
1437 3772 1535 3814 canes

336 3856 413 3898 suos
442 3836 673 3899 oblatrantes?
726 3837 870 3911 Quoties,
900 3840 1017 3916 inquis,
1047 3837 1298 3918 periclitabatur
1330 3835 1535 3897 Christianae

336 3919 541 4000 philosophie
564 3923 755 3999 synceritas,
781 3922 826 3983 ibi
851 3920 1015 3982 calamum
1039 3920 1232 4001 stringebat,
1259 3939 1300 3980 ne
1322 3919 1535 4000 simpliciores
1549 3934 1596 3983 10⁵

336 4002 566 4082 pellicerentur
579 4006 614 4064 in
627 4023 789 4066 errorem:
812 4006 856 4066 ad
870 4006 1019 4084 priuatas
1033 4005 1170 4065 iniurias
1184 4003 1312 4064 silebat.
1355 4002 1424 4064 Nec
1443 4002 1534 4064 aliud

336 4088 453 4165 opinor
467 4088 576 4165 agitur
590 4089 625 4148 in
636 4090 716 4149 meis
727 4089 894 4168 apologiis,
906 4107 1006 4166 quam
1016 4094 1055 4148 vt
1069 4086 1231 4167 depellam
1240 4087 1364 4148 crimen
1374 4085 1533 4159 hereseos,

336 4177 397 4231 aut
419 4170 620 4243 schismatis„
638 4179 698 4232 aut
721 4173 813 4233 falsi:
844 4172 888 4232 ad
913 4171 972 4232 heo
997 4179 1110 4233 autem
1132 4177 1263 4233 mutum
1284 4189 1364 4242 esse,
1390 4188 1458 4230 non
1482 4176 1534 4231 est

336 4253 464 4326 lenitas,
493 4254 551 4314 sed
579 4255 740 4332 impietas.
792 4255 959 4316 Aduersus
988 4256 1127 4333 eosqui
1155 4253 1332 4333 suggillant
1357 4254 1533 4333 ingenium,

335 4336 564 4409 eruditionem,
586 4336 818 4416 eloquentiam,
838 4339 1004 4410 iudicium,
1027 4344 1088 4399 aut
1104 4339 1205 4399 etiam
1219 4356 1336 4409 mores,
1352 4337 1534 4416 plerunque
1548 4357 1597 4393 110

336 4439 395 4480 nec
419 4420 564 4499 linguam
590 4421 696 4482 habeo
721 4441 780 4482 nec
804 4421 987 4482 calamum:
1010 4428 1072 4482 aut
1096 4423 1124 4481 si
1145 4419 1225 4499 quid
1246 4419 1436 4500 respondeo,
1458 4439 1532 4481 con·

337 4505 489 4582 temptim
512 4504 641 4583 leuique
663 4505 796 4566 brachio
818 4504 852 4566 id
873 4505 967 4566 facio.
1011 4505 1058 4565 At
1082 4504 1314 4582 Hieronymus,
1340 4523 1440 4582 quam
1466 4521 1533 4564 non

369 4638 411 4687 68.
430 4644 460 4688 et
471 4653 523 4688 ora.
536 4637 567 4687 J.
684 4641 759 4703 82-3.
776 4654 835 4705 quo
852 4676 858 4690 .
875 4677 882 4689 .
899 4677 906 4689 .
920 4639 1019 4703 quieto
1033 4637 1115 4688 MR:
1134 4653 1212 4703 qua.
1228 4674 1236 4688 .
1253 4675 1260 4688 .
1274 4638 1405 4702 quietum
1417 4636 1440 4687 J
1448 4655 1455 4687 r
1475 4652 1534 4702 qua

336 4704 434 4755 fabula
453 4742 459 4754 .
480 4704 660 4769 ..quietum
680 4705 718 4755 Κ.
836 4720 878 4766 90.
897 4705 1055 4770 Caprianus
1076 4704 1108 4756 J.
1227 4718 1284 4766 105.
1303 4704 1482 4769 stringebant
1500 4702 1532 4754 J.

339 4774 395 4820 106.
414 4771 516 4822 silebat
528 4772 708 4835 scripsimus:
726 4772 848 4824 silebant
859 4772 924 4822 MS.

341 4877 417 4963 ⁶81.
429 4877 528 4975 lircil
539 4914 627 4977 Adae.
652 4926 726 4978 3450.
761 4915 822 4965 ‘l'he
843 4914 910 4965 wolf
993 4928 1036 4974 9⁰·
1054 4913 1221 4978 Coprianus]
1233 4912 1276 4963 Cf.
1288 4913 1343 4978 Ep.
1356 4926 1431 4977 2394.
1443 4913 1520 4975 67-8.

336 4997 403 5044 may
417 4981 453 5030 bs
464 4982 552 5030 taken
563 4997 596 5031 aa
607 4982 724 5032 Luther.
992 4994 1035 5043 93.
1053 4980 1201 5041 Erasinus]
1213 4979 1264 5030 See
1275 4980 1331 5046 Ep.
1343 4980 1419 5044 2408.
1434 4993 1494 5029 un.

369 5049 411 5112 87.
430 5047 509 5109 felix]
521 5047 590 5098 Juv.
602 5060 627 5112 7.
642 5061 699 5109 190,
713 5063 769 5113 194.
992 5048 1036 5107 98.
1053 5046 1235 5108 cenodoxiae]
1245 5048 1290 5097 ia.
1303 5044 1469 5108 κωοδοξίας.
