4042 5900
326 681 420 763 2465]
631 680 687 744 ΤΟ
708 680 963 746 AUGUSTINE
985 678 1214 744 STEUOHUS
1458 680 1519 740 215

325 843 415 903 simis
438 840 672 902 iactationibus
694 847 850 902 resonant
860 842 877 901 '.
921 839 1016 902 Certe
1038 841 1072 901 in
1093 840 1185 900 libris
1206 858 1329 912 eorum,
1353 839 1410 917 qui
1431 857 1520 899 nunc

326 925 496 985 haereseos
529 925 660 985 nomine
691 925 833 986 celebres
866 929 955 997 sunt,
984 923 1132 1003 religiose
1160 923 1370 1003 praedicatur
1397 920 1520 982 Christi

326 1009 492 1080 maiestas,
504 1008 681 1087 plurimum
697 1008 855 1068 tribuitur
869 1006 943 1068 fidei
957 1014 993 1068 et
1003 1007 1168 1078 charitati,
1178 1012 1370 1067 constanter
1380 1005 1518 1065 affirma·

326 1098 383 1153 tur
413 1092 606 1152 resurrectio
635 1096 850 1164 mortuorum,
876 1096 1085 1151 sacrosancta
1113 1090 1255 1151 habetur
1283 1089 1520 1168 scripturarum
1533 1109 1583 1160 345

325 1176 497 1236 autoritas.
541 1174 632 1235 Haeo
654 1176 770 1254 opinor
791 1173 880 1236 haud
905 1173 1045 1235 obscura
1063 1178 1143 1234 sunt
1163 1172 1368 1234 Christianae
1386 1172 1521 1251 pietatis

325 1260 473 1337 vestigia.
516 1256 612 1331 Quod
640 1259 667 1318 si
694 1257 801 1336 legisti
829 1276 920 1318 meas
949 1257 1178 1336 Peraphrases,
1204 1256 1456 1317 commentarios
1487 1256 1521 1314 in

326 1341 455 1420 aliquot
477 1340 631 1420 psalmos,
656 1341 849 1402 methodum
872 1339 1065 1419 theologiae,
1088 1339 1234 1401 libellum
1260 1339 1302 1400 de
1325 1337 1460 1411 orendo,
1480 1337 1521 1398 de

327 1423 549 1485 misericordia
564 1424 705 1497 Domini,
720 1424 867 1503 aliosque
882 1424 979 1484 huius
990 1425 1125 1503 generis,
1140 1442 1208 1484 non
1222 1422 1320 1496 dices,
1336 1423 1460 1502 opinor,
1476 1420 1522 1481 ibi

326 1507 456 1568 nullum
469 1526 539 1568 esse
552 1506 757 1569 Christianae
771 1509 905 1587 pietatis
919 1508 1105 1587 vestigium.
1535 1526 1585 1576 350

369 1590 464 1651 Vnde
478 1590 558 1651 mihi
572 1591 762 1669 persuadeo,
771 1592 845 1652 istic
860 1610 930 1652 esse
944 1593 979 1652 in
994 1609 1078 1671 quos
1092 1591 1157 1651 ista
1172 1593 1372 1668 competant,
1381 1605 1523 1666 quorum

328 1676 452 1754 scripta
471 1674 620 1735 nondum
637 1674 680 1735 ad
701 1693 761 1735 nos
779 1680 1011 1754 peruenerunt.
1055 1673 1175 1752 Itaque
1190 1692 1291 1753 quum
1307 1672 1425 1733 horum
1440 1670 1522 1731 nihil

328 1760 363 1818 in
378 1777 430 1818 me
445 1764 622 1836 competat,
638 1756 782 1819 arbitror
796 1764 831 1819 et
845 1778 884 1819 ea
900 1777 984 1836 quae
998 1764 1184 1836 sequuntur
1198 1758 1232 1817 in
1247 1756 1329 1817 alios
1343 1755 1417 1816 dici.
1462 1753 1523 1814 ‘Et

327 1841 435 1920 quod’
455 1842 564 1919 inquis
582 1842 750 1902 ‘miserius
771 1848 831 1914 est,
849 1860 924 1902 cum
943 1847 1055 1902 aetate
1071 1842 1189 1902 crescit
1205 1839 1366 1911 delirium,
1385 1857 1423 1899 ac
1442 1843 1523 1898 tunc

328 1926 545 1985 inueniuntur
554 1924 741 1998 deteriores,
753 1924 887 2003 quando
895 1931 930 1985 et
941 1924 1055 1986 diuina
1065 1925 1242 1985 minitante
1252 1921 1394 1995 Nemesi,
1403 1927 1438 1982 et
1450 1926 1523 1982 toto
1536 1940 1586 1991 3⁵5

329 2008 407 2069 orbe
423 2014 587 2068 terrerum
601 2010 703 2069 ineos
718 2008 929 2081 vociferante,
941 2007 1127 2069 debuerant
1141 2008 1328 2086 resipiscere
1338 2006 1357 2066 '.
1394 2003 1524 2065 Aetatis

328 2091 514 2152 conuicium
528 2091 679 2153 fortassis
693 2091 812 2171 aliquis
833 2091 1055 2171 suspicabitur
1072 2092 1107 2152 in
1121 2109 1174 2151 me
1188 2091 1259 2162 iaci,
1274 2090 1332 2168 qui
1346 2107 1398 2149 me
1413 2105 1523 2149 senem

329 2194 399 2236 esse
408 2194 476 2236 non
485 2174 628 2248 inficior;
652 2175 710 2236 sed
720 2195 741 2236 a
751 2175 919 2254 decrepita
932 2181 1054 2247 aetate,
1066 2176 1101 2235 ni
1109 2174 1217 2247 fallor,
1228 2173 1401 2252 eliquanto
1416 2172 1524 2251 spatio

329 2257 457 2331 absum,
479 2264 519 2319 vt
539 2260 596 2336 qui
621 2258 767 2319 nondum
790 2260 995 2339 peruenerim
1021 2258 1064 2319 ad
1089 2277 1214 2320 annum
1237 2257 1523 2335 septuagesimum.

329 2341 416 2403 Nem
428 2341 634 2403 imbecillitas
646 2342 831 2421 corpusculi
841 2361 908 2403 non
919 2348 970 2404 est
981 2343 1112 2414 aetatis,
1124 2341 1182 2403 sed
1196 2347 1354 2402 naturae:
1377 2338 1445 2399 tale
1460 2338 1525 2398 fuit
1538 2345 1589 2407 360

330 2427 432 2486 etism
447 2427 567 2499 iuueni,
583 2425 694 2504 qualia
711 2425 779 2487 iere
801 2432 882 2487 sunt
900 2427 1073 2487 affixarum
1093 2424 1194 2486 libris.
1238 2423 1287 2484 De
1307 2421 1422 2483 delirio
1443 2420 1525 2482 nihil

330 2508 456 2569 iudico:
480 2528 558 2570 nam
580 2510 637 2588 qui
658 2511 800 2570 maxime
824 2508 977 2581 delirant,
1003 2508 1066 2569 sibi
1091 2509 1232 2569 maxime
1255 2507 1328 2567 sani
1349 2505 1524 2578 videntur;

331 2593 389 2670 qui
402 2594 544 2654 maxime
564 2592 738 2653 temulenti
757 2598 846 2666 sunt,
862 2592 925 2653 sibi
943 2592 1099 2653 videntur
1118 2592 1199 2651 mire
1217 2589 1337 2651 sobrii:
1360 2590 1405 2649 sit
1426 2589 1526 2668 igitur

331 2675 393 2736 hoc
415 2674 553 2737 aliorum
576 2675 741 2737 iudicium.
784 2675 880 2750 Quod
904 2678 932 2736 si
955 2675 1099 2736 delirant
1122 2694 1234 2736 omnes
1258 2692 1361 2745 senes,
1384 2673 1526 2732 maxime

331 2758 495 2820 delirabat
509 2759 607 2819 diuus
621 2758 853 2838 Hieronymus,
864 2761 920 2838 qui
935 2760 1040 2820 maior
1054 2760 1150 2820 annis
1165 2758 1334 2836 octoginta
1348 2762 1409 2817 aut
1423 2774 1524 2816 nona·
1538 2760 1588 2822 3⁶5

331 2843 435 2921 ginta,
450 2849 489 2904 vt
504 2842 702 2920 quibusdam
716 2842 836 2922 placet,
851 2842 995 2922 plurima
1010 2844 1150 2922 scripsit.
1177 2842 1259 2902 Mihi
1273 2839 1362 2919 quod
1372 2838 1415 2899 ad
1424 2839 1526 2900 animi

332 2926 477 3005 vigorem
507 2927 638 2999 attinet,
661 2945 728 2988 non
753 2926 866 2989 videor
894 2926 1015 2988 habere
1041 2925 1149 2988 multa
1173 2923 1358 3004 dequibus
1380 2928 1526 2984 aetatem

332 3011 496 3070 incusem:
520 3009 578 3070 sed
594 3029 686 3071 senes
701 3013 729 3071 si
743 3010 896 3084 delirant,
912 3029 987 3072 cum
1002 3010 1100 3071 venia
1114 3009 1275 3071 delirant:
1298 3009 1333 3068 in
1352 3005 1526 3067 iuuenibus

332 3100 444 3154 autem
460 3094 651 3172 turpissima
665 3101 716 3154 est
730 3093 890 3155 deliratio

375 3176 447 3250 Qua
462 3183 500 3237 tu
515 3178 560 3236 sis
574 3182 685 3238 aetate
700 3177 780 3237 mihi
794 3197 862 3238 non
877 3176 990 3255 liquet,
1007 3177 1070 3236 nisi
1085 3176 1173 3255 quod
1195 3175 1292 3236 stilus
1311 3171 1477 3245 exultans,
1492 3177 1527 3232 et
1539 3188 1590 3240 37⁰

333 3261 368 3321 in
382 3266 546 3321 senectam
562 3261 746 3322 conuicium
761 3267 906 3341 arguunt
920 3267 954 3321 te
969 3261 1152 3322 etiamnum
1163 3257 1321 3338 ἀκμάζειν.
1341 3254 1414 3331 Quo
1424 3255 1527 3335 magis

334 3343 396 3404 tibi
410 3342 628 3405 adnitendum
642 3350 702 3417 est,
719 3363 760 3405 ne
776 3345 856 3423 quid
869 3351 963 3405 extet
978 3345 1012 3405 in
1028 3344 1158 3423 scriptis
1176 3343 1253 3415 tuis,
1268 3343 1314 3401 mi
1333 3340 1526 3419 Augustius,

334 3426 424 3506 quod
437 3426 641 3488 delirationis
656 3429 795 3508 speciem
811 3447 889 3508 prae
908 3448 942 3489 se
961 3427 1058 3489 ferat.
1102 3425 1143 3487 Id
1164 3425 1231 3497 fiet,
1249 3425 1277 3485 si
1298 3423 1361 3484 sibi
1382 3423 1527 3501 vndique

334 3509 509 3571 cohaereat
530 3515 724 3588 constetque
746 3530 861 3583 sermo,
878 3511 906 3571 si
927 3510 1037 3572 sobrio
1058 3516 1173 3570 tenore
1195 3508 1288 3580 fluat,
1313 3507 1341 3567 si
1364 3524 1527 3585 nusquam

335 3612 445 3654 secum
459 3601 592 3672 pugnet,
609 3595 636 3654 si
651 3594 772 3672 vbique
787 3593 849 3654 sibi
868 3600 1076 3673 praesentem
1094 3593 1241 3654 animum
1259 3590 1389 3651 referat.
1433 3588 1527 3663 Quod
1541 3604 1590 3655 375

334 3676 375 3738 de
389 3676 522 3736 Nemesi
538 3677 661 3749 scribis,
677 3677 783 3755 deque
798 3677 1000 3738 vociferante
1020 3676 1154 3748 mundo,
1169 3674 1321 3736 fortassis
1338 3679 1472 3752 torques
1493 3673 1528 3732 in

334 3760 525 3832 haereticos,
546 3781 567 3821 a
589 3779 728 3839 quorum
745 3762 910 3823 consortio
931 3779 983 3821 me
1005 3759 1271 3820 constantissime
1292 3756 1447 3829 abstinui,
1463 3756 1529 3816 imo

334 3862 409 3904 cum
439 3843 558 3921 quibus
581 3863 701 3923 magno
724 3845 841 3924 capitis
863 3844 927 3905 mei
956 3843 1142 3905 discrimine
1165 3840 1358 3903 iamdudum
1381 3841 1529 3900 cominus

368 3975 426 4025 342·
445 3961 524 4011 Haec
540 3968 593 4012 tua
609 3967 686 4013 sunt.
703 3968 766 4026 post
781 3967 917 4012 resonant
933 3961 996 4011 cdd.
1014 3961 1045 4011 J.
1113 3959 1154 4011 mi
1171 3961 1197 4011 A
1271 3958 1331 4009 tine
1348 3963 1412 4022 post
1431 3971 1528 4006 eorum

335 4027 441 4078 cde.
545 4042 602 4093 349.
620 4028 657 4079 J:
675 4027 871 4079 misericordiis
883 4047 908 4078 α.
975 4027 1134 4078 Dominis:
1151 4027 1197 4077 dei
1232 4064 1239 4077 .
1330 4025 1413 4074 ibis:
1431 4022 1528 4073 illicJ.

335 4107 393 4158 357.
411 4094 604 4159 suspicabitur
614 4096 716 4162 aliquis
724 4095 755 4146 J.
823 4096 881 4159 358.
899 4095 949 4145 sed
960 4111 978 4145 a
989 4113 1021 4144 a:
1039 4094 1105 4145 licet
1116 4094 1154 4145 ab
1164 4093 1195 4143 J.
1249 4093 1279 4142 ni
1289 4091 1380 4150 fallor,
1392 4095 1488 4141 aetate
1498 4089 1529 4139 J.

335 4175 393 4223 359.
411 4162 503 4211 absim
514 4161 545 4211 J.
615 4166 674 4225 3⁶3·
692 4163 742 4227 qui
754 4181 786 4212 a:
804 4168 838 4212 vt
848 4163 899 4228 qui
909 4162 940 4211 J.
1011 4165 1070 4224 366.
1090 4199 1098 4221 ,
1109 4175 1199 4225 eaque
1209 4160 1302 4209 multo
1311 4158 1486 4209 absolutiora
1496 4156 1531 4206 iis

335 4229 545 4345 quaedigsgipsit'
556 4228 667 4307 florenti
683 4234 788 4279 aemte.
823 4228 906 4288 Quod
922 4228 1005 4345 idenq1
1006 4229 1175 4346 ffiitaautlrcrr
1194 4226 1335 4304 plerisque
1352 4223 1532 4342 dttrctisshglrns

335 4310 426 4439 iiiia
437 4377 453 4410 0
464 4302 998 4413 stitwffatssttsttzltrh
1014 4361 1123 4420 mesa,
1137 4307 1369 4437 „sattim
1381 4305 1532 4423 aas

337 4426 412 4487 Quin
423 4434 454 4477 et
465 4429 527 4492 ipsa
538 4430 605 4479 vina
616 4428 730 4480 mitiora
740 4429 815 4479 flunt
825 4435 930 4479 aetate.
965 4430 1038 4480 Sunt
1049 4434 1147 4479 tamen
1157 4427 1187 4476 in
1198 4426 1327 4491 hisquae
1337 4430 1463 4475 aetatem
1474 4438 1532 4474 non

336 4495 442 4552 ferunt,
458 4501 489 4544 et
503 4495 591 4545 nimia
606 4501 738 4546 vetustas
746 4497 891 4612 tgenerosis
903 4497 991 4546 etism
1007 4495 1081 4546 vinis
1096 4495 1222 4560 vigorem
1238 4499 1269 4543 at
1285 4493 1406 4557 gratiam
1421 4490 1532 4541 adimit.

336 4560 419 4610 Certe
429 4560 467 4611 ad
478 4576 541 4611 eam
551 4568 676 4612 aetatem
688 4577 746 4612 non
766 4579 815 4613 um
827 4564 952 4628 perueni,
965 4576 1017 4612 nec
1028 4576 1155 4628 unquam
1165 4566 1199 4611 vt
1210 4560 1333 4610 arbitror
1343 4563 1533 4623 peruenturus

337 4642 409 4677 sum.
444 4628 585 4679 Fortassis
596 4629 740 4694 ingenium
751 4644 846 4680 meum
857 4630 895 4681 ad
909 4645 942 4680 ea
957 4629 1018 4680 vini
1028 4644 1131 4694 genera
1142 4628 1277 4693 pertinet,
1289 4641 1363 4691 quae
1374 4629 1533 4690 vapasount

336 4693 436 4744 eodem
447 4709 505 4760 quc
520 4702 590 4747 nats
607 4702 676 4746 sunt
692 4711 777 4747 anno.
793 4703 856 4761 post
871 4697 984 4761 scripsit
1000 4695 1064 4746 cdd.
1080 4696 1110 4745 K
1126 4695 1192 4745 item
1207 4693 1230 4743 J
1245 4694 1305 4744 nisi
1321 4691 1392 4757 qood
1408 4692 1443 4742 iis
1478 4705 1533 4741 uae

337 4762 450 4878 scrrfft
461 4762 573 4813 florenti
584 4768 680 4814 aetate
692 4779 743 4815 orn.
755 4763 787 4814 J.
853 4764 945 4827 367-8.
964 4764 1091 4813 incusem
1101 4766 1227 4813 aetatem
1238 4760 1269 4810 J.
1337 4772 1395 4824 372.
1413 4758 1463 4823 qui
1493 4756 1532 4807 J:

336 4844 375 4894 qu
427 4848 451 4878 a.

344 4925 361 4929 -
369 4953 428 5014 3⁶7·
446 4966 504 5002 non
515 4951 623 5014 videor]
632 4951 768 5003 Erasmus
778 4966 869 5003 seems
879 4957 911 5003 to
960 4950 1012 5002 See
1031 4951 1082 5002 the
1103 4951 1235 5015 vigorosa
1250 4962 1369 5013 passage
1385 4946 1442 5012 Ep.
1458 4958 1535 5010 2275,

336 5017 410 5068 have
430 5017 502 5069 been
524 5020 659 5071 sensitiva
677 5019 768 5070 about
786 5019 832 5070 his
849 5034 910 5085 age.
960 5031 1058 5084 2¹·343
1076 5016 1187 5083 ct.1,p.
1197 5030 1236 5067 12.
1244 5014 1366 5081 4-5‚Ep.
1375 5025 1450 5077 ²5²²·
1457 5026 1535 5078 53-70
