4042 5900
499 649 560 710 128
824 643 1024 709 LETTERS
1045 645 1101 708 OF
1122 643 1328 709 ERASMUS
1602 650 1699 726 [1531

449 814 483 877 85
497 807 667 880 diuinatio,
682 812 717 868 et
732 806 822 868 haud
836 807 902 868 acio
916 826 960 867 an
974 805 1095 869 alicubi
1113 805 1266 868 fefellerit
1287 807 1397 868 etiam.
1441 805 1510 867 Nec
1529 807 1646 886 paucis
1665 808 1701 868 in

497 890 576 952 locis
590 890 681 951 lucta
695 889 760 951 fuit
775 909 850 951 cum
861 890 986 952 mendis
1000 890 1158 963 codicum,
1168 891 1202 950 in
1211 909 1294 968 quas
1304 890 1483 951 necessario
1492 890 1701 969 impegerunt

498 975 599 1035 etiam
613 975 815 1053 interpretes.
846 973 909 1034 Vix
920 975 1006 1035 enim
1016 973 1169 1034 credibile
1182 979 1234 1034 eat
1243 979 1405 1053 quantum
1420 972 1482 1033 sibi
1491 974 1701 1052 permiserint

498 1057 552 1119 vel
572 1057 705 1129 librarii,
721 1056 774 1117 vel
789 1056 879 1117 scioli
894 1058 1039 1135 quidam,
1058 1058 1092 1117 in
1113 1057 1198 1118 hunc
1213 1062 1374 1130 autorem,
1389 1058 1442 1117 cui
1457 1075 1588 1117 summa
1602 1056 1700 1118 debe·

499 1141 599 1201 batur
620 1140 739 1219 religio.
784 1140 903 1201 Nullus
924 1142 1010 1202 enim
1032 1141 1147 1201 extitit
1166 1141 1252 1201 inter
1272 1139 1412 1201 Graecos
1431 1141 1607 1219 scriptores
1623 1139 1700 1201 Plu-

451 1244 486 1291 90
499 1223 623 1297 tarcho,
652 1225 846 1303 praesertim
875 1224 964 1302 quod
992 1223 1036 1285 ad
1065 1242 1170 1285 morea
1194 1224 1326 1296 attinet,
1355 1224 1499 1284 sanctior
1523 1228 1585 1284 aut
1609 1222 1700 1284 lectu

499 1307 634 1386 dignior.
686 1306 789 1385 Atqui
812 1306 873 1368 hoc
895 1308 1003 1386 ipsum
1030 1307 1119 1386 quod
1140 1306 1321 1367 absterrere
1344 1306 1514 1380 debuerat,
1537 1307 1701 1367 inuitauit

499 1390 620 1470 gloriae
635 1396 856 1469 quaestusque
870 1391 1019 1451 sitientes
1033 1391 1077 1452 ad
1097 1390 1355 1471 deprauandum,
1373 1389 1572 1462 addendum,
1588 1389 1699 1451 detra-

500 1473 654 1535 hendum.
698 1473 830 1534 Etenim
852 1493 918 1552 quo
940 1475 1078 1553 quisque
1099 1475 1240 1553 scriptor
1261 1479 1312 1534 eat
1334 1472 1536 1554 plausibilior
1554 1492 1594 1533 ac
1616 1473 1698 1535 cele·

500 1557 598 1629 brier,
614 1556 674 1617 hoc
690 1558 792 1635 magis
806 1557 850 1618 ad
865 1563 1039 1635 quaestum
1055 1559 1283 1636 corrumpitur.

453 1658 487 1708 95
542 1638 660 1717 Arguit
689 1641 749 1700 hoc
778 1642 850 1719 ipsa
871 1639 1068 1701 Graecorum
1090 1640 1238 1702 codicum
1260 1642 1411 1702 varietas.
1455 1639 1543 1701 Nam
1566 1646 1604 1701 vt
1626 1640 1701 1701 aliis

500 1724 635 1795 omissis,
651 1723 692 1784 de
707 1723 767 1784 hoc
783 1743 879 1803 opere
894 1724 983 1802 quod
997 1730 1049 1784 est
1063 1725 1096 1785 in
1110 1724 1261 1785 manibus
1275 1724 1401 1802 loquar,
1417 1723 1578 1803 quaedam
1596 1722 1701 1785 habet

501 1805 691 1886 Philelphus
708 1825 791 1885 quae
811 1807 984 1886 Raphahel
1003 1827 1069 1868 non
1086 1809 1208 1887 attigit,
1228 1815 1263 1868 et
1282 1813 1407 1868 eontra.
1451 1807 1577 1868 Deinde
1594 1826 1699 1885 quum

501 1888 697 1951 Plutarchus
711 1891 745 1950 in
764 1890 969 1951 Praefatione
988 1890 1183 1971 profiteatur
1200 1911 1268 1953 sese
1286 1893 1320 1952 iu
1334 1891 1419 1952 Vitis
1436 1891 1526 1952 dicta
1543 1889 1699 1969 factaque

501 1974 645 2034 virorum
657 1973 834 2034 illustrium
845 1974 1027 2053 promiscue
1042 1974 1200 2048 retulisse,
1212 1974 1269 2035 sed
1284 1976 1317 2035 in
1329 1974 1390 2036 hoc
1402 1994 1499 2054 opere
1514 1974 1699 2054 compendii

440 2077 488 2114 100
500 2058 607 2136 gratia
625 2063 757 2118 tantum
777 2057 1069 2138 Apophthegmata
1088 2060 1302 2131 contexuisse,
1322 2057 1489 2138 permulta
1506 2063 1618 2118 tamen
1640 2056 1697 2118 ad·

500 2140 607 2200 mixta
628 2139 777 2201 videmus
798 2160 882 2220 quae
903 2140 984 2201 nihil
1006 2140 1097 2202 aliud
1119 2147 1197 2202 aunt
1214 2160 1314 2219 quam
1333 2146 1579 2220 stratagemate.
1624 2140 1698 2201 Iam

500 2223 615 2284 eodem
637 2224 670 2284 in
696 2243 792 2304 opere
814 2225 914 2285 toties
941 2224 1056 2286 eadem
1081 2226 1223 2305 repetita
1247 2244 1354 2286 nonne
1378 2224 1489 2304 palam
1514 2222 1699 2297 clamitant,

501 2314 729 2385 argumentum
738 2306 799 2368 hoc
810 2307 853 2368 ab
864 2307 929 2369 alio
940 2309 1202 2370 contaminatum
1212 2314 1307 2369 i—vt
1318 2309 1383 2369 iam
1394 2308 1600 2385 ignoscamus
1610 2305 1698 2386 Apo-

500 2390 680 2470 phthegma
694 2390 805 2452 referri
814 2390 874 2452 sub
885 2392 954 2453 eius
968 2393 1098 2453 nomine
1109 2394 1162 2453 cui
1172 2392 1366 2464 dictumest,
1375 2409 1441 2451 non
1456 2409 1477 2451 a
1492 2408 1558 2469 quo
1571 2389 1700 2451 dictum

440 2490 487 2540 ¹05
500 2479 561 2546 eat,
573 2480 612 2534 vt
626 2474 667 2535 de
681 2473 875 2551 Lysimacho
889 2481 924 2535 et
939 2475 1133 2555 Philippide.
1163 2475 1249 2535 Nam
1261 2476 1295 2534 in
1304 2473 1474 2535 Plutarchi
1483 2472 1700 2534 Collectaueis

501 2556 589 2635 quod
605 2576 625 2617 a
640 2557 824 2636 Philippide
839 2577 1028 2637 responsum
1044 2564 1095 2619 est
1106 2557 1310 2637 Lysimach0,
1321 2556 1382 2618 sub
1397 2555 1497 2618 titulo
1511 2555 1699 2635 Lysimachi

501 2639 650 2701 refertur.
695 2640 827 2701 Maioris
840 2649 913 2702 erat
927 2641 1092 2714 audaciae,
1108 2641 1197 2720 quod
1208 2661 1250 2702 ex
1265 2661 1330 2701 vno
1346 2660 1443 2720 opere
1456 2640 1605 2701 fecerunt
1619 2639 1697 2701 duo.

501 2722 660 2797 Quoniam
675 2724 760 2784 enim
776 2722 973 2784 Plutarchus
987 2744 1004 2785 e
1020 2724 1186 2786 Laconicis
1208 2744 1292 2803 quae
1313 2723 1456 2803 plurima
1477 2723 1638 2797 feruntur,
1658 2743 1699 2785 ea

501 2807 667 2867 duntaxat
682 2808 845 2885 attigisset
860 2827 944 2886 quae
959 2807 1158 2869 videbantur
1173 2808 1424 2887 occupatissimo
1438 2805 1567 2867 Caesari
1582 2805 1700 2868 futura

439 2906 488 2944 110
501 2891 590 2963 satis,
603 2890 657 2951 ille
669 2892 816 2969 quisquis
826 2890 900 2964 fuit,
911 2892 938 2952 si
949 2890 1048 2953 modo
1059 2891 1124 2953 fuit
1133 2910 1217 2952 vnus
1228 2891 1355 2971 aliquia,
1366 2890 1698 2953 Lacedaemoniorum

500 2974 597 3035 dictis
612 2976 781 3055 proprium
796 2975 950 3035 volumen
959 2975 1060 3050 dedit,
1072 2976 1170 3054 idque
1182 2975 1360 3037 secundum
1370 2975 1517 3037 ordinem
1525 2974 1699 3035 literarum

500 3054 708 3129 Graecarum,
734 3077 832 3136 quem
854 3058 1027 3137 Raphahel
1053 3061 1154 3120 vertit
1178 3061 1212 3120 in
1231 3059 1379 3120 ordinem
1404 3052 1607 3119 Latinarum.
1651 3057 1699 3118 At

500 3140 551 3200 hic
566 3147 639 3201 erat
652 3161 670 3201 e
685 3141 791 3202 tribus
802 3143 948 3202 omnium
964 3142 1168 3203 deterrimus.
1197 3142 1284 3204 Nam
1299 3142 1446 3203 ordinem
1461 3141 1699 3202 sententiarum

501 3230 684 3303 sequuntur
706 3225 853 3285 Valerius
876 3231 912 3286 et
933 3225 1120 3299 Frontinus,
1143 3245 1227 3305 quae
1249 3225 1293 3287 ad
1318 3225 1516 3303 religionem,
1537 3225 1698 3304 pietatem

439 3322 487 3373 115
500 3308 534 3368 in
558 3309 711 3388 patriam,
733 3308 776 3369 ad
798 3308 905 3382 fidem,
926 3310 970 3370 ad
988 3309 1216 3371 fortitudinem
1231 3328 1269 3369 ac
1290 3309 1453 3370 iustitiam
1472 3309 1647 3388 pertinent,
1662 3315 1700 3369 et

500 3392 580 3452 item
596 3391 796 3464 decaeteris,
812 3393 954 3453 insuam
974 3412 1124 3472 quaeque
1145 3392 1281 3453 classem
1300 3392 1492 3471 digerentes.
1536 3391 1699 3452 Eruditis·

501 3476 602 3535 aimus
626 3481 678 3536 est
701 3494 798 3553 quem
824 3482 984 3554 sequutus
1005 3482 1079 3538 erat
1102 3476 1307 3549 Plutarchus,
1333 3477 1448 3537 seriem
1469 3476 1638 3554 regionum
1659 3494 1699 3536 ac

500 3559 1699 3722 sagittulas13¹1...salturstatuatur}

440 3739 488 3776 120
500 3724 530 3786 A
544 3724 649 3786 Persis
664 3727 756 3786 venit
770 3726 814 3786 ad
827 3726 1017 3806 Aegyptios,
1029 3726 1072 3787 ab
1086 3725 1256 3806 Aegyptiis
1267 3726 1310 3788 ad
1322 3726 1474 3799 Thraces,
1486 3747 1506 3787 a
1516 3724 1698 3786 Thracibus

500 3807 542 3868 ad
558 3805 707 3886 Scythas,
723 3829 743 3870 a
758 3807 888 3887 Scythis
903 3810 947 3871 ad
961 3808 1096 3882 Siculos,
1111 3831 1132 3871 a
1152 3809 1266 3871 Siculis
1286 3810 1328 3870 ad
1345 3809 1548 3882 Macedones,
1564 3808 1639 3869 hinc
1653 3808 1698 3868 ad

500 3889 725 3964 Athenienses,
741 3893 783 3952 ab
799 3891 848 3952 hia
863 3892 907 3954 ad
922 3893 1207 3967 Lacedaemonios,
1223 3895 1256 3953 in
1276 3894 1393 3954 horum
1414 3892 1550 3971 singulis
1571 3898 1697 3971 tempo·

500 3993 574 4034 rum
595 3993 661 4035 non
683 3975 852 4035 literarum
875 3976 1022 4037 ordinem
1044 3996 1202 4055 sequens:
1225 3996 1245 4036 a
1267 3976 1530 4037 Lacedaemoniis
1550 3975 1594 4035 ad
1613 3974 1697 4035 The-

500 4057 613 4130 banos,
646 4078 666 4118 a
696 4057 859 4119 Thebanis
887 4060 930 4120 ad
961 4059 1138 4133 Romanos,
1168 4066 1207 4120 vt
1231 4060 1334 4120 lector
1356 4079 1374 4120 e
1399 4078 1578 4139 paucorum
1601 4057 1699 4119 dictis

439 4151 487 4201 125
502 4140 657 4201 historiae
678 4143 782 4203 totius
805 4149 960 4221 agnoscat
990 4144 1125 4217 seriem;
1156 4162 1255 4222 quam
1277 4145 1392 4203 misere
1415 4141 1567 4203 confudit
1590 4142 1617 4201 is
1641 4142 1700 4219 qui

501 4224 663 4286 Laconica
687 4228 862 4304 separauit,
887 4232 1037 4305 repetens
1060 4227 1190 4287 interim
1213 4226 1327 4287 eadem
1350 4244 1433 4305 quae
1455 4225 1498 4286 ad
1519 4224 1697 4285 Traianum

500 4307 677 4387 collegerat
691 4308 909 4370 Plutarchus:
933 4328 1123 4388 quanquam
1138 4311 1172 4371 id
1191 4310 1396 4389 frequentius
1415 4310 1449 4370 in
1463 4308 1569 4370 altero
1584 4308 1696 4387 depre-

501 4390 658 4453 handitur
672 4409 778 4471 opere,
794 4393 851 4453 sed
866 4394 899 4453 in
914 4399 1055 4472 vtroque
1074 4394 1174 4454 toties
1192 4400 1231 4454 vt
1247 4414 1286 4455 ea
1305 4394 1498 4455 dormitatio
1515 4411 1581 4453 non
1598 4391 1699 4453 cadat

501 4475 534 4535 in
550 4473 776 4548 Plutarchum,
795 4477 987 4555 scriptorem
1006 4483 1143 4538 exactae
1164 4477 1361 4557 diligentiae.
1404 4475 1498 4537 Adde
1513 4475 1602 4553 quod
1617 4474 1698 4536 haec

440 4576 577 4638 130p811'8
590 4557 716 4619 nullam
732 4558 834 4620 habet
847 4558 1095 4640 praefationem,
1111 4580 1169 4621 nee
1185 4561 1243 4621 illa
1256 4561 1346 4641 prior
1360 4560 1403 4620 ad
1419 4560 1598 4620 Traianum
1618 4577 1696 4637 qua·

500 4640 577 4702 drat
597 4642 641 4703 ad
663 4648 829 4721 vtrunque
850 4663 941 4722 opus.
986 4642 1059 4704 Iam
1074 4644 1154 4722 quid
1167 4646 1293 4723 gratiae
1308 4643 1467 4704 debeatur
1482 4642 1532 4703 his
1546 4643 1603 4721 qui
1617 4641 1697 4703 cele·

538 4772 593 4822 105.
612 4758 773 4826 Philippide
801 4778 833 4810 a:
877 4761 1010 4827 Philippo
1039 4781 1066 4824 γ.
1136 4775 1227 4827 105-7.
1254 4762 1329 4813 Nam
1353 4798 1360 4813 .
1385 4798 1392 4813 .
1418 4798 1425 4811 .
1448 4761 1571 4812 refertur
1593 4761 1657 4812 cdd.
1680 4779 1699 4823 γ

503 4830 560 4877 106.
579 4827 741 4892 Philippide
752 4827 933 4891 scripsimus:
952 4828 1086 4894 Philippo
1097 4848 1124 4892 γ.

536 4957 594 5005 105.
623 4943 795 5010 Philippide]
821 4943 909 5003 Plut,
938 4944 1071 5004 Marullo,
1120 4945 1209 5009 pluth„
1223 4946 1284 4997 Lib.
1298 4962 1328 5004 ν,
1341 4944 1398 4997 LB.
1412 4946 1450 4996 iv.
1463 4959 1541 5009 240A.

503 5010 774 5074 183a(Bernadakis,
782 5011 811 5071 ii,
821 5028 850 5077 p.
861 5011 921 5075 32):
940 5027 986 5062 see
996 5011 1070 5076 Apo-
