4042 5900
516 666 575 727 lea
848 664 1047 727 LETTERS
1068 665 1124 728 OF
1144 664 1350 730 ERASMUS
1611 672 1705 747 [1531

451 830 598 919 440tuna
620 823 827 885 detrimentis
849 823 1038 897 mulctatus,
1061 824 1144 885 nihil
1168 831 1280 886 tamen
1301 844 1355 886 me
1375 825 1505 898 habere,
1527 826 1616 905 quod
1638 846 1706 888 non

514 913 611 969 tuum
631 927 714 987 eque
735 908 834 968 velim
856 927 926 969 esse
946 927 985 969 ac
1006 926 1126 969 meum.
1169 907 1285 987 Neque
1305 910 1340 969 in
1362 908 1423 970 hoc
1444 910 1561 981 solum,
1588 909 1646 971 sed
1670 912 1705 971 in

514 993 603 1054 omni
623 997 683 1053 tua
699 991 861 1069 dignitate
880 998 981 1070 atque
1000 990 1091 1052 fama
1110 993 1336 1053 conseruanda
1353 992 1415 1054 hoc
1434 1012 1508 1053 sum
1527 995 1648 1066 animo,
1666 1001 1706 1054 vt

513 1080 548 1136 et
567 1082 685 1155 sponte
704 1093 762 1154 per
779 1093 831 1135 me
853 1076 921 1153 ipse
943 1080 977 1135 et
995 1074 1055 1135 abs
1075 1081 1108 1135 te
1125 1076 1272 1136 monitus
1292 1095 1454 1137 summam
1473 1076 1535 1137 tibi
1554 1076 1652 1138 fidem
1670 1079 1705 1137 in

513 1160 660 1220 amicicia
670 1177 709 1219 ac
720 1156 985 1219 beneuolentiam
996 1176 1125 1237 semper
1135 1160 1196 1218 sim
1209 1166 1437 1237 praestaturus
1447 1160 1465 1221 '.
1495 1159 1565 1220 Heo
1577 1162 1706 1238 quoties

449 1283 500 1334 445
513 1241 585 1321 lego
599 1262 620 1303 a
634 1247 731 1303 tanto
745 1240 895 1321 praesule
909 1261 950 1302 ex
965 1242 1076 1302 animo
1090 1242 1247 1321 profecta,
1259 1241 1341 1303 libet
1355 1243 1470 1303 comici
1484 1245 1570 1303 senis
1584 1263 1704 1304 sermo-

513 1344 588 1386 nem
611 1344 778 1405 vsurpare,
800 1324 906 1398 Quam
927 1324 1064 1403 gaudeo,
1086 1324 1144 1385 vbi
1164 1325 1265 1385 etiam
1287 1325 1384 1386 huius
1405 1327 1532 1405 generis
1551 1325 1705 1406 reliquias

512 1414 637 1470 restare
657 1408 771 1469 video!
815 1408 896 1481 Vah,
922 1410 1032 1469 viuere
1057 1409 1158 1470 etiam
1182 1428 1270 1470 nuno
1294 1408 1397 1471 lubet.
1440 1409 1604 1471 Fortunas
1630 1416 1706 1472 tuas

512 1493 703 1553 imminutas
722 1491 783 1553 hoc
802 1493 935 1571 grauius
948 1491 1027 1564 fero,
1043 1492 1132 1570 quod
1146 1511 1249 1570 quum
1263 1511 1319 1553 eas
1337 1492 1474 1554 haberes
1489 1513 1563 1554 oum
1579 1496 1705 1572 optimo

512 1594 643 1654 quoque
656 1595 855 1649 communes,
870 1595 937 1636 non
952 1580 1012 1635 tuo
1023 1576 1130 1648 vnius,
1142 1574 1200 1636 sed
1209 1574 1424 1655 plurimorum
1436 1576 1556 1637 damno
1567 1579 1706 1638 attritae

448 1698 500 1750 450
512 1665 600 1720 sunt.
630 1659 725 1733 Quod
738 1658 782 1720 ad
797 1678 849 1720 me
859 1660 990 1731 attinet,
1002 1657 1134 1720 abunde
1143 1659 1224 1720 mihi
1234 1659 1347 1720 videor
1357 1679 1415 1739 per
1425 1666 1458 1720 te
1473 1660 1705 1739 locupletatus,

512 1742 591 1803 dum
606 1748 640 1804 te
655 1748 724 1804 tam
739 1741 986 1822 incomparabili
1000 1743 1105 1803 amico
1118 1741 1184 1802 frui
1198 1741 1283 1803 licet.
1313 1743 1394 1803 Mihi
1404 1743 1536 1821 quidem
1545 1762 1705 1822 perquam

512 1832 653 1905 angusta
676 1833 727 1887 est
750 1845 801 1886 res
824 1826 1003 1898 familiaris,
1027 1824 1085 1886 sed
1108 1828 1160 1901 (vt
1188 1827 1294 1902 aiunt)
1317 1826 1444 1906 pusillis
1472 1827 1609 1887 auiculis
1637 1847 1705 1888 non

512 1909 626 1971 multis
640 1929 723 1988 opus
737 1916 788 1970 est
802 1909 932 1988 plumis.
976 1908 1112 1969 Minimo
1125 1915 1303 1970 contentus
1320 1929 1403 1982 sum,
1419 1916 1454 1970 et
1468 1912 1495 1971 si
1513 1911 1593 1988 quid
1607 1910 1703 1984 desit,

512 1998 591 2054 sunt
612 1995 668 2071 qui
688 1999 840 2072 prompte
865 1992 1082 2070 alacriterque
1106 1993 1243 2071 cupiant
1266 1994 1444 2072 impartire.
1488 1993 1584 2054 Hane
1609 2000 1703 2054 tuam

448 2113 498 2165 455
511 2075 695 2155 epistolam,
710 2078 738 2137 si
752 2075 832 2155 quid
845 2076 926 2137 mihi
940 2075 1054 2148 credis,
1070 2074 1173 2154 pluris
1186 2076 1271 2136 facio
1286 2095 1385 2154 quam
1400 2078 1428 2137 si
1442 2077 1584 2137 misisses
1598 2077 1702 2137 talen-

512 2164 584 2220 tum
609 2161 681 2221 auri
708 2179 873 2239 magnum.
916 2158 1032 2236 Neque
1061 2157 1141 2220 hmo
1169 2178 1208 2220 eo
1235 2159 1316 2220 mihi
1344 2159 1500 2221 dicuntur
1524 2159 1613 2239 quod
1638 2161 1704 2221 isto

511 2244 642 2304 nomine
670 2243 731 2304 tibi
754 2242 871 2304 debere
900 2242 1011 2304 nolim.
1055 2242 1127 2303 Imo
1152 2242 1257 2304 libens
1280 2242 1436 2322 profiteor
1463 2262 1516 2303 me
1545 2243 1607 2304 tibi
1635 2263 1702 2304 non

510 2327 619 2387 minus
636 2326 831 2387 obstrictum
849 2345 919 2387 esse
935 2345 996 2406 pro
1015 2324 1066 2386 his
1081 2344 1166 2404 quae
1183 2325 1290 2387 defers
1304 2346 1404 2405 quam
1419 2346 1479 2407 pro
1493 2327 1544 2387 his
1558 2346 1621 2405 que
1636 2329 1703 2388 iam

509 2411 714 2489 praestitisti.

445 2518 498 2582 4⁶0
551 2492 739 2554 Bonifacius
749 2492 994 2565 Amerbachius,
1006 2493 1040 2553 in
1051 2493 1144 2553 cuius
1153 2492 1299 2554 amicicia
1308 2494 1482 2573 praecipue
1496 2495 1701 2572 conquiesco,

509 2575 608 2638 homo
629 2582 699 2638 tam
720 2596 822 2656 purus
841 2584 881 2637 vt
901 2578 935 2637 in
954 2595 993 2637 eo
1012 2575 1094 2636 nihil
1113 2577 1255 2655 reperias
1276 2578 1362 2650 neui,
1376 2578 1439 2637 nisi
1461 2576 1550 2656 quod
1570 2582 1623 2638 est
1643 2578 1701 2638 im-

508 2660 635 2721 modice
651 2660 830 2733 modestus,
850 2662 916 2721 iam
936 2659 1076 2720 duorum
1100 2658 1276 2721 liberorum
1294 2666 1389 2740 pater
1410 2667 1470 2734 est,
1495 2662 1701 2739 sustinetque

509 2742 636 2804 Basilee
645 2743 810 2823 publicam
825 2745 904 2803 iuris
915 2743 1159 2822 professionem,
1171 2762 1360 2822 quanquam
1370 2743 1421 2804 hic
1433 2743 1556 2805 mallet.
1579 2744 1651 2805 Hoc
1662 2763 1701 2805 eo

508 2833 543 2888 te
566 2828 647 2888 seire
669 2826 768 2899 volui,
791 2846 857 2905 quo
879 2826 927 2886 illi
950 2827 994 2886 sis
1018 2828 1161 2905 aequior,
1184 2828 1211 2887 si
1233 2827 1319 2888 forte
1344 2828 1449 2889 rarius
1471 2826 1515 2888 ad
1534 2833 1568 2888 te
1588 2827 1702 2888 scribit

444 2935 494 2999 4⁶5
508 2929 608 2990 quam
619 2911 729 2972 velles.
759 2910 906 2972 Tametsi
919 2929 986 2971 non
1000 2910 1144 2971 arbitror
1157 2909 1251 2971 illum
1261 2930 1407 2990 vnquam
1418 2917 1489 2973 tam
1504 2917 1701 2990 occupatum

508 3002 547 3055 vt
562 2995 633 3068 tibi,
653 3014 750 3074 quem
770 2995 864 3055 vnice
882 2993 997 3073 diligit,
1018 3013 1085 3055 non
1106 3001 1202 3055 vacet
1223 2994 1380 3056 scribere:
1404 2994 1462 3055 sed
1483 3014 1557 3056 raro
1577 2993 1702 3055 dantur

508 3078 627 3156 quibus
642 3085 717 3140 tuto
732 3080 977 3139 committamus
991 3077 1121 3139 litteras
1135 3077 1243 3138 isthuc
1258 3078 1485 3157 perferendas:
1509 3078 1701 3157 quotiesque

507 3167 584 3222 tuas
604 3168 681 3241 post
701 3181 856 3241 magnum
877 3162 978 3221 etiam
999 3161 1212 3222 interuallum
1233 3163 1419 3240 accipimus,
1442 3161 1548 3221 bonae
1568 3160 1701 3221 fortune

506 3245 601 3305 nobis
615 3245 727 3306 litasse
741 3244 900 3306 videmur.
945 3244 979 3305 Is
993 3244 1088 3305 nobis
1102 3264 1222 3323 magno
1236 3245 1355 3306 solatio
1366 3252 1426 3318 est,
1443 3246 1571 3324 quoties
1586 3245 1701 3305 reuisit

443 3362 494 3415 470
506 3328 711 3408 Friburgum.
755 3327 795 3389 Id
810 3328 899 3407 quod
913 3347 1000 3389 nunc
1021 3328 1125 3389 rarius
1144 3328 1226 3388 facit
1240 3335 1333 3388 metu
1350 3328 1545 3408 pestilentie,
1561 3347 1625 3406 que
1647 3327 1699 3387 hio

506 3429 564 3490 per
578 3417 688 3472 totum
700 3418 897 3472 autumnum
909 3411 1125 3491 hyememque
1140 3412 1221 3472 satis
1232 3417 1388 3490 proterue
1402 3411 1492 3484 lusit,
1504 3430 1542 3472 ac
1551 3409 1699 3471 nondum

505 3495 605 3555 etiam
624 3494 738 3574 'potest
758 3493 912 3555 desinere.
956 3494 1058 3555 Miror
1076 3501 1188 3555 autem
1203 3496 1259 3572 qui
1274 3493 1333 3555 fiat
1348 3501 1397 3568 vt,
1413 3514 1514 3574 quum
1530 3494 1698 3555 hominum

504 3576 685 3639 decreuerit
706 3597 871 3650 numerus,
894 3578 997 3639 nihilo
1018 3579 1122 3640 secius
1144 3584 1255 3638 tamen
1277 3578 1382 3639 indies
1404 3583 1569 3639 accrescat
1591 3597 1699 3638 rerum

504 3660 657 3723 charitas.
700 3661 789 3722 Bene
803 3661 886 3722 vale.

441 3777 491 3829 47⁵
546 3745 645 3826 Apud
658 3745 854 3825 Friburgum
869 3744 1045 3824 Brisgoiae.
1088 3743 1192 3806 Nonis
1206 3742 1344 3806 Martiis.
1388 3761 1558 3806 mnxxxr.

901 4069 1002 4130 2444.
1050 4065 1103 4130 To
1127 4062 1297 4143 Qomrm.

540 4192 701 4265 Epistolae
713 4191 855 4248 Floridae
867 4209 899 4264 p.
913 4208 960 4263 93.
1462 4195 1621 4265 Freiburg.

540 4267 775 4398 Kffirppdzll.
788 4284 819 4339 p.
836 4282 926 4340 1024:
946 4267 1045 4323 Lond.
1060 4267 1144 4323 xxvi.
1159 4282 1213 4336 25:
1422 4286 1440 4336 9
1453 4270 1561 4325 March
1576 4285 1658 4339 1531.

537 4461 609 4524 [The
626 4476 729 4527 person
745 4460 899 4511 addressed
915 4477 982 4526 may
998 4461 1182 4527 conceivably
1199 4462 1234 4512 be
1251 4462 1293 4513 Io.
1312 4460 1467 4521 Quintinus
1480 4462 1597 4513 Aeduus
1613 4464 1698 4525 (Jean

503 4528 634 4590 Quintia)
650 4531 845 4592 15092-1561,
862 4528 1008 4579 Professor
1023 4529 1054 4579 oi
1069 4527 1167 4579 Canon
1180 4529 1247 4580 law
1263 4529 1293 4577 in
1308 4528 1388 4579 Paris
1405 4533 1478 4593 1536.
1514 4530 1549 4579 In
1565 4531 1609 4580 his
1621 4530 1698 4595 early

501 4611 584 4661 years
595 4597 631 4645 he
642 4594 764 4645 inclined
775 4601 807 4645 to
818 4597 869 4645 the
880 4595 1018 4646 reformed
1031 4596 1172 4661 opinions.
1207 4596 1277 4645 Like
1288 4597 1409 4647 another
1420 4598 1448 4646 oi
1461 4597 1605 4646 Erasmus'
1619 4597 1699 4647 Paris

500 4662 746 4780 qomnsssplrondengs,
758 4661 1130 4781 Quinpnusghlpfssotpnhe
1141 4662 1278 4791 llaelonged
1285 4668 1317 4713 to
1328 4663 1378 4713 the
1389 4663 1472 4714 order
1482 4664 1513 4713 oi
1526 4663 1568 4713 St.
1580 4664 1657 4714 John
1669 4665 1699 4714 oi

521 4745 537 4780 e
614 4744 708 4780 eman
739 4744 826 4780 wasa
849 4744 909 4779 nen
940 4745 957 4779 o
1011 4745 1049 4780 on
1102 4745 1145 4780 us.

535 4831 611 4881 2443.
629 4833 688 4896 4⁶3·
706 4844 871 4896 quanquam
889 4829 934 4879 hic
946 4828 1046 4880 mallet
1059 4845 1112 4882 om.
1127 4828 1159 4879 J.
1227 4833 1286 4894 464.
1305 4829 1403 4880 scribit
1416 4828 1498 4880 Ma:
1516 4829 1651 4881 scriberet
1664 4829 1697 4883 J.

501 4900 561 4963 468.
579 4899 739 4963 accepimus
749 4896 781 4947 J.
847 4911 907 4962 471.
925 4896 1051 4962 perodd.
1063 4895 1095 4947 J.
1161 4908 1221 4962 475.
1240 4895 1430 4947 ranme:
1450 4896 1591 4960 1530MS.
1604 4898 1643 4949 K.

776 5031 851 5082 244³.
868 5044 927 5097 445.
946 5029 1056 5092 comici]
1067 5029 1199 5091 Terence,
1211 5031 1266 5081 Ad.
1279 5045 1304 5094 3.
1317 5045 1341 5094 3.
1351 5044 1426 5092 90-1.
