4042 5900
427 673 490 733 468
796 672 994 736 LETTERS
1015 671 1072 735 OF
1093 672 1298 736 Ennsnus
1540 676 1632 752 [1532

682 881 783 942 2626.
829 876 937 943 Fnou
961 876 1170 945 Conuersus
1193 878 1372 944 Aonrrrs.

468 1014 598 1070 Breslsu
609 1013 675 1070 MS.
689 1014 790 1070 Rehd.
805 1029 870 1085 254·
884 1035 912 1086 4.
1389 1015 1542 1086 Cologne.

467 1088 624 1161 Agrippae
637 1089 739 1161 Opera
752 1089 784 1154 ii,
797 1106 829 1161 p.
846 1105 935 1159 1003:
956 1091 1021 1146 LB.
1035 1092 1118 1162 App.
1133 1095 1198 1160 365.
1333 1103 1368 1159 17
1381 1090 1497 1146 March
1513 1106 1597 1160 153²·

464 1215 522 1277 [An
533 1216 651 1282 original
660 1216 755 1275 letter,
766 1217 927 1284 autograph
939 1218 1117 1297 throughout
1126 1236 1134 1278 3
1151 1217 1267 1296 written
1278 1218 1307 1269 in
1318 1217 1528 1268 continuation
1538 1218 1569 1268 oi
1578 1235 1632 1336 ὦ

430 1285 505 1346 2589.
540 1282 592 1333 We
609 1283 682 1334 have
699 1283 845 1349 neglected
862 1284 912 1335 the
930 1284 984 1334 iew
1001 1284 1109 1351 trrflmg
1125 1290 1254 1335 variants
1269 1284 1300 1334 ol
1316 1285 1384 1349 Agr.
1400 1284 1438 1334 E.
1454 1285 1515 1335 und
1530 1286 1563 1335 oi
1625 1322 1631 1335 .

430 1350 507 1416 Arr-
520 1349 591 1413 666]

986 1433 1013 1479 6.
1028 1434 1061 1478 1).

472 1524 631 1585 Lru'rnsrs
652 1524 715 1586 illis
735 1526 802 1586 tuis
820 1525 1070 1598 humanissimis,
1093 1545 1175 1606 ques
1197 1525 1318 1586 detulit
1338 1525 1383 1586 ad
1405 1545 1461 1587 me
1483 1526 1630 1588 Andreas

430 1608 590 1680 sacerdos,
616 1608 768 1688 respondi
796 1627 909 1688 nuper,
939 1609 1074 1670 Erasme
1102 1608 1338 1683 colendissime,
1362 1610 1547 1688 cursuiquc
1576 1629 1630 1690 per

431 1711 548 1752 manus
570 1691 784 1752 Maximiliani
807 1691 1014 1753 Transiluani
1039 1711 1129 1754 meas
1153 1692 1217 1752 tibi
1241 1691 1445 1765 reddendes3
1481 1713 1526 1753 en
1545 1713 1629 1755 acee-

430 1776 517 1855 peris
531 1775 648 1848 nescio,
661 1781 743 1854 puto
760 1781 870 1836 eutem
886 1777 1057 1855 accepisse,
1072 1775 1149 1837 licet
1163 1794 1222 1855 ego
1236 1794 1278 1836 ex
1292 1780 1326 1836 te
1341 1775 1435 1837 aliud
1450 1778 1628 1856 acceperim

402 1858 531 1938 5nihil:
553 1858 674 1938 quippe
692 1858 810 1920 absens
830 1878 850 1919 a
869 1857 1053 1920 Brabantia
1071 1858 1180 1939 plures
1201 1859 1269 1920 dies
1288 1857 1336 1919 fui
1356 1858 1450 1938 opud
1466 1859 1627 1921 Reueren-

431 1942 601 2004 dissimum
620 1948 654 2002 et
672 1940 934 2003 Illustrissimum
955 1942 1139 2022 Principem
1158 1941 1342 2003 Electorem
1363 1942 1627 2023 Archipresulem

431 2024 664 2097 coloniensem,
680 2026 786 2105 quite
800 2026 893 2087 vnice
908 2031 942 2086 et
956 2032 1050 2087 amat
1062 2031 1098 2087 et
1113 2031 1297 2087 veneratur.
1341 2024 1522 2105 Sepissime
1537 2027 1628 2088 nobis

432 2125 539 2171 sermo
553 2113 605 2168 est
619 2107 660 2170 ds
675 2115 734 2169 tua
751 2110 960 2189 integerrima
972 2115 1008 2171 ct
1025 2108 1207 2170 inuincibili
1225 2109 1386 2170 doctrina.
1431 2108 1523 2171 Sunt
1543 2110 1628 2190 apud

431 2192 524 2254 illum
545 2190 642 2251 multi
657 2193 707 2252 tui
720 2192 861 2253 nominis
875 2211 1039 2272 precones,
1054 2194 1140 2254 inter
1154 2211 1237 2271 quos
1251 2192 1448 2253 Tilmannus
1463 2192 1505 2254 de
1520 2194 1628 2265 Fossa,

388 2304 419 2341 ιο
432 2277 483 2337 tui
496 2274 637 2336 nominis
651 2275 759 2337 cultor
776 2275 1044 2337 studiosissimus.
1088 2275 1152 2336 Hic
1169 2295 1246 2337 cum
1262 2282 1441 2350 narrasset,
1458 2296 1494 2337 se
1512 2276 1629 2338 habere

432 2364 633 2439 oportunum
645 2358 688 2419 ad
703 2364 737 2419 te
751 2360 916 2433 nuntium,
929 2359 1080 2438 iniquum
1095 2359 1186 2433 duxi,
1197 2358 1291 2420 illum
1306 2358 1397 2420 ubire
1412 2360 1498 2421 meis
1512 2360 1629 2421 litteris

432 2460 583 2513 vacuum,
598 2442 661 2501 etsi
674 2441 756 2503 nihil
771 2442 919 2515 habeam,
935 2442 1024 2521 quod
1039 2461 1127 2503 nunc
1141 2441 1184 2503 ad
1200 2447 1234 2503 te
1251 2442 1403 2515 scribam,
1421 2442 1517 2504 aliud
1531 2463 1627 2524 quam

431 2545 501 2587 esse
523 2543 575 2585 me
596 2524 659 2586 tibi
680 2531 839 2606 perpetuo
856 2524 1116 2587 addictissimum
1132 2525 1484 2604 ongstissimumque,
1505 2529 1563 2605 qui
1581 2546 1629 2588 me

432 2609 596 2670 hominem
618 2609 766 2688 ignotum
791 2615 826 2670 66
848 2608 1031 2671 humilioris
1052 2609 1237 2671 litterature
1259 2609 1347 2688 prior
1372 2608 1544 2671 illustrare
1566 2611 1629 2671 tuis

388 2720 418 2769 15
431 2692 551 2754 litteris
570 2689 724 2771 dignatus
742 2712 786 2753 es.
830 2691 911 2754 Cum
931 2711 1007 2772 ergo
1029 2712 1069 2753 ea
1086 2694 1130 2754 sit
1148 2692 1337 2753 humanitas
1355 2698 1427 2765 tna,
1448 2693 1543 2772 quod
1562 2714 1629 2773 prc-

432 2776 540 2837 clarus
559 2773 688 2836 obscuri
706 2775 836 2837 litteras
853 2794 919 2837 non
938 2776 1084 2855 despicis,
1105 2776 1233 2856 parcito
1250 2775 1325 2836 huic
1345 2775 1485 2837 audatie
1505 2796 1586 2850 mee,
1605 2779 1630 2837 si

432 2866 466 2920 te
487 2878 566 2939 rogo
584 2864 624 2920 vt
642 2859 722 2919 mihi
743 2878 801 2939 per
820 2860 926 2920 ocium
941 2858 1120 2938 aliquando
1141 2859 1307 2920 rescribas.
1351 2856 1457 2939 Spero
1471 2860 1629 2940 siquidem

433 2943 508 3006 inde
522 2943 615 3005 breui
629 2942 780 3004 futurum
795 2943 882 3004 inter
896 2963 956 3004 nos
970 2944 1071 3004 etiam
1083 2942 1123 3005 de
1135 2943 1260 3022 magnis
1271 2942 1369 3004 rebus
1380 2942 1474 3005 vltro
1485 2945 1630 3023 citroque

432 3029 596 3107 sepissime
611 3026 771 3088 scribendi
786 3033 821 3087 66
841 3026 1035 3088 rescribendi
1052 3032 1293 3106 argumentum.
1338 3025 1420 3087 Vale
1434 3026 1629 3089 felicissime.

387 3136 420 3172 20
433 3112 484 3172 Ex
499 3110 680 3192 Agrippina
694 3109 828 3172 Colonia
844 3112 912 3170 xvii
927 3110 1048 3184 Martii,
1066 3124 1157 3186 1532.

474 3194 591 3256 Adhuc
609 3214 666 3275 per
685 3213 828 3255 mensem
847 3213 949 3255 vnum
970 3193 1022 3254 hic
1040 3212 1214 3254 mensurus
1232 3212 1314 3266 sum,
1331 3192 1448 3254 deinde
1464 3194 1629 3255 rediturus

432 3278 467 3339 in
481 3277 705 3339 Brabantiam.

911 3361 979 3421 Tus
994 3360 1203 3422 Praestancis
1217 3359 1441 3421 deditissimus

986 3443 1070 3505 Hen:
1087 3443 1182 3505 Corn:
1198 3444 1353 3524 Agrippa,
1369 3462 1473 3505 manu
1489 3447 1629 3526 propris.

387 3577 420 3626 25
476 3554 612 3616 Erasmo
638 3552 861 3615 Roterodamo
884 3552 1049 3633 Theologo
1069 3553 1238 3626 Doctrina,
1263 3552 1348 3625 Vita,
1372 3552 1524 3615 Moribus
1545 3554 1628 3616 Inte-

433 3639 582 3718 gerrimo,
598 3655 658 3698 suo
672 3636 907 3699 colendissimo.
951 3637 1103 3716 Friburgi
1118 3635 1294 3716 Brisgauie.
1524 3646 1526 3649 ’

750 3922 849 3982 2627.
899 3917 1005 3982 Fson
1029 3917 1129 3982 Joiru
1155 3916 1313 3982 Ononns.

472 4031 596 4104 Leipzig
608 4031 672 4086 MS.
1375 4029 1553 4102 Augsburg.

472 4108 537 4162 ΕΕ.
555 4120 617 4176 170.
1340 4116 1374 4171 17
1388 4104 1499 4159 March
1515 4120 1598 4175 1532·

470 4236 506 4297 [A
518 4235 660 4299 irsgment
671 4234 701 4284 oi
712 4250 750 4284 an
761 4234 879 4299 original
890 4233 1051 4299 autograph
1062 4233 1156 4283 letter.
1191 4231 1251 4281 The
1258 4231 1320 4281 first
1327 4235 1461 4280 sentence
1470 4231 1496 4281 is
1503 4231 1633 4298 supplied

435 4304 508 4353 from
519 4302 561 4352 Io.
574 4301 650 4351 Frid.
658 4301 822 4351 Burscher’a
833 4301 921 4351 ludeo
935 4307 959 4350 et
974 4301 1173 4362 Argumentum
1185 4298 1375 4362 Epistolamm
1386 4297 1423 4347 ud
1434 4297 1471 4346 D.
1484 4298 1634 4350 Erasmus

435 4369 645 4421 Roterodumum
662 4368 904 4431 anomapuarum,
923 4368 1045 4432 Ieipzig,
1065 4367 1139 4430 1784.
1174 4365 1234 4416 The
1250 4365 1328 4414 msin
1345 4363 1422 4428 body
1439 4364 1470 4414 oi
1487 4366 1540 4417 the
1552 4367 1635 4417 letter

436 4438 488 4487 hes
504 4437 576 4486 been
593 4435 659 4491 lost,
677 4435 731 4485 but
748 4435 772 4484 it
788 4439 867 4484 must
884 4435 957 4484 heve
974 4435 1046 4484 been
1064 4433 1093 4482 in
1111 4432 1161 4482 the
1178 4431 1337 4497 possession
1353 4431 1384 4481 of
1400 4430 1555 4490 Burscher,
1572 4434 1633 4483 who

436 4504 520 4554 offers
534 4503 583 4552 the
600 4500 742 4565 following
758 4501 897 4564 analysis:
917 4501 975 4550 ‘De
990 4501 1096 4550 caussis
1113 4499 1188 4564 longi
1205 4497 1318 4548 silentii.
1354 4497 1506 4549 Sententia
1517 4501 1633 4557 sincere,

436 4570 472 4620 de
488 4569 613 4634 quadam
624 4568 735 4618 Erssmi
750 4567 788 4617 ad
801 4568 963 4633 Hispanum
980 4567 1110 4632 epistola,
1122 4582 1181 4632 qua
1195 4564 1294 4615 laudat
1307 4564 1583 4629 Paumgartnerum
1601 4566 1634 4616 de

436 4637 521 4687 huius
543 4635 695 4692 sententia,
719 4650 737 4684 a
759 4650 789 4684 se
815 4635 981 4698 explorsta;
1004 4633 1113 4683 Choleri
1136 4633 1225 4697 ipsius
1247 4632 1404 4682 consilium.
1450 4631 1498 4682 De
1518 4633 1633 4684 Lutheri

436 4703 558 4769 epistola
563 4702 688 4767 quadam
695 4701 829 4751 iudicium
836 4701 969 4751 acerbum
976 4705 1007 4751 et
1013 4700 1173 4757 consilium
1183 4699 1312 4749 incitatio
1316 4698 1633 4758 ErssmiinLutherum,

470 4837 545 4887 2626.
565 4851 588 4887 1.
607 4835 735 4897 Litteris]
746 4835 800 4900 Ep.
814 4849 888 4899 2544·
1057 4833 1163 4884 introd.

504 4902 917 4968 AndreaslsseeEp.2544.7n.
1092 4904 1118 4951 6.
1137 4900 1222 4951 Archi
1244 4898 1376 4960 resulem]
1416 4899 1569 4951 Hermann
1604 4900 1633 4950 oi

471 4986 495 5021 2.
514 4970 659 5035 respondi]
670 4968 750 5020 With
761 4969 816 5034 Ep.
829 4970 903 5031 2589.
1058 4967 1155 5026 Wied;
1172 4982 1219 5018 saa
1256 4967 1356 5033 p.829.
1370 4979 1431 5029 151¹·

473 5052 496 5101 3.
527 5036 723 5098 Maximilisni]
758 5036 809 5087 See
849 5035 903 5100 Ep.
944 5049 1007 5098 1553
1092 5050 1118 5095 9,
1136 5033 1443 5097 Tilmsnnus]SeeEp.
1456 5036 1516 5084 610.
1530 5050 1592 5099 47¹1·
