4042 5900
332 674 428 755 2448]
658 672 715 736 TO
736 672 949 737 BAPTISTA
971 673 1195 738 EGNATIUS
1464 675 1522 737 181

330 834 522 912 opinionum
533 832 702 895 dissidium
717 851 783 913 quo
796 853 883 895 nunc
898 834 1010 896 orbem
1027 835 1159 897 concuti
1173 833 1333 908 videmus,
1348 853 1524 914 vereorque

330 934 381 990 ne,
406 917 441 977 ni
464 916 544 978 deus
567 918 726 978 auerterit
749 916 882 991 malum,
907 917 1078 979 videamus
1103 919 1273 979 atrociora.
1317 916 1380 979 Hic
1405 918 1463 997 qui
1489 919 1570 991 inse

329 1019 498 1061 musarum
526 1000 641 1061 castris
668 1007 857 1062 meruerant
883 1000 1030 1081 plerique
1058 1004 1112 1078 (ne
1139 1001 1246 1062 dicam
1274 1006 1397 1078 omnes)
1420 1005 1524 1062 semet

330 1083 554 1145 adiunxerunt
570 1084 601 1144 ei
618 1084 676 1162 qui
694 1103 800 1146 nouae
816 1084 969 1146 factionis
987 1084 1054 1145 init
1070 1090 1176 1146 autor.
1219 1082 1261 1145 Id
1276 1085 1433 1163 quoniam
1454 1085 1523 1165 ipse

329 1166 436 1228 iacere
456 1166 657 1240 recusabam,
680 1168 715 1227 in
735 1167 916 1247 periculum
938 1167 1118 1241 veniebam,
1142 1186 1185 1228 ne
1207 1186 1339 1248 prorsus
1361 1166 1468 1242 ἄξενος
1488 1172 1523 1229 et

329 1248 438 1328 ἄφιλος
449 1269 657 1312 remanerem.
694 1249 765 1312 Hos
776 1253 981 1312 tamensatis
989 1250 1524 1331 aequoshabui,donecsperarent

329 1352 381 1394 me
398 1333 576 1413 prudentor
594 1334 855 1395 dissimulantem
874 1353 933 1395 suo
952 1341 1099 1415 tempore
1117 1334 1161 1396 ad
1179 1339 1291 1414 partes
1307 1353 1521 1396 accessurum.
1536 1355 1569 1406 55

329 1416 449 1477 Verum
463 1422 677 1497 posteaquam
692 1419 798 1497 impar
811 1418 955 1479 inuidiae
975 1424 1109 1480 coactus
1123 1437 1196 1479 sum
1213 1418 1246 1478 in
1259 1436 1332 1478 eam
1346 1417 1523 1479 factionem

329 1501 463 1579 eiusque
477 1500 593 1562 ducem
607 1500 729 1562 ferrum
750 1502 870 1562 acriter
884 1502 1060 1581 stringere;
1093 1507 1133 1563 vt
1151 1502 1288 1580 quisque
1301 1507 1402 1562 antea
1415 1500 1524 1562 iuerat

329 1584 546 1645 iunctissimus
564 1585 697 1656 amicus,
711 1585 760 1645 ita
779 1584 1083 1646 vehementissimus
1103 1584 1206 1646 hostis
1224 1603 1295 1645 esse
1315 1585 1412 1664 cepit.
1455 1584 1524 1646 Neo

328 1665 423 1727 licuit
436 1668 568 1728 interim
582 1667 647 1728 illis
665 1667 900 1747 placatioribus
921 1670 982 1742 vti,
997 1667 1155 1730 aduersus
1173 1686 1255 1746 quos
1274 1685 1335 1747 pro
1353 1666 1471 1747 linguis
1484 1686 1523 1729 ac

329 1749 423 1811 bonis
435 1749 557 1812 litteris
570 1752 720 1830 gnauiter
730 1756 896 1824 steteram,
906 1752 963 1830 qui
976 1751 1100 1813 mundo
1113 1750 1306 1831 persuadere
1320 1751 1432 1813 conati
1445 1756 1524 1812 sunt
1536 1766 1571 1814 ⁶0

329 1832 391 1893 hoo
407 1833 570 1913 religionis
585 1834 773 1895 incendium
790 1854 856 1896 non
869 1853 965 1914 posse
983 1836 1151 1914 restingui,
1165 1835 1229 1895 nisi
1247 1833 1343 1896 simul
1363 1836 1525 1914 oppressis

328 1922 364 1977 et
378 1916 498 1978 litteris
511 1916 758 1979 humanioribus
769 1924 804 1978 et
819 1918 935 1979 harum
949 1918 1143 1992 fautoribus,
1156 1918 1242 1979 inter
1255 1936 1338 1996 quos
1352 1918 1524 1997 precipuas

329 1999 482 2061 tribuunt
496 2000 642 2063 Erasmo.

371 2082 426 2145 Ita
440 2083 566 2145 factum
574 2090 626 2145 est
640 2091 679 2146 vt
693 2086 806 2146 amicis
816 2084 997 2146 destitutus
1011 2086 1166 2163 vtrinque
1176 2089 1272 2164 petar
1285 2086 1374 2145 omni
1384 2082 1524 2146 telorum

329 2185 454 2245 genere,
474 2166 556 2229 adeo
573 2187 640 2229 non
659 2167 812 2229 defensus
829 2167 898 2229 vlla
917 2168 971 2229 vel
990 2168 1152 2248 dignitate
1171 2167 1225 2229 vel
1242 2169 1422 2230 autoritate
1444 2174 1483 2229 vt
1504 2187 1524 2228 a
1536 2183 1571 2243 65

329 2249 497 2311 cimicibus
505 2270 635 2329 quoque
655 2251 746 2313 ledar
760 2253 903 2331 impune,
917 2253 980 2313 nisi
993 2252 1083 2331 quod
1095 2251 1255 2313 hactenus
1273 2250 1387 2313 iauore
1400 2250 1525 2313 Cesaris

330 2339 496 2413 vtcunque
524 2334 667 2397 substiti.
713 2334 906 2415 Quanquam
937 2335 998 2396 hoc
1024 2354 1153 2414 quoque
1184 2334 1307 2407 malim,
1340 2353 1440 2413 quam
1471 2333 1524 2396 vel

329 2415 427 2477 alicui
448 2423 556 2478 sectae
577 2417 655 2480 dare
676 2437 805 2493 nomen,
827 2418 880 2479 vel
902 2418 952 2479 his
973 2418 1102 2480 adulari
1123 2420 1180 2498 qui
1201 2418 1263 2480 sub
1281 2416 1402 2480 Christi
1423 2418 1525 2480 titulo

329 2499 411 2561 nihil
424 2500 515 2562 aliud
523 2520 623 2580 quam
634 2501 834 2564 mundanam
848 2501 1058 2581 tyrannidem
1069 2502 1131 2563 sibi
1141 2521 1256 2581 parare
1267 2507 1302 2561 et
1316 2500 1525 2563 constabilire

329 2584 491 2645 nituntur.
535 2583 661 2658 Quibus
679 2585 761 2647 adeo
778 2584 883 2646 dulcis
901 2585 967 2646 fuit
984 2590 1138 2664 gustatus
1156 2584 1372 2664 agricolarum
1394 2585 1524 2663 sanguis
1538 2610 1571 2662 70

330 2672 369 2727 vt
391 2669 495 2728 totius
517 2666 711 2730 Germaniae
736 2670 927 2748 sanguinem
951 2670 1100 2729 sitientes
1127 2667 1255 2729 nullum
1278 2687 1345 2729 non
1368 2673 1524 2729 moueant

329 2749 482 2829 lapidem,
497 2757 536 2811 vt
554 2758 718 2831 vtranque
732 2751 939 2814 Germaniam
958 2757 993 2812 et
1015 2752 1214 2831 superiorem
1228 2756 1264 2813 et
1282 2751 1466 2813 inferiorem
1480 2750 1524 2812 ad

329 2834 487 2895 intestina
508 2834 596 2896 bella
616 2838 799 2897 concitent:
835 2854 894 2897 neo
913 2835 1038 2908 vident,
1054 2835 1088 2897 id
1109 2836 1137 2895 si
1156 2834 1225 2908 fiat,
1241 2853 1307 2895 non
1326 2836 1435 2895 minus
1453 2834 1524 2896 iore

329 2918 546 2997 perniciosum
554 2918 706 2981 ecclesiae
717 2938 817 2999 quam
831 2918 953 3000 populo
963 2918 1142 2980 funestum.
1179 2918 1247 2998 Ipsi
1261 2918 1392 2979 interim
1403 2919 1526 2980 intuto

329 3001 479 3079 publicae
499 3002 699 3065 calamitatis
718 3009 920 3083 spectatores
941 3022 1016 3065 cum
1035 3003 1165 3065 Nerone
1185 3008 1306 3062 canent
1323 3001 1381 3081 τὴν
1398 3001 1522 3063 ἅλωσιν.
1537 3027 1570 3078 75

330 3084 391 3145 Est
405 3086 502 3146 isthic
518 3087 607 3166 apud
624 3107 684 3148 vos
701 3106 787 3148 vnus
805 3088 999 3166 praecipuus
1014 3086 1131 3148 horum
1152 3085 1314 3147 malorum
1335 3085 1525 3146 stimulator

329 3187 386 3247 per
397 3169 565 3230 cuniculos
575 3170 656 3232 nihil
667 3189 734 3233 non
744 3170 890 3232 moliens.
926 3167 979 3231 Ad
989 3168 1122 3231 exitiale
1133 3169 1256 3230 bellum
1265 3168 1372 3229 adhuc
1381 3168 1525 3230 tendunt

329 3254 440 3313 omnia
460 3255 635 3332 prooemia.
678 3251 713 3315 Si
734 3255 814 3314 meis
835 3252 977 3314 consiliis
998 3254 1094 3314 initio
1111 3252 1228 3313 fuisset
1249 3251 1523 3331 obtemperatum,

329 3334 394 3395 iam
416 3342 476 3396 aut
497 3338 703 3416 consopitum
724 3343 812 3398 esset
834 3336 895 3398 hoc
916 3336 1051 3409 malum,
1072 3342 1132 3397 aut
1156 3341 1245 3397 certe
1265 3354 1332 3397 non
1353 3335 1435 3397 adeo
1456 3335 1525 3397 late

329 3417 531 3498 diuagatum.
574 3420 670 3482 Nunc
684 3420 767 3482 nihil
780 3426 894 3492 restat,
909 3421 971 3481 nisi
986 3426 1025 3480 vt
1038 3421 1073 3479 in
1086 3420 1200 3500 primis
1213 3424 1345 3480 mutata
1362 3419 1396 3479 in
1409 3418 1525 3479 melius
1537 3429 1571 3478 80

329 3502 400 3563 vita
424 3522 446 3563 a
470 3502 603 3565 domino
627 3510 780 3584 petamus
802 3503 961 3565 auxilium
983 3504 1094 3583 potius
1118 3522 1218 3582 quam
1240 3501 1283 3563 ab
1303 3503 1412 3563 armis.
1456 3499 1524 3563 Sub

329 3583 426 3647 huius
450 3585 527 3647 belli
554 3593 729 3666 praetextu
756 3587 899 3649 mundus
928 3585 1039 3648 Iudeis
1063 3591 1099 3648 et
1126 3586 1276 3647 hereticis
1298 3584 1523 3648 inundabitur.

329 3667 462 3729 Vtinam
478 3669 630 3732 dominus
644 3672 771 3751 aperiat
785 3668 896 3731 oculos
916 3670 1110 3749 principum.
1153 3667 1261 3742 Quum
1280 3668 1524 3747 simplicitatem

329 3771 434 3813 meam
449 3755 607 3826 nominas,
623 3755 674 3815 vir
687 3753 949 3834 prudentissime,
964 3751 1062 3832 plane
1075 3754 1238 3814 vomicam
1252 3753 1392 3831 tetigisti
1406 3771 1523 3813 meam.

328 3834 489 3915 Quicquid
513 3837 676 3898 malorum
700 3856 909 3917 peromnem
932 3837 1039 3898 vitam
1064 3836 1184 3897 accidit
1207 3835 1296 3908 mihi,
1321 3834 1525 3914 simplicitati
1537 3845 1570 3908 85

328 3937 398 3979 mee
413 3926 585 3999 acceptum
599 3920 714 3994 refero,
729 3939 830 3999 qnam
845 3920 1003 3981 hactenus
1025 3938 1067 3980 ne
1081 3925 1135 3981 tot
1156 3918 1288 3999 quidem
1302 3917 1398 3979 malis
1412 3919 1523 3980 admo·

328 4003 418 4063 nitus
443 4022 577 4083 possum
602 4003 774 4066 dediscere.
818 4003 991 4082 Quumque
1012 4002 1085 4064 aliis
1105 4001 1272 4064 interdum
1293 4003 1415 4081 possim
1436 4008 1524 4063 recte

328 4085 506 4160 consulere,
529 4088 598 4167 ipse
620 4089 728 4150 nescio
753 4107 820 4167 qua
844 4088 878 4148 vi
898 4086 994 4147 fatali
1015 4105 1081 4147 non
1102 4085 1216 4147 desino
1239 4105 1281 4147 ex
1302 4104 1376 4146 meo
1396 4086 1525 4164 ingenio

328 4176 454 4231 ceteros
468 4172 650 4232 aestimare.

370 4252 549 4315 Plurimum
564 4273 642 4316 vero
657 4254 718 4315 tibi
732 4255 871 4334 gratiam
886 4253 1001 4326 habeo,
1013 4254 1059 4313 mi
1069 4253 1198 4332 Egnati,
1209 4251 1266 4332 qui
1280 4253 1325 4313 sic
1334 4270 1386 4313 me
1397 4251 1522 4332 diligas,
1535 4275 1571 4322 90

328 4341 368 4396 vt
389 4356 462 4397 mea
481 4336 689 4400 incolumitas
708 4343 743 4399 te
762 4343 833 4399 tam
853 4336 1031 4399 sollicitum
1052 4336 1183 4409 habeat,
1206 4341 1276 4397 tam
1298 4334 1463 4416 praeclare
1482 4334 1524 4397 da

328 4438 380 4480 me
403 4422 535 4493 sentias,
561 4427 601 4482 vt
622 4420 775 4482 ecclesiae
796 4420 973 4501 plurimum
998 4419 1119 4481 referre
1139 4426 1238 4499 putes
1258 4419 1433 4480 Erasmum
1453 4437 1524 4480 esse

328 4504 494 4583 sospitem,
520 4524 659 4583 quorum
688 4504 828 4566 alterum
857 4509 914 4565 tue
942 4504 1076 4583 pietatis
1102 4509 1165 4575 est,
1193 4503 1334 4564 alterum
1362 4501 1522 4564 candoris.

328 4583 495 4665 Siquidem
519 4607 559 4648 ex
585 4588 692 4650 tribus
716 4607 780 4667 que
804 4595 843 4649 tu
864 4605 1109 4659 commemoras,
1130 4587 1252 4648 veteris
1276 4584 1525 4646 necessitudinis

328 4670 603 4748 quemihitecum
611 4671 676 4733 fuit
684 4671 848 4745 Venetiae,
858 4690 924 4733 non
935 4672 1004 4732 sine
1012 4669 1186 4749 voluptate
1195 4669 1356 4742 recordor,
1365 4670 1524 4730 virtutem
1535 4690 1570 4741 95

361 4774 438 4822 61-2.
456 4779 486 4824 et
497 4774 640 4838 oppressis
651 4772 681 4823 J.
765 4775 808 4838 64.
826 4778 871 4823 est
882 4787 935 4824 om.
947 4771 978 4821 J.
1064 4785 1107 4835 70·
1124 4771 1182 4822 iuit
1192 4769 1282 4821 dulcis
1292 4769 1324 4822 J.
1391 4774 1525 4834 gustatus

328 4839 392 4889 cdd.
405 4839 443 4890 α’.
511 4853 553 4904 71.
571 4839 610 4890 J:
628 4845 747 4892 mouent
758 4859 784 4891 α.
852 4841 928 4904 76-7.
946 4839 1000 4889 Est
1013 4875 1020 4889 .
1034 4875 1041 4888 .
1055 4874 1062 4889 .
1074 4837 1193 4889 moliens
1204 4852 1257 4889 om.
1273 4837 1308 4887 K.
1376 4836 1419 4900 87.
1436 4836 1523 4888 inter·

328 4905 398 4955 dum
409 4907 472 4957 cdd.
486 4907 524 4957 α’.
591 4921 634 4969 9⁰·
652 4906 745 4973 diligis
755 4906 787 4958 J.
853 4920 897 4969 on.
914 4906 1004 4957 sentis
1016 4905 1054 4954 N.

362 5038 404 5088 75.
422 5024 545 5087 Nerone]
557 5023 718 5085 Suetonius,
727 5023 799 5076 Nero
809 5024 852 5089 38.
983 5024 1026 5087 76.
1043 5021 1130 5084 unus]
1141 5018 1290 5074 aendor.
