4042 5900
429 597 491 657 412
758 592 957 657 nnrrnrs
978 591 1267 657 orassemus
1566 599 1634 676 [1532

385 775 418 811 ιο
430 755 495 817 elia
509 754 622 816 scribis
636 754 715 816 haec
730 754 849 816 verbs:
873 753 1017 832 ‘Deinde
1030 759 1164 815 constet
1177 754 1409 834 temporibus
1425 755 1637 837 Apostolum

430 839 530 900 fuisse
544 838 705 917 synaxim,
720 857 820 916 quem
835 836 921 917 layci
939 838 1027 899 inter
1041 857 1076 898 se
1089 836 1258 897 iaciebant
1277 837 1456 901 adhibita
1474 842 1638 920 procaciam

430 928 465 983 et
486 921 721 995 benedictione,
738 927 773 981 et
796 941 871 982 eum
893 940 1012 1000 panem
1033 918 1247 1000 appellabant
1271 918 1421 1001 Corpus
1445 923 1579 985 Domini
1587 925 1639 996 '‚et

431 1011 548 1066 cetera.
593 1002 679 1066 Sunt
700 1003 834 1083 quidam
852 1006 909 1083 qui
928 1003 970 1065 de
989 1003 1051 1065 hoc
1066 1002 1240 1065 dubitant:
1266 1003 1410 1067 idcirco
1427 1006 1517 1068 velis
1530 1006 1640 1068 indicti

431 1087 538 1149 locum
553 1088 640 1148 vnde
655 1087 716 1148 hoc
731 1087 862 1167 probari
876 1086 996 1148 valeat.
1041 1087 1090 1147 De
1105 1085 1375 1165 Eccolampadio
1393 1091 1491 1151 varii
1505 1091 1590 1171 apud
1597 1110 1641 1151 nes

387 1190 418 1239 15
431 1178 630 1251 sparguntur
644 1190 799 1231 rumores.
842 1169 1001 1232 Nonnulli
1020 1175 1171 1230 asserunt
1189 1170 1303 1248 ipsum
1323 1172 1363 1232 in
1384 1174 1551 1235 tumultu
1570 1193 1641 1235 oceu-

432 1254 549 1327 buisse,
571 1253 628 1315 alii
646 1273 667 1314 a
688 1252 878 1315 mulieribus
899 1271 1072 1332 occysum;
1095 1252 1231 1331 quidam
1250 1272 1339 1315 vero
1361 1256 1534 1319 reienmt
1552 1257 1643 1319 morbo

431 1338 572 1418 periisse.
615 1337 765 1398 Varietss
779 1355 946 1397 rumorum
961 1342 1089 1416 prestat
1099 1336 1255 1397 indicium
1266 1336 1418 1400 nullum
1432 1339 1560 1403 horum
1569 1342 1645 1402 inniti

432 1422 582 1482 veritate.
626 1421 675 1481 De
697 1418 856 1480 Pontifice
876 1438 915 1480 ac
936 1418 1051 1480 Cesare
1077 1420 1207 1498 penitus
1228 1419 1338 1481 nichil
1363 1421 1564 1498 habemus;
1585 1423 1645 1503 quid

431 1503 526 1565 nobis
551 1505 699 1583 paritura
722 1504 766 1564 sit
787 1502 886 1564 Dieta
908 1502 1157 1583 Ratisponenais
1180 1505 1486 1582 exspectabimus.
1534 1509 1647 1569 Vtinam

386 1604 420 1641 20
432 1585 580 1648 Christus
595 1588 748 1665 dignetur
767 1587 932 1658 interesse,
953 1591 992 1646 vt
1013 1587 1146 1647 tandem
1165 1584 1292 1663 aliquid
1317 1587 1479 1667 dignum
1501 1589 1648 1653 Cristiam

432 1670 562 1731 nomine
577 1669 811 1742 concludatur;
834 1671 891 1747 qui
905 1669 968 1730 tibi
982 1688 1110 1748 semper
1123 1669 1259 1731 asistere
1274 1668 1465 1749 dignetur.
1516 1674 1605 1737 Vale.

474 1753 526 1813 Ex
541 1752 656 1814 edibus
670 1754 792 1813 nostris
807 1752 957 1832 Dillingis
973 1768 1013 1814 .2.
1029 1752 1175 1813 Ianuarii
1189 1770 1278 1813 anno
1292 1758 1366 1815 etc.
1385 1771 1419 1832 3.
1437 1772 1471 1818 2.

1062 1835 1153 1897 Tuus
1167 1835 1358 1915 Episcopus
1374 1838 1619 1920 Augustensis

475 1920 612 1981 Erasmo
627 1919 852 1981 Roterodamo
867 1918 1030 1998 theologo,
1046 1919 1152 1980 amico
1166 1938 1226 1979 suo
1240 1937 1393 1983 summo.

589 2177 655 2218 ²⁵⁵²·
671 2176 737 2217 ²⁶⁷⁸·
753 2177 959 2264 2685259328Ἇο
1006 2177 1114 2242 Facu
1132 2176 1309 2243 Essenos
1326 2176 1503 2249 Scusrs.

471 2305 652 2371 Basienis,
668 2305 771 2360 Scheti
785 2306 944 2377 Epistolae
957 2307 1003 2361 28.
1376 2310 1560 2384 Antwerp.

1304 2384 1340 2435 16
1355 2381 1382 2437 J
1383 2401 1525 2459 snuary
1542 2403 1624 2457 153²·

693 2500 750 2561 [An
762 2500 880 2568 original
892 2500 986 2560 letter,
1000 2500 1162 2564 autograph
1174 2499 1379 2564 throughout]

1021 2605 1048 2658 4.

475 2689 506 2751 S.
523 2690 558 2750 P.
603 2689 710 2750 Trinis
731 2691 797 2751 iam
817 2691 884 2751 tuis
904 2697 1069 2751 recreatus
1087 2690 1243 2770 epistolis,
1259 2708 1390 2750 summe
1413 2693 1506 2755 mihi
1530 2696 1655 2775 placuit

433 2774 515 2834 scire
537 2780 571 2834 te
592 2773 662 2834 fore
684 2774 889 2847 incolumem,
912 2780 947 2834 et
966 2774 1056 2852 quod
1074 2774 1217 2853 acceptis
1238 2772 1390 2852 epistolis
1414 2778 1508 2838 meis
1533 2799 1655 2851 eorum,

434 2857 553 2935 quibus
570 2876 611 2917 ex
629 2858 756 2917 ratione
775 2858 987 2936 pecuniarum
1008 2877 1069 2937 pro
1089 2863 1123 2917 te
1139 2862 1349 2936 acceptarum
1367 2858 1459 2920 mihi
1482 2862 1656 2925 videbaris

433 2961 502 3002 esse
517 2945 710 3013 commotus,
725 2941 791 3002 iam
806 2942 954 3020 quiescas
970 2940 1190 3020 tranquillius.
1227 2939 1359 3001 Nesciui
1372 2959 1455 3004 eam
1470 2949 1655 3024 pecuniam

404 3043 533 3103 squam
549 3031 719 3103 acceperat
734 3025 852 3085 Petrus
870 3025 1024 3103 Aegidius
1039 3026 1166 3085 venisse
1181 3043 1201 3085 a
1216 3024 1369 3103 pensione
1384 3023 1579 3092 Curtaeeri.
1625 3030 1654 3091 Si

435 3107 495 3168 hoc
514 3107 674 3168 dixissent
688 3108 768 3168 mihi
786 3109 839 3169 vel
859 3109 928 3187 ipse
947 3109 1065 3168 Petrus
1082 3107 1135 3167 vel
1150 3113 1230 3168 tuus
1245 3106 1412 3180 Quirinus,
1429 3128 1497 3190 ego
1515 3115 1655 3175 inuesti-

434 3192 594 3271 gauissem
609 3190 650 3250 de
664 3191 799 3269 reliquo,
816 3191 1029 3270 quodminus
1044 3190 1207 3251 dederunt
1224 3206 1284 3267 130
1298 3189 1445 3252 florenis.

444 3308 452 3323 ·
475 3274 617 3334 Mertino
631 3274 778 3334 Ferrario
793 3274 951 3334 Lusitano
969 3293 1124 3352 generoso
1144 3275 1253 3334 iuueni
1273 3274 1323 3351 egi
1338 3292 1398 3352 pro
1415 3277 1577 3340 conditis
1598 3288 1656 3341 tuo

433 3359 563 3418 nomine
577 3359 709 3436 gratiss,
725 3358 782 3436 qui
796 3365 830 3418 et
844 3365 878 3419 te
893 3357 1054 3419 resalutat
1073 3364 1108 3418 et
1127 3356 1212 3416 hene
1222 3357 1445 3437 ,coniunctam
1467 3363 1656 3439 epistolam

389 3465 422 3500 10
434 3441 496 3501 tibi
510 3440 799 3501 transmittendam
815 3441 985 3502 commisit.

477 3524 540 3585 Vbi
565 3523 748 3603 Zwynglius
774 3532 808 3585 et
833 3523 1104 3603 oecolampadius
1128 3524 1245 3595 iacent,
1269 3523 1334 3584 iam
1358 3527 1446 3601 puto
1475 3534 1656 3591 sectarum

434 3607 622 3668 occubuisse
637 3607 817 3668 dimidium.
862 3607 994 3668 Vtinam
1009 3609 1074 3667 iam
1090 3607 1301 3667 succederent
1315 3625 1366 3665 res
1381 3606 1414 3665 in
1430 3609 1586 3673 melius!

476 3689 593 3751 Ceessr
621 3691 787 3751 accinctus
815 3697 866 3750 est
894 3691 1003 3750 itineri
1031 3690 1074 3750 ad
1103 3689 1319 3751 Germaniam.
1364 3688 1539 3753 Poemissa
1573 3704 1658 3758 sunt

434 3775 545 3835 omnia
565 3773 746 3835 sarcinalie.
790 3773 888 3834 Faxit
910 3774 998 3834 Deus
1019 3780 1219 3834 conuentum
1238 3773 1309 3846 hoc,
1331 3771 1420 3850 quod
1443 3773 1516 3835 iam
1542 3778 1658 3842 instat

390 3879 421 3929 15
435 3855 610 3936 Ratisponi
623 3858 712 3917 exire
725 3856 849 3918 felitius
863 3856 1036 3936 prioribus.

477 3939 583 4000 Turca
597 3939 738 4019 spondet
752 3947 884 4018 treugas
901 3941 935 4000 in
950 3940 1125 4019 Vngariam
1145 3945 1181 4000 et
1197 3938 1333 4000 molitur
1350 3938 1486 3999 interim
1504 3944 1597 4020 quid
1622 3947 1657 4008 in

435 4024 517 4083 mari
536 4022 782 4084 mediterraneo.
826 4022 941 4102 Ayunt
963 4023 1009 4084 ibi
1030 4042 1146 4103 parare
1168 4022 1305 4083 classem
1325 4020 1414 4100 apud
1439 4020 1657 4091 Auelonam.

435 4104 538 4167 Credo
553 4106 636 4166 velle
651 4107 768 4166 minari
782 4105 907 4168 Cesaris
921 4107 955 4167 in
971 4107 1165 4186 Hispaniam
1180 4106 1366 4166 transitum.

477 4189 526 4250 De
551 4189 740 4268 syngrapha
762 4189 925 4251 mittenda
950 4189 1190 4262 Francfordiae,
1210 4208 1277 4250 non
1298 4194 1368 4249 tem
1390 4205 1474 4266 opus
1496 4197 1564 4264 est,
1593 4215 1657 4276 my

389 4297 422 4333 20
435 4272 578 4334 Erasme.
621 4271 798 4334 Committe
812 4272 929 4335 saltem
944 4280 979 4334 et
992 4273 1045 4333 fac
1059 4272 1263 4345 facultatem,
1278 4278 1317 4331 vt
1331 4277 1390 4332 tuo
1404 4273 1545 4335 nomine
1562 4296 1656 4340 sem.

435 4375 494 4435 per
521 4355 595 4416 dem
624 4355 863 4430 Franciordiae,
893 4356 1055 4435 quidquid
1083 4362 1217 4417 tuarum
1241 4354 1452 4435 pecuniarum
1477 4355 1654 4438 habuero,

469 4539 543 4589 2592.
564 4554 603 4589 1ο.
621 4538 731 4601 scribis]
743 4539 793 4590 See
804 4539 858 4605 Ep.
872 4543 947 4603 2263.
960 4553 1010 4604 7²·
1093 4541 1118 4589 8.
1136 4539 1258 4617 Mertino
1274 4537 1412 4616 Ferrario]
1426 4537 1478 4588 See
1490 4538 1551 4606 Ep.
1566 4557 1652 4606 25¹1·

435 4618 542 4722 ⁵¹2593.
564 4688 586 4722 1.
605 4672 708 4734 Trinis]
734 4672 833 4723 Schets
858 4688 949 4722 seems
977 4678 1009 4722 to
1060 4620 1135 4735 29115.
1153 4604 1653 4732 (Ξιιῖειαοέωὸὓὲἔῖἓῃέωωθις

435 4755 518 4789 mean
535 4741 601 4790 that
618 4741 653 4789 he
669 4739 726 4790 had
739 4740 865 4790 received
879 4740 1009 4805 together
1063 4740 1167 4802 17Jan.
1176 4737 1234 4789 and
1241 4738 1361 4789 resched
1368 4737 1511 4789 Ratiabou
1521 4743 1558 4791 28
1572 4743 1650 4796 Feb.

435 4805 510 4871 Err·
524 4819 599 4883 2552.
612 4808 773 4884 25122585·
1060 4819 1133 4869 15³2·

469 4887 493 4921 2.
511 4872 638 4937 epistolis
649 4874 729 4935 mers]
738 4874 797 4923 The
806 4878 902 4924 recent
908 4873 1007 4924 letters
1094 4876 1133 4923 16.
1152 4872 1254 4934 Turcs]
1266 4871 1309 4922 cf.
1322 4871 1377 4938 Ep.
1389 4885 1464 4935 2511.
1477 4873 1558 4936 48-9.

435 4955 506 4989 were
518 4939 593 5004 Epp.
607 4953 682 5001 2511,
694 4955 768 5005 2527,
781 4943 856 5004 2558.
