4042 5900
449 598 512 662 304
795 599 994 664 narrans
1016 600 1297 665 oruaasuus
1562 604 1661 682 [1531

449 761 496 823 At
516 768 556 822 tu
576 780 643 823 non
664 761 768 822 solum
791 761 852 822 hoc
873 779 983 841 genus,
1003 761 1093 840 qnod
1111 761 1303 823 scandalum
1323 781 1389 824 uon
1410 761 1529 835 hahet,
1544 762 1606 824 sed
1625 770 1662 824 et

386 866 438 929 ⁶40
449 845 531 906 illud
556 845 703 923 superius
727 845 760 904 in
785 844 929 905 Ecclesia
952 864 1022 906 esse
1047 845 1191 918 voluisti,
1216 850 1345 906 stesso
1369 846 1485 907 multis
1513 848 1551 907 in
1577 846 1660 908 locis

449 929 637 999 affirmasti;
659 947 700 988 ex
716 946 781 1006 quo
796 928 971 989 aduersum
985 934 1020 989 te
1034 934 1127 990 totus
1143 928 1286 990 mundus
1304 930 1520 990 consurrexit.
1567 929 1658 991 Nam

450 1012 585 1084 Ieiunia,
600 1009 814 1084 Coelibatum,
829 1009 1080 1084 Confessionem,
1095 1018 1221 1092 septem
1240 1018 1453 1085 sacramenta,
1472 1012 1593 1074 volens
1613 1034 1658 1075 au

449 1094 540 1156 aliud
559 1112 657 1173 agens
675 1095 792 1166 nescio,
808 1100 894 1155 certe
911 1113 976 1155 non
993 1095 1200 1157 mediocriter
1218 1095 1434 1157 labefactasti.
1478 1096 1576 1158 Haec
1595 1116 1657 1176 ego

450 1197 516 1239 non
541 1179 635 1256 quasi
660 1177 721 1238 tibi
745 1178 946 1257 exprobrans
971 1177 1054 1250 dico,
1078 1178 1135 1238 sed
1160 1185 1199 1238 vt
1224 1179 1285 1240 tibi
1306 1179 1409 1240 amice
1434 1198 1473 1240 ao
1495 1179 1657 1242 libertate

388 1284 438 1345 ⁶45
450 1262 563 1323 eadem
579 1260 792 1341 respondeam
807 1281 873 1339 qua
888 1268 926 1321 tu
941 1262 1063 1341 passim
1077 1281 1151 1323 cum
1166 1263 1272 1322 amico
1286 1263 1397 1322 vteris.

492 1343 628 1406 Caetera
648 1363 731 1423 quae
750 1344 870 1421 vbique
888 1345 1066 1416 insectaris,
1087 1364 1171 1423 quae
1192 1351 1230 1406 tu
1253 1351 1348 1406 tanto
1369 1345 1481 1406 studio
1503 1348 1657 1421 (tametsi

451 1428 554 1489 videri
572 1447 638 1488 non
655 1429 718 1504 ris)
739 1428 939 1505 conquisisti,
957 1427 1114 1506 fingisque
1135 1447 1174 1488 ea
1196 1430 1290 1507 quasi
1311 1447 1379 1489 sese
1400 1428 1463 1489 tibi
1480 1429 1655 1502 obtulisse,

451 1531 525 1572 cum
540 1510 747 1590 frigidissima
760 1512 836 1582 sint,
848 1516 883 1571 et
896 1516 934 1571 tu
946 1510 1057 1572 studio
1067 1511 1310 1572 contradicendi
1320 1532 1360 1572 ea
1369 1511 1472 1572 facias
1482 1512 1657 1574 acerbiora

450 1600 486 1654 et
507 1593 784 1673 vituperabiliore,
806 1613 881 1654 cum
906 1594 1013 1655 multa
1038 1595 1196 1673 depraues
1221 1596 1288 1655 tuis
1311 1596 1655 1674 interpretationibus,

388 1700 439 1759 ⁶50
451 1677 559 1739 multa
573 1679 606 1737 in
621 1677 786 1738 diuersum
801 1696 932 1738 sensum
952 1677 1125 1751 distrahas,
1145 1697 1221 1739 cum
1236 1677 1340 1739 LXX.
1356 1683 1391 1739 et
1409 1677 1656 1757 Hieronymum

451 1761 565 1823 eodem
579 1780 693 1839 genere
707 1779 728 1820 a
742 1780 793 1820 me
808 1760 889 1820 velis
903 1780 972 1822 esse
987 1767 1202 1841 contemptos,
1218 1781 1284 1840 qua
1301 1767 1340 1821 tu
1360 1760 1493 1822 licentia
1511 1762 1549 1822 in
1569 1764 1655 1823 eins-

451 1845 540 1906 modi
565 1844 731 1905 interdum
756 1843 840 1903 soles
865 1844 933 1904 vti:
963 1844 1052 1917 haec,
1076 1845 1220 1923 inquam,
1242 1864 1348 1923 neque
1371 1844 1519 1906 refellam
1545 1865 1656 1924 neque

452 1947 548 2008 super
578 1927 628 1988 his
657 1927 720 1987 tibi
747 1926 957 2005 respondebo.
1015 1926 1101 1987 Nam
1127 1928 1328 2006 Hieronymo
1356 1934 1489 1989 tantum
1519 1928 1657 1990 honoris

452 2011 553 2072 habui
568 2017 729 2089 quantum
743 2011 902 2071 sanctitas
916 2016 951 2071 et
964 2011 1105 2071 eruditio
1119 2013 1238 2072 summi
1251 2016 1286 2071 et
1305 2010 1572 2091 incomparabilis
1592 2013 1658 2073 viri

389 2116 438 2174 ⁶55
452 2100 697 2174 promereretur.
741 2092 834 2155 Solos
847 2112 902 2154 eos
915 2094 1058 2154 criminis
1072 2095 1166 2155 istius
1180 2114 1252 2155 reos
1265 2094 1394 2173 faci[t]o
1411 2095 1468 2173 qui
1486 2095 1656 2174 praetule-

452 2184 530 2239 runt
551 2177 599 2237 illi
619 2178 750 2238 insanos
772 2177 959 2249 haereticos,
981 2197 1120 2256 quorum
1144 2197 1250 2238 mores
1273 2184 1308 2238 et
1333 2177 1517 2239 doctrinam
1541 2178 1657 2241 iuerat

452 2261 627 2321 iustissime
641 2261 829 2320 insectatus.
873 2260 949 2320 Non
963 2266 1014 2320 est
1029 2260 1118 2340 quod
1132 2260 1211 2321 mihi
1225 2260 1310 2322 hanc
1324 2261 1523 2322 calumniam
1539 2261 1655 2336 facias,

452 2364 537 2423 quae
551 2343 664 2422 procul
679 2349 738 2415 est,
754 2344 881 2421 eritque
894 2362 1029 2422 semper,
1044 2362 1065 2403 a
1079 2344 1224 2405 moribus
1238 2345 1327 2404 meis.

494 2427 663 2487 Hactenus
679 2427 880 2499 amicissime,
895 2432 980 2487 teste
999 2426 1078 2499 Deo,
1094 2427 1156 2488 tibi
1174 2428 1335 2506 respondi.
1378 2426 1475 2488 Nunc
1494 2429 1654 2506 quoniam

389 2531 440 2579 666
452 2529 512 2590 pro
527 2517 587 2571 tua
603 2510 764 2570 modestia
780 2510 949 2590 praedicas
966 2529 1018 2570 me
1038 2512 1199 2571 amicitiae
1218 2518 1297 2572 tuae
1312 2510 1382 2572 iore
1401 2512 1609 2590 participem,
1628 2513 1655 2572 si

453 2612 519 2672 qua
530 2600 563 2654 te
574 2594 791 2654 admonuero:
814 2601 853 2654 vt
867 2593 928 2654 hoc
939 2592 1029 2672 quod
1039 2594 1205 2673 promittis
1218 2613 1407 2673 consequar,
1418 2593 1506 2667 audi,
1518 2612 1654 2673 quaeso,

452 2697 518 2738 non
533 2678 626 2756 quasi
641 2678 835 2737 monitorem
855 2676 911 2737 sed
930 2683 1090 2756 tanquam
1110 2676 1222 2750 filium,
1238 2678 1265 2737 si
1284 2677 1374 2750 libet,
1389 2682 1449 2738 aut
1467 2683 1557 2738 certe
1570 2679 1654 2739 ami·

453 2780 527 2821 oum
543 2761 714 2838 (audiens)
728 2779 812 2839 quae
829 2779 888 2838 pro
905 2758 1090 2821 Christiana
1107 2761 1268 2823 charitate
1284 2779 1440 2840 propono.
1483 2760 1572 2822 Nam
1591 2762 1655 2822 hoc

453 2850 488 2904 et
508 2846 542 2904 in
564 2846 751 2905 vniuersum
773 2843 919 2922 proderit
940 2844 1064 2916 multis,
1087 2851 1121 2904 et
1143 2844 1263 2922 gloriae
1289 2850 1366 2905 tuae
1390 2862 1455 2904 non
1480 2843 1655 2906 mediocris

308 2925 312 2930 ’
390 2949 441 3010 665
454 2927 754 2988 bincfietaocessio.
799 2927 985 2988 Praestaret
999 2928 1151 3008 primum,
1161 2928 1213 2989 vir
1223 2927 1655 3001 clarissime,teesseminus

454 3012 655 3072 iracundum.
700 3010 794 3084 Quod
820 3012 846 3071 si
871 3017 991 3071 natura
1017 3010 1117 3072 adid
1141 3013 1329 3091 propensior
1353 3031 1397 3084 es,
1421 3010 1540 3072 saltem
1564 3019 1656 3073 esset

453 3095 637 3155 conandum
659 3114 700 3154 ne
729 3094 832 3154 vllum
858 3095 1031 3173 vestigium
1060 3095 1127 3155 irae
1151 3096 1184 3154 in
1209 3096 1355 3156 oratione
1380 3098 1518 3155 extaret.
1564 3095 1655 3157 Nam

454 3196 641 3257 quanquam
653 3177 798 3256 legamus
809 3177 1029 3238 iracundiores
1039 3197 1107 3238 esse
1118 3178 1274 3250 meliores,
1286 3180 1389 3254 <non>
1400 3177 1528 3238 deceret
1539 3183 1655 3240 tamen

454 3260 488 3321 id
503 3262 631 3339 scriptis
645 3261 824 3334 ostendere,
836 3260 924 3339 quod
939 3267 990 3321 est
1001 3262 1035 3320 in
1046 3262 1117 3321 vita
1127 3281 1165 3321 ac
1177 3261 1320 3321 moribus
1335 3261 1395 3321 hac
1406 3266 1509 3340 parte.
1555 3261 1655 3335 Tum,

391 3367 442 3427 ⁶7⁰
454 3344 543 3423 quod
558 3344 698 3404 suadent
713 3344 858 3423 plerique
872 3344 993 3405 eruditi
1007 3345 1078 3417 viri,
1093 3363 1159 3404 non
1174 3344 1295 3405 debent
1309 3345 1419 3405 omnia
1429 3363 1450 3405 a
1461 3351 1494 3405 te
1508 3343 1655 3419 defendi,

454 3446 512 3488 nec
527 3446 638 3487 omnes
653 3433 731 3487 sunt
744 3428 829 3488 ictus
843 3446 863 3488 a
878 3433 911 3488 te
925 3427 1116 3506 excipiendi.
1160 3427 1228 3488 Nec
1239 3434 1356 3506 putare
1368 3427 1466 3488 debes
1476 3429 1657 3505 grauitatis

454 3530 522 3571 esse
542 3518 628 3582 tuae,
647 3517 681 3570 te
701 3512 846 3570 omnium
868 3511 1037 3571 hominum
1059 3510 1234 3572 latratibus
1255 3529 1426 3589 opponere,
1449 3510 1506 3571 sed
1527 3511 1656 3572 multos

454 3613 523 3655 esse
540 3612 622 3672 quos
641 3600 680 3654 tu
700 3595 817 3654 merito
838 3595 941 3674 possis
962 3600 1178 3654 contemnere.
1222 3594 1293 3654 Hoc
1315 3601 1414 3673 pacto
1435 3600 1508 3654 tum
1529 3597 1656 3655 caeteri

454 3678 561 3737 minus
575 3677 876 3749 inflammabuntur,
891 3677 1164 3756 tranquilliusque
1178 3684 1293 3756 agetur
1307 3684 1435 3738 tecum:
1458 3683 1530 3738 tum
1545 3677 1604 3737 vbi
1619 3679 1656 3738 in

392 3783 441 3845 ⁶75
454 3759 620 3839 Apologiis
646 3766 776 3839 tempus
799 3762 984 3833 insumitur,
1008 3762 1042 3820 in
1067 3760 1184 3821 studiis
1209 3761 1413 3839 grauioribus
1441 3760 1653 3838 transigetur.

455 3843 495 3904 id
510 3862 577 3921 quo
594 3843 721 3903 facilius
738 3844 884 3904 obtinere
903 3863 1022 3922 posses,
1038 3850 1221 3923 praestaret
1240 3843 1346 3904 multa
1367 3842 1537 3904 scribendo
1557 3862 1654 3922 prae-

455 3927 552 3988 terire
578 3946 671 4005 quac,
695 3947 770 3988 cum
794 3927 875 3987 nibil
900 3933 1125 4005 promoueant,
1148 3928 1205 3987 sed
1230 3927 1451 3987 scandalizent
1473 3927 1595 4005 potius,
1618 3928 1655 3988 in

454 4017 565 4070 totum
579 4017 688 4070 essent
702 4010 875 4082 reticenda,
891 4017 926 4070 et
940 4010 1114 4071 adimenda
1128 4011 1217 4071 vitae
1232 4017 1310 4070 tuae
1325 4017 1421 4070 tanta
1435 4009 1653 4089 perturbatio.

456 4092 627 4154 Interdum
651 4095 792 4171 optarim
816 4100 851 4154 te
874 4094 908 4153 in
930 4094 1175 4154 recriminandis
1197 4095 1235 4154 iis
1259 4093 1487 4154 modestiorem
1511 4111 1594 4172 quos
1618 4099 1655 4154 te

392 4195 443 4246 636
455 4183 552 4255 putes
566 4177 763 4249 criminatos,
779 4182 818 4236 vt
832 4177 1000 4238 omitteres
1017 4176 1123 4238 multa
1140 4179 1273 4238 nomina
1290 4177 1456 4256 probrosa,
1471 4194 1600 4237 morsus
1614 4196 1654 4238 ac

455 4258 600 4333 dicteria,
630 4260 854 4338 recordarique
882 4260 969 4321 illius
998 4259 1091 4320 ‘Non
1119 4260 1329 4321 maledictum
1358 4279 1418 4340 pro
1446 4259 1653 4321 maledicto’.

455 4341 541 4403 Nam
557 4344 646 4422 quod
663 4343 807 4422 profanis
822 4349 919 4423 turpe
938 4343 1064 4416 luisset,
1080 4344 1186 4404 multo
1200 4345 1308 4404 minus
1328 4344 1450 4404 homini
1467 4341 1653 4404 Christiano

456 4425 608 4487 decorum
617 4447 686 4487 esse
696 4427 882 4505 putandum
893 4432 953 4500 est,
963 4426 1057 4505 longe
1066 4433 1178 4488 autem
1190 4428 1296 4488 minus
1306 4427 1477 4499 sacerdoti,
1487 4432 1654 4504 postremo

456 4529 494 4536 ..-

489 4561 548 4610 668.
566 4560 767 4622 iracundiores]
776 4560 1027 4611 Ciddadebucch.
1077 4576 1155 4610 same
1178 4566 1269 4618 tenor,
1292 4559 1375 4610 could
1403 4565 1455 4610 not
1480 4559 1554 4610 have
1579 4559 1653 4611 bean

456 4626 541 4678 Sutor
551 4627 607 4677 LB.
620 4629 658 4677 ix.
671 4640 784 4691 74oc-u.
1078 4628 1183 4677 known
1192 4634 1223 4677 to
1235 4628 1374 4678 Steuchus
1382 4627 1463 4676 when
1475 4626 1511 4676 he
1519 4633 1609 4677 wrote
1621 4633 1654 4678 to

490 4697 549 4758 670.
567 4694 693 4759 plerique
701 4694 876 4756 eruditiviri]
887 4694 1028 4745 Frauden·
1078 4694 1223 4743 Erasmus.
1267 4694 1318 4744 See
1344 4694 1419 4758 Epp.
1446 4695 1521 4742 2226.
1553 4707 1652 4757 13-37;

456 4760 556 4826 berger
566 4759 633 4810 calls
644 4761 788 4811 attention
797 4762 827 4810 in
835 4761 1029 4825 particularto
1079 4773 1154 4824 227²·
1165 4774 1261 4822 39-5o;
1280 4761 1354 4822 2385.
1365 4763 1459 4822 36-50,
1470 4773 1545 4823 2394.
1555 4773 1652 4824 9-104,

456 4827 508 4878 the
521 4827 606 4878 letter
620 4828 650 4876 oi
667 4827 860 4892 Calcagninus,
877 4829 931 4893 Ep.
952 4829 1025 4891 1587.
1077 4840 1152 4892 2443.
1165 4829 1274 4891 46-261,
1288 4840 1362 4890 2459.
1377 4841 1451 4890 34-7,
1463 4827 1539 4890 2468.
1554 4840 1646 4892 ι-ι54.

456 4896 565 4959 24981.
611 4892 671 4943 The
699 4893 799 4944 letters
826 4895 856 4944 ol
884 4894 1026 4952 Sadoleto‚
1110 4896 1169 4944 681.
1189 4894 1253 4943 Non
1265 4892 1458 4954 maledictum]
1473 4908 1484 4943 1
1499 4893 1561 4943 Pet.
1574 4906 1599 4958 3.
1612 4908 1640 4954 9.

456 4959 598 5020 Tunstall,
605 4958 663 5010 and
672 4961 784 5021 Alciati,
793 4961 885 5012 which
897 4962 965 5012 bear
976 4962 1026 5012 the
