4042 5900
314 687 409 763 2513]
591 681 715 745 FROM
735 681 993 745 AUGUSTINE
1016 679 1246 744 STEUOHUS
1449 682 1510 742 307

313 850 373 904 aut
388 843 596 923 profligatum
611 842 654 903 ab
669 862 709 903 eo
724 861 844 903 nomen
860 847 1009 903 nostrum
1027 840 1234 913 arbitremur,
1249 859 1308 901 nec
1328 859 1402 901 cum
1420 840 1512 901 falsis

313 927 550 1006 suspicionibus
563 932 598 987 et
612 926 795 987 animorum
809 930 996 986 nostrorum
1011 924 1264 1004 cogitationibus
1278 922 1509 985 dimicandum.

312 1008 487 1071 Christiani
512 1009 652 1070 hominis
674 1028 739 1069 non
761 1015 821 1080 est,
848 1009 874 1068 si
900 1027 934 1068 se
958 1008 1088 1068 iniustis
1111 1007 1299 1067 criminibus
1322 1012 1419 1086 putet
1442 1026 1510 1067 esse
1523 1024 1573 1075 775

313 1095 465 1171 petitum,
480 1092 594 1154 eodem
608 1111 724 1171 gonere
738 1093 889 1153 iriiuriam
907 1091 1026 1151 vlcisci.
1070 1089 1104 1151 Si
1123 1090 1249 1170 placide
1268 1109 1396 1151 mecum
1416 1108 1510 1169 agere

312 1183 363 1236 cst
377 1177 524 1236 animus:
547 1175 635 1236 vltro
649 1176 828 1236 amicitiam
844 1180 937 1235 tuam
956 1174 1137 1253 amplector
1157 1180 1192 1234 et
1210 1173 1347 1246 osculor,
1363 1179 1509 1234 tantum-

313 1279 385 1337 que,
407 1265 537 1338 praeter
555 1259 743 1330 amicitiam,
764 1258 894 1319 honoris
913 1277 952 1318 ac
973 1257 1084 1318 cultus
1105 1257 1166 1318 tibi
1188 1256 1327 1318 exhibeo
1347 1263 1510 1335 quantum

312 1362 332 1402 a
347 1362 399 1402 me
414 1344 531 1403 iuuene
550 1342 612 1402 tibi
629 1343 707 1414 seni,
723 1342 852 1419 Tyrone
870 1342 903 1401 in
921 1341 1099 1401 christiana
1118 1340 1324 1419 philosophia
1342 1345 1509 1412 veterano,

312 1425 459 1486 debetur.
504 1425 550 1485 Ac
572 1444 613 1485 ne
634 1426 726 1502 queri
745 1426 849 1503 possis
868 1423 1104 1485 discordiarum
1124 1442 1177 1484 me
1194 1424 1372 1502 principem
1390 1422 1507 1494 fuisse;
1522 1427 1573 1489 780

312 1514 346 1569 et
370 1515 409 1568 vt
434 1528 506 1569 eam
532 1527 631 1587 quam
658 1506 719 1568 tibi
744 1507 896 1587 praedico
918 1506 1191 1567 modestiam—et
1220 1513 1257 1567 tu
1287 1506 1330 1566 ad
1358 1524 1431 1566 cam
1457 1524 1509 1566 me

311 1592 627 1671 inuitasti-primus
656 1609 782 1669 scquar,
815 1589 876 1650 hac
907 1589 971 1650 fine
1001 1589 1174 1669 epistolam
1203 1589 1330 1650 claudo.
1374 1588 1420 1649 Vt
1448 1589 1510 1649 tibi

311 1694 422 1735 omnes
437 1676 464 1735 si
478 1693 560 1752 quas
575 1674 717 1735 intulisti
731 1674 865 1734 iniurias
879 1672 1037 1745 condono,
1049 1674 1094 1733 sic
1105 1672 1191 1734 idem
1202 1672 1307 1734 abste
1319 1678 1396 1752 peto
1407 1677 1508 1750 atque

311 1757 452 1830 obsecro,
477 1764 515 1817 vt
538 1758 564 1817 si
588 1776 654 1835 qua
676 1758 710 1818 in
733 1776 767 1817 re
790 1756 843 1816 vel
865 1756 899 1817 in
922 1756 983 1817 hac
1006 1756 1146 1835 epistole
1166 1756 1219 1816 vel
1240 1756 1319 1816 alibi
1341 1762 1375 1817 te
1396 1755 1508 1816 nolens

311 1840 441 1914 offendi,
464 1846 536 1900 tum
560 1840 620 1900 hoc
646 1841 753 1919 ipsum
779 1841 920 1900 vicissim
945 1838 1119 1911 condones,
1144 1846 1217 1900 tum
1241 1840 1351 1899 animo
1376 1840 1508 1899 minime
1521 1841 1570 1905 785

310 1925 420 2002 iniquo
449 1931 483 1984 et
508 1924 699 1983 iniuriarum
729 1922 897 1984 sitibundo
920 1922 1047 1983 iactum
1072 1923 1304 2001 interpreteris.
1348 1922 1508 1982 Dominus

311 2007 402 2067 Iesus
423 2006 573 2068 Christus
593 2012 714 2084 augeat
735 2006 871 2085 gloriam
893 2012 987 2066 tuam
1008 2006 1042 2065 in
1063 2006 1124 2066 hoc
1146 2005 1255 2066 seculo
1276 2012 1311 2066 et
1332 2006 1366 2065 in
1382 2005 1506 2066 futuro.

310 2090 398 2150 Vale.

351 2173 475 2234 Datum
509 2173 602 2251 Regii
633 2171 747 2252 Lepidi
779 2172 836 2232 viii
866 2170 1027 2233 Calendas
1056 2171 1207 2252 Augusti,
1236 2171 1332 2233 Anno
1360 2190 1380 2231 a
1407 2177 1507 2250 partu

309 2256 468 2336 Virgineo.
485 2272 655 2318 mnam.
1520 2269 1570 2320 7⁹⁰

511 2501 611 2562 2514.
659 2494 711 2561 Το
727 2494 808 2560 Tau
824 2494 972 2561 Sauara
988 2512 1033 2560 or
1049 2494 1257 2578 Bassucorr.

345 2634 504 2704 Epistolae
517 2633 688 2687 Vniuersae
701 2632 765 2701 (N),
778 2649 809 2703 p.
826 2647 907 2687 1110.
1272 2630 1429 2701 Freiburg.

345 2709 443 2763 Lond.
458 2708 553 2762 xxvii.
568 2727 622 2778 44:
643 2708 708 2761 LB.
726 2723 807 2774 119²·
1243 2710 1280 2760 26
1292 2706 1369 2776 July
1385 2721 1466 2775 1531.

340 2836 411 2897 [The
422 2835 605 2901 ysardateis
622 2834 775 2884 confirmed
788 2835 827 2899 by
838 2835 889 2885 the
904 2834 1033 2885 mention
1046 2835 1076 2884 of
1091 2835 1140 2884 tho
1155 2836 1229 2884 ‘two
1246 2849 1328 2897 years
1342 2832 1400 2883 and
1411 2833 1504 2884 more’

306 2903 409 2968 during
424 2902 514 2953 which
532 2902 668 2952 Erasmus
685 2902 737 2951 has
755 2902 825 2953 beon
842 2906 874 2953 at
892 2901 1028 2966 Freiburg
1045 2902 1092 2962 (ho
1107 2906 1184 2952 want
1198 2901 1278 2951 there
1293 2900 1323 2951 in
1335 2900 1416 2965 April
1429 2901 1505 2963 1529)

306 2970 363 3019 and
376 2970 415 3034 by
425 2970 602 3034 comparison
615 2969 685 3019 with
697 2969 752 3034 Ep.
765 2981 839 3032 2553.
875 2968 940 3018 Itis
952 2969 1077 3033 perhaps
1090 2967 1267 3018 remarkable
1278 2968 1345 3019 that
1356 2968 1392 3017 he
1402 2966 1504 3017 should

306 3037 341 3086 bs
354 3037 487 3100 thinking
498 3037 529 3086 oi
539 3037 687 3099 &concon
699 3042 731 3085 at
742 3051 760 3085 a
771 3035 840 3085 time
852 3035 934 3085 when
948 3035 984 3085 he
995 3036 1053 3084 had
1063 3036 1123 3098 just
1134 3033 1294 3099 completed
1305 3034 1355 3085 the
1366 3034 1504 3099 purchase

306 3104 336 3153 of
346 3119 365 3153 a
376 3103 467 3168 oostly
478 3104 567 3153 house
578 3103 607 3152 in
620 3102 777 3167 Freiburg]

494 3226 647 3270 nssssmvs
661 3225 910 3271 Romonnnvs
925 3225 1069 3270 SENATVI
1084 3225 1275 3270 nnsonmo
1290 3225 1316 3269 S.

348 3336 534 3396 blaommcr
555 3340 590 3394 et
611 3334 787 3413 plurimum
810 3334 990 3395 honorandi
1013 3335 1145 3407 domini,
1165 3353 1267 3413 quum
1287 3353 1338 3394 res
1357 3333 1504 3395 Basileae

306 3425 454 3479 mutatae
469 3424 621 3497 cogerent
635 3437 686 3478 mc
702 3419 881 3496 hospitium
896 3424 993 3478 vetus
1007 3424 1041 3478 et
1056 3418 1098 3478 ob
1113 3418 1147 3479 id
1164 3425 1295 3496 gratm
1313 3416 1502 3496 relinquere,

305 3501 490 3581 cogitabam
518 3501 560 3562 de
588 3501 830 3580 commigrando
855 3501 1057 3573 Besontium,
1079 3502 1233 3562 nimirum
1257 3506 1413 3579 expertus
1437 3501 1503 3560 iam

306 3606 363 3664 per
391 3586 593 3646 occasionem
618 3592 691 3646 tum
721 3591 866 3645 vestram
895 3591 966 3645 tum
993 3585 1222 3645 canonicorum
1251 3584 1501 3645 humanitatom.

305 3669 333 3728 A
348 3670 510 3729 canonicis
521 3675 594 3728 tum
604 3687 795 3747 responsum
806 3669 940 3729 satiatio
951 3686 1020 3728 ease
1032 3669 1139 3728 nescio
1150 3666 1230 3746 quid
1244 3666 1378 3739 dissidii,
1390 3667 1502 3745 itaque
1515 3691 1531 3741 5

305 3754 408 3812 satius
422 3771 491 3812 esse
505 3753 730 3830 migrationem
745 3752 779 3812 in
794 3750 884 3813 aliud
899 3750 1028 3811 differre
1042 3757 1182 3829 tempus.
1226 3750 1281 3811 Ita
1297 3750 1424 3812 iactum
1440 3757 1501 3824 cst,

305 3843 343 3896 vt
367 3837 424 3913 [in]
446 3834 651 3913 approbante
672 3839 707 3894 et
727 3836 796 3896 suis
815 3835 934 3895 litteris
953 3833 1204 3895 commendante
1223 3853 1274 3894 me
1297 3852 1369 3912 rege
1391 3832 1501 3894 Fordi-

306 3918 414 3979 nando
429 3917 472 3978 ad
487 3917 681 3996 Friburgum
696 3918 840 3978 vicinum
855 3937 906 3978 me
920 3918 1134 3979 contulerim:
1158 3916 1214 3978 vbi
1229 3918 1294 3977 iam
1305 3916 1388 3977 duos
1399 3936 1502 3978 annos

304 4009 338 4061 et
364 4000 452 4061 vltra
480 4002 558 4073 vixi,
588 4005 703 4078 gratus
730 4000 891 4073 omnibus,
917 4000 973 4062 sed
1002 4001 1161 4080 imprimis
1185 3999 1389 4061 Academiae.
1433 4000 1501 4061 Nec

304 4086 434 4144 interim
449 4084 498 4144 fui
513 4085 666 4163 cuiquam
680 4084 790 4162 grauis
804 4084 977 4162 impendio,
992 4103 1066 4145 mco
1081 4103 1178 4145 succo
1192 4084 1357 4144 victitans.
1516 4108 1547 4144 ro

345 4168 391 4228 At
405 4187 491 4227 nunc
506 4168 661 4245 quoniam
677 4167 772 4228 video
787 4168 895 4228 omnia
910 4168 943 4227 in
957 4186 1115 4246 suspenso
1131 4187 1209 4240 esse,
1224 4166 1381 4229 nonnulla
1399 4168 1500 4228 etiam

303 4250 463 4311 bellorum
478 4257 538 4310 aut
553 4250 757 4312 tumultuum
772 4251 948 4330 praesagia,
964 4269 1049 4329 quae
1065 4251 1197 4329 quidem
1217 4257 1297 4330 opto
1317 4269 1404 4311 vana
1422 4269 1499 4323 esse,

304 4334 400 4394 sedai
420 4333 500 4412 quid
517 4334 584 4395 tale
603 4333 741 4405 accidat,
756 4333 864 4394 vbiuis
882 4332 995 4394 malim
1014 4352 1083 4394 esse
1103 4354 1202 4414 quam
1222 4333 1381 4411 Friburgi.
1425 4332 1501 4394 Huc

302 4419 388 4477 enim
404 4437 437 4477 sa
452 4417 663 4479 contulerunt
676 4423 711 4478 et
729 4417 825 4478 hodie
844 4416 1028 4490 conferunt,
1044 4419 1100 4497 qui
1120 4417 1282 4477 Basileam
1302 4415 1378 4477 odio
1396 4422 1498 4478 secta·

304 4521 376 4560 rum
395 4500 594 4578 reliquerint,
610 4500 765 4579 aquibus
784 4499 832 4561 illi
850 4501 1062 4579 suspicantur
1080 4500 1228 4578 instigari
1247 4498 1441 4561 monarchas
1461 4506 1500 4559 vt
1515 4521 1546 4571 ις

303 4604 370 4643 rem
398 4584 649 4644 ecclesiasticam
678 4585 778 4644 armis
807 4581 984 4644 vindicent.
1028 4580 1194 4663 Oppidum
1225 4588 1276 4643 est
1307 4582 1438 4661 elegans
1465 4590 1501 4644 et

303 4685 484 4737 amoenum,
505 4665 562 4726 aed
581 4666 724 4746 maligna
743 4685 852 4727 rerum
873 4667 985 4745 copia:
1010 4671 1045 4727 et
1067 4666 1128 4728 hoc
1149 4665 1378 4746 corpusculum
1399 4665 1500 4728 senile

602 4791 677 4842 2513.
695 4795 753 4856 776.
770 4789 801 4855 βε
820 4791 924 4858 placita
936 4810 961 4841 c.
1031 4794 1088 4855 782.
1106 4793 1160 4844 boc
1169 4791 1196 4856 β.

333 4975 407 5024 2514.
421 4987 445 5036 3.
458 4975 873 5040 expertuslInApril15243see
959 4989 985 5039 5.
1002 4976 1122 5038 dissidii]
1140 4976 1496 5045 Forthequarrelseessp.

301 5040 873 5107 Epp.1440.4n‚1610,1679.94-106,1956.
925 5057 1000 5106 2410.
1013 5057 1076 5108 47n.
