4042 5900
443 660 504 721 100
768 659 1269 724 mrrnssornnssnus
1541 662 1636 739 [1531

765 836 920 883 BRASMVS
934 836 1010 883 RO'l'.
1027 836 1152 882 VBSINO
1167 835 1269 881 vnmo
1284 836 1310 881 8.

482 927 597 990 Vsosr
610 926 724 990 andire
735 948 895 991 nouarum
906 948 1015 990 rerum
1026 928 1173 1007 aliquid?
1193 929 1322 1008 Accipe.
1344 927 1542 1008 Quanquam
1550 928 1639 990 inter

440 1008 575 1072 ἀδύνατα
588 1013 754 1073 numerari
772 1014 839 1074 scio
860 1014 945 1074 senis
963 1017 1093 1074 mutare
1113 1011 1268 1092 linguam,
1283 1018 1396 1073 tamen
1415 1030 1475 1090 ogo
1493 1012 1639 1073 meditor

441 1100 570 1156 mutare
591 1094 713 1157 stilum.
756 1094 804 1157 Ac
825 1097 967 1177 primum
990 1095 1135 1175 applicui
1154 1100 1276 1157 memet
1296 1094 1340 1156 ad
1360 1094 1529 1175 exemplar
1550 1101 1637 1157 stru-

440 1182 554 1239 cturae
564 1178 745 1240 Bndaicae:
768 1179 831 1259 legi
841 1179 1013 1260 plerasque
1021 1178 1108 1240 illius
1119 1178 1274 1259 epistolas
1282 1178 1421 1239 feliciter
1431 1177 1637 1240 elaboratas:

411 1262 574 1337 5annisns
589 1281 662 1323 sum
677 1261 800 1336 sedulo,
816 1262 874 1324 sed
893 1268 1032 1325 conatus
1051 1281 1201 1324 successu
1219 1263 1335 1323 caruit.
1379 1261 1476 1322 Nunc
1495 1262 1530 1321 in
1544 1263 1635 1324 effin-

438 1345 544 1424 gendo
559 1344 710 1407 Cicerone
726 1365 799 1407 sum
813 1352 914 1408 totus.
937 1345 1034 1407 Dices
1048 1345 1128 1424 quid
1142 1345 1284 1406 accidit?
1306 1344 1380 1405 Huc
1394 1344 1638 1408 extimularrmt

439 1446 492 1488 me
506 1429 608 1489 trium
622 1428 719 1490 huius
734 1431 853 1491 aetatis
867 1431 901 1490 in
916 1428 1055 1491 dicendo
1068 1428 1326 1489 felicissimorum
1341 1428 1638 1507 epistolae,1acobi

438 1508 593 1585 Sadoleti,
616 1513 706 1574 Petri
727 1512 852 1587 Bembi,
874 1519 909 1573 et
929 1512 1006 1573 Iulii
1027 1511 1129 1591 Pflug‚
1145 1531 1284 1591 qnorum
1306 1517 1508 1591 postremum
1529 1531 1638 1592 nuper

438 1596 580 1656 amicum
595 1595 715 1657 habere
729 1598 829 1676 coepi,
839 1617 880 1657 ex
895 1615 930 1656 re
944 1595 1033 1657 mala
1047 1614 1202 1675 magnum
1213 1600 1330 1656 nactus
1344 1594 1477 1656 bonum.
1501 1594 1637 1656 Phrasis

395 1677 556 1739 1ohorum
570 1681 619 1740 ita
633 1681 806 1753 consentit,
822 1686 862 1741 vt
875 1679 964 1740 dicas
983 1699 1004 1740 a
1024 1680 1143 1739 teneris
1162 1678 1345 1757 vnguiculis
1364 1678 1477 1739 eodem
1497 1679 1533 1739 in
1554 1678 1636 1740 ludo

438 1761 553 1823 doctos
582 1770 617 1823 et
639 1763 804 1824 educatos.
852 1761 959 1823 Deum
981 1761 1210 1834 immortalem,
1235 1762 1292 1840 qui
1316 1761 1438 1822 candor
1463 1761 1634 1835 orationis,

438 1864 538 1923 qnam
552 1845 630 1907 ielix
645 1845 795 1920 facilitas,
810 1851 936 1926 quanta
950 1863 1106 1906 sensuum
1120 1846 1253 1918 sanitas,
1269 1864 1369 1924 quam
1388 1845 1499 1905 omnia
1517 1843 1634 1905 cobae-

437 1934 521 2003 rent,
544 1930 713 2008 amnisque
730 1928 958 2009 lympidissimi
978 1930 1013 1989 in
1034 1947 1158 1989 morem
1179 1927 1334 1988 inoffensa
1355 1926 1524 2000 labuntur,
1539 1928 1635 1989 nulla

437 2012 574 2086 salebra,
590 2012 682 2075 nullo
696 2013 820 2074 vortice
828 2012 983 2074 lectorem
991 2012 1194 2073 remorante!
1217 2010 1312 2072 Tales
1322 2009 1549 2072 Ciceronianos
1557 2016 1635 2073 toto

392 2119 423 2170 15
436 2101 568 2175 pectore
593 2114 727 2175 possum
750 2115 870 2168 amare,
892 2096 1021 2157 vtinam
1045 2101 1080 2156 et
1102 2095 1231 2174 assequi
1252 2094 1358 2155 liceat.
1404 2092 1468 2155 Sed
1489 2093 1636 2156 arbitror

436 2178 617 2240 consultius
642 2185 682 2241 vt
709 2181 939 2259 sexagenarius
967 2178 1087 2240 abhis
1116 2179 1256 2239 comitiis
1285 2176 1479 2249 abstineam,
1503 2196 1544 2238 ne
1572 2198 1634 2257 per

435 2262 642 2324 iuuentutem
656 2263 916 2325 tumultuantem
929 2262 1007 2323 fiam
1022 2262 1238 2342 depontanus.

477 2345 620 2426 Principi
638 2352 698 2407 tuo
717 2365 854 2426 meoque
874 2346 1023 2426 gratulor
1043 2344 1294 2425 splendidissimi
1314 2345 1454 2405 nominis
1475 2345 1631 2406 accessio-

434 2447 520 2503 nem,
549 2445 619 2490 snx
647 2445 882 2491 11οω0111111
909 2430 1037 2490 vtinam
1058 2435 1093 2489 et
1121 2447 1236 2489 census
1264 2427 1469 2507 respondeat.
1513 2427 1632 2490 Laudo

389 2535 422 2571 20
434 2515 529 2573 tuam
543 2514 578 2574 in
593 2512 710 2593 Remp.
726 2514 895 2593 pietatem,
910 2531 1011 2592 qnam
1026 2511 1119 2572 vides
1138 2516 1191 2572 tot
1208 2511 1355 2572 cladibus
1377 2530 1415 2571 ac
1432 2509 1631 2590 pestilentiis

434 2595 645 2658 vehementer
658 2598 877 2669 imminutam,
886 2615 989 2675 eoque
1000 2598 1161 2656 iacturam
1171 2595 1256 2655 hanc
1271 2612 1331 2673 pro
1345 2599 1406 2655 tna
1413 2593 1499 2654 virili
1509 2595 1631 2656 sarcire

433 2679 546 2740 niteris
562 2680 618 2741 οὐκ
632 2678 705 2741 ἄνευ
720 2678 858 2760 Θήσεως,
874 2679 934 2741 hoc
949 2684 1009 2751 est,
1025 2678 1206 2739 auxiliante
1219 2697 1280 2757 pro
1302 2697 1361 2738 sua
1381 2677 1531 2738 muliebri
1552 2696 1629 2757 por-

432 2762 522 2824 tione
536 2782 623 2825 noua
637 2769 752 2842 nupta.
795 2762 962 2825 Nonnulla
981 2781 1055 2841 spes
1076 2767 1137 2832 est,
1152 2760 1299 2823 inducias
1319 2762 1405 2822 inter
1425 2758 1631 2824 Christianos

433 2847 625 2908 monarchas
639 2853 674 2908 et
688 2848 775 2908 inter
788 2846 968 2908 Turcarum
983 2846 1219 2924 Imperatorem
1229 2844 1382 2905 coituras.
1404 2843 1504 2905 Italia
1513 2845 1630 2923 quieta

387 2958 419 3008 25
432 2935 492 2991 est.
535 2928 617 2992 Cum
645 2928 753 2993 Gallia
780 2930 874 2993 nobis
902 2935 953 2991 est
981 2929 1163 2990 arctissima
1190 2927 1403 2990 necessitudo.
1446 2927 1629 3008 Negocium

432 3013 659 3075 Britannicum
683 3014 797 3075 multis
821 3014 1015 3075 coniecturis
1044 3031 1186 3092 auguror
1214 3012 1306 3073 breui
1333 3013 1416 3073 citra
1443 3010 1629 3074 tumultum

431 3099 649 3176 compositum
672 3099 721 3158 iri.
765 3098 925 3178 Hispania
950 3094 1123 3177 μαλακίζει.
1167 3093 1201 3156 Si
1223 3093 1430 3156 Germaniam
1454 3094 1496 3155 ab
1525 3097 1628 3157 armis

431 3180 644 3259 tranquillam
658 3180 779 3242 habere
793 3180 914 3255 licebit,
930 3199 1003 3261 spes
1018 3184 1069 3240 est
1083 3179 1173 3240 aurei
1187 3178 1295 3239 seculi.
1333 3177 1422 3240 Vale.

472 3264 521 3325 Id.
534 3264 660 3325 Martiis
671 3264 820 3345 Friburgi
835 3263 999 3344 Brisgoiae
1013 3263 1110 3324 Anno
1125 3283 1146 3324 a
1159 3260 1289 3323 Christo
1303 3267 1393 3323 nato.
1409 3278 1579 3323 ranam.

759 3605 858 3666 2454.
906 3599 1082 3666 Tolous
1106 3600 1290 3667 Vnsrrsrr.

465 3730 606 3786 Brussels
618 3729 683 3786 Ms.
698 3730 742 3785 II.
756 3743 840 3799 3750,
854 3730 876 3784 t.
891 3732 937 3784 28.
1379 3732 1537 3805 Freiburg.

463 3804 495 3861 J.
510 3822 541 3876 p.
557 3819 627 3873 115:
648 3805 689 3860 Κ.
704 3822 735 3876 p.
751 3821 822 3873 123:
842 3805 882 3859 N.
896 3822 927 3876 p.
944 3820 1033 3876 1041:
1330 3821 1364 3874 15
1377 3808 1486 3864 March
1501 3823 1582 3878 1531.

501 3880 600 3935 Lond.
613 3879 698 3935 xxvi.
713 3892 766 3949 37:
787 3881 852 3935 LB.
868 3892 951 3948 1171.

460 3999 532 4060 [The
548 3999 734 4064 manuscript,
752 3999 783 4048 in
802 4000 853 4049 the
872 3998 1072 4064 Bibliotheque
1089 3999 1198 4063 Royale
1215 4001 1245 4050 in
1261 4001 1399 4061 Bmssels,
1417 4002 1441 4052 is
1457 4002 1572 4053 written
1592 4003 1624 4054 in

425 4081 444 4115 a
458 4066 581 4116 crabbed
593 4066 664 4116 xviv.
679 4065 817 4130 (possibly
828 4066 910 4115 xviia.
922 4066 1045 4127 archaic)
1057 4066 1143 4124 hand,
1156 4068 1311 4118 inscribed:
1331 4068 1435 4134 ‘Copia
1446 4084 1482 4118 ex
1494 4069 1623 4133 originali

425 4132 537 4182 Erasmi
548 4132 670 4197 epistola
684 4149 702 4182 a
716 4148 763 4182 me
777 4131 921 4197 descripta
934 4133 1031 4182 Leodii
1042 4133 1073 4182 in
1084 4150 1199 4184 musaeo
1211 4135 1317 4184 domini
1329 4135 1443 4185 Henrici
1456 4135 1491 4185 ds
1502 4135 1622 4186 Vlstten

425 4198 493 4250 Gan.
512 4198 644 4249 Ieodieil.
662 4205 692 4250 et
709 4200 847 4265 prepositi
865 4198 985 4264 Aquod!
1021 4201 1061 4250 At
1078 4200 1128 4251 the
1146 4201 1202 4250 end
1219 4201 1249 4251 oi
1271 4202 1321 4251 the
1341 4202 1426 4253 letter
1445 4203 1469 4252 is
1488 4203 1620 4254 written:

426 4265 586 4331 ‘Sigillum
608 4265 693 4317 iacies
709 4281 743 4316 ac
760 4273 849 4332 caput
865 4267 999 4317 crinitum
1015 4266 1185 4331 inscriptum
1201 4268 1231 4317 in
1248 4269 1474 4319 circumferentia
1491 4269 1573 4334 sigilli
1590 4270 1621 4321 in

424 4333 549 4383 rotundo
564 4332 714 4398 marginis:
732 4333 803 4383 nulli
816 4333 885 4383 cedo
897 4338 927 4383 et
938 4333 968 4383 in
979 4339 1094 4398 pectore
1105 4333 1175 4384 dicti
1185 4335 1303 4399 ospitis:
1322 4335 1488 4386 Terminus!
1522 4335 1622 4387 Lower

424 4400 508 4450 down
524 4414 634 4450 comes:
659 4399 765 4450 ‘Beate
781 4400 914 4450 ciuitates
931 4399 980 4450 vbi
997 4415 1055 4450 non
1070 4407 1212 4465 regnat..
1229 4402 1355 4452 .Doctor
1372 4403 1463 4453 Faber
1480 4403 1621 4454 Inuentor

424 4466 621 4532 Inquisitionis
632 4466 787 4531 Hispanico
798 4466 966 4525 Erasmiani,
979 4466 1135 4517 Lutherani
1149 4472 1179 4517 et
1193 4466 1369 4518 Geminiani)
1404 4468 1464 4518 The
1477 4469 1578 4534 Henry
1589 4472 1621 4521 ot

423 4533 542 4585 Vlatten
553 4533 717 4584 mentioned
727 4533 758 4583 in
769 4533 819 4583 the
830 4533 998 4597 inscription
1009 4533 1033 4582 is
1044 4532 1145 4597 Henry
1156 4533 1191 4582 de
1198 4532 1319 4593 merone,
1327 4536 1391 4584 who
1402 4536 1516 4585 became
1527 4551 1619 4588 canon

424 4601 454 4651 ot
465 4601 549 4666 Liege
562 4603 635 4663 1563,
647 4599 705 4649 and
716 4599 922 4664 subsequently
932 4603 1051 4664 provost
1062 4599 1093 4649 oi
1105 4599 1360 4666 Aix·la·Chapelle:
1379 4601 1435 4664 †1o
1447 4602 1520 4652 Nov.
1535 4606 1581 4653 162
1584 4617 1609 4667 5.

455 4762 530 4812 245³.
549 4776 573 4812 2.
592 4764 779 4828 101111]Αᾶ07.
795 4768 850 4815 161.
1044 4767 1152 4820 elected
1170 4783 1185 4831 5
1202 4769 1268 4819 Jan.
1290 4783 1351 4833 1531
1370 4769 1428 4820 and
1443 4770 1573 4821 crowned
1587 4786 1618 4835 13

458 4842 498 4892 17.
516 4828 709 4893 depontanns]
727 4832 815 4895 Adcq.
836 4846 895 4896 437,
912 4832 992 4885 Paul.
1043 4835 1110 4886 Jan.

422 4894 467 4946 lix
483 4895 565 4956 Fert..
583 4913 612 4963 p.
630 4901 665 4949 66
682 4897 846 4962 (Lindsay);
863 4899 900 4948 ci.
917 4900 992 4966 Epp.
1077 4915 1119 4953 22.
1137 4900 1184 4952 οὐκ
1195 4900 1263 4965 ἄνευ]
1275 4903 1362 4966 Adug.
1374 4915 1434 4967 ⁴²7·

424 4964 497 5012 1062.
510 4977 573 5027 5711,
588 4966 661 5030 1804.
676 4979 733 5030 114,
746 4968 821 5028 2516.
834 4967 910 5017 8-11.
1077 4983 1120 5032 23.
1138 4985 1214 5020 noua
1234 4970 1338 5035 nupta]
1356 4969 1402 5020 He
1418 4984 1477 5021 was
1494 4971 1617 5022 married

459 5041 497 5090 19.
516 5030 580 5080 Rex
614 5031 819 5094 Romanorum]
856 5033 902 5083 He
936 5049 995 5086 was
1044 5036 1163 5098 in1529.
