4042 5900
475 625 517 688 34
802 625 1001 689 LETTERS
1023 623 1079 688 OF
1099 624 1306 689 ERASMUS
1582 633 1686 710 [1530

473 785 567 859 solet,
582 786 709 847 maria?
730 785 810 861 Quis
824 785 945 847 Aeolus
959 791 1031 847 tam
1045 786 1246 865 impotentes
1264 786 1375 848 emisit
1388 792 1507 850 ventos
1521 789 1583 868 qui

1058 868 1152 930 velut
1166 869 1296 949 agmine
1309 870 1410 943 facto,

640 951 712 1025 Qua
726 952 807 1013 data
821 958 926 1032 porta,

471 1042 708 1116 procurrentes,

411 1140 457 1189 ¹35
639 1118 821 1180 Incubuere
836 1120 928 1191 mari,
944 1124 1120 1197 totumque
1134 1138 1155 1180 a
1170 1118 1302 1179 sedibus
1317 1120 1391 1180 imis

637 1202 710 1263 Vna
724 1202 898 1280 Eurusque
912 1201 1085 1281 Notusque
1100 1208 1213 1276 ruunt,
1228 1202 1406 1282 creberque
1421 1203 1574 1282 procellis

637 1285 808 1365 Aphricus.

635 1368 827 1447 Insequitur
840 1369 1029 1447 clamorque
1042 1370 1160 1441 virum,
1176 1375 1238 1430 etc.

469 1451 562 1512 Vnde
578 1450 788 1531 Typhonicus
807 1451 882 1512 vela
901 1452 1092 1524 dilacerans,
1108 1452 1265 1512 rudentes
1279 1452 1488 1533 abrumpens,
1504 1461 1674 1520 antennas

408 1556 456 1606 140
469 1553 507 1595 ac
522 1535 625 1596 malos
640 1535 853 1614 distringens?
878 1535 972 1596 Vnde
987 1535 1113 1596 densim
1128 1537 1332 1596 incurrentes
1347 1536 1467 1597 fluctus
1482 1537 1671 1616 decumani,

468 1623 596 1679 certum
619 1620 757 1680 exitium
786 1619 950 1679 minantes
980 1619 1154 1679 omnibus?
1192 1617 1349 1697 Oportuit
1373 1621 1461 1681 enim
1486 1620 1670 1687 immanem

467 1701 567 1761 fuisse
582 1707 824 1780 tempestatem,
840 1720 925 1780 quae
939 1702 1001 1762 tibi
1017 1707 1087 1762 tam
1102 1701 1254 1781 vigilanti
1268 1702 1423 1764 nauclero
1437 1709 1473 1765 et
1487 1703 1625 1768 clauum
1635 1715 1672 1771 et

466 1784 561 1845 funes
577 1786 755 1846 excusserit
769 1805 788 1846 e
803 1785 964 1858 manibus,
980 1786 1103 1863 vixque
1118 1784 1253 1846 tandem
1276 1784 1410 1864 obliquo
1431 1806 1530 1849 cursu
1549 1809 1668 1869 perne.

466 1869 552 1928 neris
570 1887 609 1929 eo
628 1888 694 1947 quo
714 1868 906 1930 destinaras.
950 1868 1114 1947 Equidem
1140 1867 1319 1929 delectauit
1341 1888 1393 1930 me
1414 1870 1449 1930 in
1470 1870 1604 1947 litteris,
1621 1876 1669 1937 mi

405 1970 452 2021 145
465 1949 635 2024 Germane,
651 1953 718 2013 tuis
732 1953 852 2031 ingenii
867 1952 917 2012 tui
932 1950 1080 2016 δείνωσις.
1104 1951 1226 2012 Verum
1241 1950 1298 2011 vbi
1307 1952 1483 2014 verborum
1498 1956 1667 2034 grandilo-

465 2036 634 2112 quentiam
649 2034 692 2095 ad
706 2055 774 2096 rem
789 2034 931 2106 confero,
947 2036 1004 2095 vix
1025 2041 1122 2095 teneo
1140 2035 1252 2107 risum,
1269 2035 1447 2115 videorque
1467 2038 1550 2099 mihi
1568 2040 1664 2119 quid·

464 2117 540 2179 dam
570 2118 676 2198 legere
701 2116 767 2179 don
792 2118 949 2179 dissimile
975 2116 1283 2196 βατραχομυομαχίᾳ.
1327 2118 1380 2178 Ex
1408 2126 1479 2181 tam
1508 2121 1666 2187 inanibus

463 2200 618 2281 ampullis
633 2208 745 2263 tantos
760 2202 909 2262 turbines
923 2208 1038 2262 tantas
1053 2221 1161 2262 rerum
1177 2200 1336 2280 procellas
1351 2203 1513 2265 existere?

506 2284 578 2345 Iam
593 2304 677 2363 quae
693 2285 733 2345 de
749 2285 879 2346 Tusano
900 2284 1024 2356 scribis,
1040 2284 1093 2345 vel
1112 2284 1172 2345 hoc
1190 2285 1321 2345 nomine
1343 2285 1423 2345 mihi
1441 2285 1534 2348 fuere
1553 2295 1663 2369 grata,

401 2384 449 2434 150
462 2366 552 2445 quod
567 2367 737 2429 declarant
750 2370 915 2447 ingenium
939 2375 1035 2428 tuum
1055 2367 1236 2428 humanum
1254 2387 1434 2446 amansque
1453 2372 1661 2435 concordiae.

461 2448 526 2512 Sed
550 2451 611 2524 his,
627 2451 716 2530 quod
740 2451 784 2512 ad
809 2471 860 2512 me
886 2451 1019 2529 quidem
1046 2452 1179 2523 attinet,
1201 2449 1283 2510 nihil
1308 2457 1380 2511 erat
1403 2471 1494 2532 opus,
1510 2456 1662 2532 quando·

461 2534 594 2612 quidem
609 2540 719 2596 totum
734 2535 795 2595 hoc
812 2534 853 2595 de
873 2535 1042 2595 versiculis
1059 2553 1192 2613 prorsus
1211 2533 1379 2595 exciderat
1398 2536 1518 2610 animo,
1533 2538 1599 2600 nisi
1622 2546 1662 2603 tn

460 2616 539 2678 dum
562 2616 732 2697 ἀμνηστίαν
752 2617 879 2690 suades,
897 2616 1064 2697 ἀνάμνησιν
1086 2636 1271 2678 reuocasses
1293 2637 1331 2677 ac
1353 2620 1545 2681 memoriam
1568 2622 1662 2686 refri-

459 2702 590 2761 cuisses,
634 2700 716 2762 (lum
731 2701 863 2762 Tusano
878 2700 969 2761 nulla
984 2701 1065 2762 mihi
1080 2702 1264 2761 intercessit
1279 2720 1425 2779 vnquam
1436 2701 1657 2782 familiaritas,

398 2799 445 2850 155
459 2803 518 2844 nec
536 2784 621 2845 alter
641 2784 738 2845 alteri
757 2785 914 2864 priuatim
936 2785 1005 2846 vllo
1028 2784 1184 2845 beneficio
1205 2784 1385 2859 obstrictus
1406 2792 1466 2860 est,
1482 2788 1546 2848 nisi
1567 2792 1661 2869 qnod

458 2866 542 2927 bene
556 2867 709 2928 volebam
725 2868 849 2928 homini
864 2888 967 2945 quum
982 2868 1113 2929 erudito
1133 2874 1205 2928 tum
1226 2866 1330 2928 bonas
1352 2868 1481 2931 litteras
1502 2874 1661 2952 gnauiter

457 2951 662 3030 proueheuti.
686 2952 726 3012 ln
742 2951 791 3012 his
806 2954 961 3031 qnoniam
972 2953 1041 3032 ipse
1053 2953 1103 3013 sui
1114 2951 1279 3012 dissimilis
1290 2971 1357 3013 non
1368 2959 1428 3026 est,
1439 2954 1495 3015 aed
1506 2958 1660 3034 quotidie

457 3036 599 3114 seipsum
614 3042 756 3114 superat,
772 3035 841 3096 fieri
855 3055 922 3096 non
937 3042 1049 3115 potest
1063 3036 1144 3114 quin
1158 3054 1250 3096 meae
1270 3035 1371 3096 etiam
1392 3037 1428 3096 in
1447 3036 1541 3098 illum
1557 3040 1657 3103 bene·

457 3117 622 3179 uolentiae
637 3138 764 3198 semper
783 3119 918 3180 accedat
937 3119 1072 3197 aliquid.
1118 3119 1229 3191 Porro,
1245 3137 1345 3197 quam
1366 3139 1433 3180 non
1453 3121 1657 3188 intenderim

395 3205 443 3252 ¹60
456 3202 602 3262 animum
628 3201 671 3263 ad
697 3203 909 3274 simultatem,
937 3202 988 3262 vel
1015 3202 1097 3262 illud
1123 3203 1232 3280 arguit
1257 3203 1347 3280 quod
1371 3203 1484 3264 amicis
1510 3206 1568 3284 qui
1598 3210 1655 3272 vel

455 3303 602 3345 rumores
621 3284 674 3345 vel
692 3285 726 3345 id
742 3305 844 3365 genus
862 3286 1054 3365 suspicionis
1074 3285 1118 3346 ad
1140 3305 1193 3345 me
1214 3285 1461 3365 perscribebant
1480 3287 1566 3351 adeo
1583 3309 1654 3354 non

454 3368 505 3446 egi
532 3369 656 3447 gratias
685 3374 724 3428 vt
753 3369 971 3447 obiurgandos
1000 3369 1101 3429 etiam
1130 3368 1285 3448 putarim,
1308 3368 1397 3447 quod
1426 3372 1657 3448 quorumlibet

454 3450 645 3512 tabularum
659 3471 755 3512 voces
769 3458 830 3512 ant
843 3452 1146 3531 grammatistarum
1162 3452 1296 3512 naenias
1309 3452 1353 3513 ad
1362 3471 1414 3513 me
1425 3453 1654 3521 mitterentad

453 3533 534 3594 nihil
549 3534 648 3595 vtiles
662 3536 724 3595 nisi
739 3535 782 3596 ad
796 3535 958 3613 gignenda
972 3534 1155 3614 alendoque
1173 3534 1315 3595 dissidia.
1361 3534 1530 3597 Tusanum
1550 3558 1652 3602 excu-

392 3621 439 3681 165
453 3618 533 3690 saui,
549 3618 638 3696 quod
653 3637 705 3678 me
721 3620 754 3678 in
769 3617 902 3697 publica
920 3618 1121 3696 professione
1139 3637 1255 3698 parum
1276 3619 1389 3691 amice,
1405 3625 1443 3680 vt
1465 3621 1542 3699 ipsis
1558 3622 1651 3686 vide·

452 3699 561 3773 batur,
587 3701 769 3780 attigisset3
801 3701 880 3761 item
910 3701 950 3761 de
979 3701 1115 3761 Budaeo
1137 3707 1264 3761 testans
1287 3721 1339 3762 me
1364 3701 1489 3763 nullam
1513 3707 1652 3770 omnino

451 3785 666 3864 suspicionem
681 3786 714 3844 in
731 3790 846 3862 pectus
859 3803 969 3845 meum
984 3803 1079 3864 posse
1094 3784 1277 3856 demittere,
1289 3803 1373 3862 quae
1385 3785 1456 3846 viro
1468 3791 1649 3865 constanti,

450 3868 563 3946 probo,
583 3868 691 3940 docto,
712 3867 851 3945 denique
873 3867 1016 3941 Budaeo,
1039 3868 1083 3928 sit
1105 3866 1248 3946 indigna.
1286 3867 1371 3940 Quid
1395 3868 1533 3930 multis?
1567 3870 1650 3936 Tale

450 3948 515 4011 luit
536 3970 638 4031 genus
657 3951 844 4012 litterarum
861 3950 905 4011 ad
921 3950 995 4011 illos
1018 3969 1165 4011 mearum
1184 3957 1224 4010 vt
1245 3950 1360 4011 offensi
1381 3952 1532 4013 nonnulli
1554 3955 1647 4019 vide·

389 4045 436 4096 170
449 4039 550 4095 antur
569 4035 603 4094 in
625 4040 735 4095 totum
756 4054 777 4094 a
798 4034 984 4095 litterarum
1010 4035 1115 4095 officio
1138 4034 1311 4106 abstinere,
1334 4040 1467 4095 tantum
1490 4036 1587 4098 abest
1606 4046 1648 4102 vt

449 4117 641 4196 cuiusquam
664 4137 796 4196 operam
815 4117 1027 4197 implorarim,
1043 4118 1100 4196 qui
1122 4117 1288 4177 maledicis
1311 4118 1478 4178 versiculis
1499 4120 1646 4185 vicissim

448 4200 482 4260 in
496 4199 569 4260 illos
584 4200 730 4273 luderet;
753 4201 887 4261 tametsi
901 4220 968 4261 non
983 4200 1120 4261 deerant
1132 4202 1188 4279 qui
1200 4201 1261 4260 hoc
1270 4207 1305 4261 et
1316 4200 1440 4261 vellent
1450 4206 1485 4262 et
1496 4212 1644 4281 possent.

447 4283 482 4344 Is
496 4303 572 4344 vere
587 4285 676 4363 pacis
690 4303 805 4344 amans
824 4285 949 4363 estqui
968 4283 1145 4344 submouet
1166 4283 1208 4344 ab
1226 4284 1328 4344 oculis
1346 4289 1381 4345 et
1397 4284 1532 4346 auribus
1551 4289 1644 4366 quic·

447 4366 527 4445 quid
541 4367 732 4427 imminuere
748 4367 1010 4428 beneuolentiam
1026 4368 1139 4447 possit.

386 4460 433 4511 175
488 4449 561 4510 Ηοο
576 4449 652 4511 fuco
665 4449 739 4510 illos
754 4450 964 4511 deterrendos
978 4451 1175 4523 existimaui,
1188 4469 1291 4528 quum
1304 4450 1374 4510 eius
1385 4451 1510 4530 negocii
1518 4460 1643 4532 myste-

446 4533 495 4593 ria
509 4533 616 4594 multo
630 4533 750 4594 rectius
764 4535 868 4593 norim
883 4552 982 4612 quam
998 4534 1176 4613 opinantur
1187 4533 1333 4612 plerique
1346 4555 1353 4606 ;
1377 4534 1433 4594 sed
1448 4535 1537 4597 malo
1551 4539 1644 4615 quod

445 4617 512 4677 scio
526 4617 658 4677 nescire.
701 4615 790 4677 Illud
805 4622 917 4677 tamen
931 4618 1070 4697 ingenue
1084 4617 1200 4688 fateor,
1217 4635 1269 4676 me
1283 4636 1304 4676 a
1318 4615 1487 4678 Gallorum
1502 4619 1643 4699 ingeniis

445 4698 631 4778 plusculum
645 4705 835 4778 expectasse
849 4701 1025 4779 grauitatis
1040 4706 1074 4761 et
1088 4699 1238 4760 candoris
1250 4718 1349 4777 quam
1360 4700 1407 4760 ibi
1418 4701 1641 4781 declarammt,

496 4821 553 4872 132.
571 4808 651 4859 velut
661 4807 792 4857 JN²LB:
811 4809 881 4859 velit
892 4809 933 4858 Nl
944 4809 1032 4859 Laud.
1130 4822 1175 4872 141
1194 4808 1223 4857 N
1232 4826 1238 4857 :
1256 4809 1367 4858 exitum
1378 4810 1545 4861 minitantes
1555 4812 1588 4863 J.

477 4937 533 4986 131.
552 4923 888 4989 AeoluaJGl.Verg.Aen.
903 4939 925 4975 1.
938 4927 1013 4990 82-7.
1100 4938 1156 4989 149.
1174 4924 1299 4986 Tusano]
1317 4924 1368 4976 See
1384 4926 1460 4992 Epp.
1482 4941 1557 4993 ²³40·
1575 4933 1642 4994 ⁶51¹·

477 5004 533 5055 140.
552 4991 711 5053 decumani]
724 4991 813 5056 Adcp.
826 4993 900 5057 3854.
1067 5005 1157 5051 roo-1,
1169 5006 1245 5056 2421,
1257 5006 1332 5055 2422.
1345 4994 1422 5055 78—9.
