4042 5900
432 650 492 712 lou
757 651 1259 717 muruasoraausuus
1536 655 1630 733 [1531

430 809 510 870 dum
530 811 710 872 autoritate
729 810 848 873 Leonis
865 811 1034 873 Pontificis
1053 812 1190 873 maximi
1209 810 1380 874 dissidium
1401 812 1491 873 inter
1506 809 1633 874 Galliae

431 893 687 971 Britanniaeque
701 894 808 973 Reges
822 900 1042 975 componeret.
1071 894 1264 957 Admiratus
1278 914 1351 957 sum
1359 896 1527 975 ingenium
1536 895 1632 975 longe

385 994 418 1046 35
431 975 685 1051 dexterrimum;
707 978 904 1057 singularem
918 998 997 1040 vero
1011 980 1046 1039 in
1060 997 1113 1039 me
1127 979 1284 1052 fauorem,
1295 998 1393 1058 quem
1403 986 1440 1039 et
1450 984 1525 1040 tum
1540 998 1632 1058 prae-

431 1061 518 1120 senti
532 1066 567 1121 ct
583 1079 659 1120 mox
679 1061 809 1122 absenti
829 1081 887 1142 por
908 1062 1038 1123 litteras
1057 1061 1263 1141 significauit,
1278 1061 1492 1124 vehementer
1509 1064 1630 1124 amaui.

431 1142 613 1204 Fortunam
629 1163 728 1222 quam
743 1146 824 1205 mihi
839 1152 911 1206 tum
931 1144 1020 1206 illius
1039 1144 1160 1206 detulit
1179 1146 1372 1224 benignitas,
1387 1144 1496 1207 multo
1510 1145 1633 1207 rectius

431 1227 467 1288 in
482 1233 516 1288 te
532 1226 727 1288 collocatam
743 1229 905 1290 existimo.
950 1228 1147 1307 Quanquam
1162 1229 1234 1289 istis
1248 1229 1430 1289 virtutibus
1447 1230 1507 1307 qui
1519 1235 1633 1309 posset

431 1309 543 1371 deesse
558 1310 716 1372 fortuna?
738 1310 883 1373 Tantum
899 1312 1062 1373 orandum
1081 1319 1133 1373 est
1152 1331 1193 1372 ne
1207 1331 1246 1373 ea
1264 1317 1298 1372 te
1315 1310 1437 1373 obruat
1453 1312 1632 1386 inundans,

384 1419 419 1470 40
431 1413 514 1455 neue
528 1414 549 1455 a
563 1394 681 1455 studiis
693 1395 811 1456 auulso
825 1396 886 1457 tibi
901 1415 1035 1457 manum
1049 1396 1183 1456 iniiciat.

473 1476 569 1550 Quod
594 1477 752 1540 aduersus
777 1479 937 1558 quosdam
962 1478 1193 1557 φιλολοιδόρους
1214 1479 1294 1540 mihi
1315 1486 1488 1541 strenuum
1514 1478 1634 1559 hyper-

431 1562 578 1640 aspisten
593 1559 804 1640 praestiteris,
821 1564 968 1623 animum
984 1563 1118 1641 quidem
1132 1570 1229 1623 tuum
1243 1562 1432 1630 exosculor:
1463 1568 1636 1623 caeterum

431 1644 553 1706 nollem
565 1651 685 1706 tecum
697 1646 759 1707 hoc
774 1646 943 1707 bominum
954 1665 1071 1725 genere
1085 1647 1284 1726 pertinacius
1292 1646 1501 1719 contendere,
1512 1664 1556 1706 ne
1566 1664 1636 1707 non

432 1728 531 1788 modo
552 1747 619 1789 non
642 1730 765 1803 vincas,
785 1731 1002 1791 verumetiam
1023 1731 1058 1790 in
1080 1749 1133 1791 me
1155 1749 1286 1808 quoque
1306 1729 1424 1791 reddas
1443 1729 1636 1791 iritatiores.

386 1834 418 1887 ⁴⁵
432 1810 549 1871 Melius
557 1811 708 1873 desinent
716 1813 843 1885 defessi,
853 1812 946 1873 nullo
954 1813 1148 1874 reluctante.
1175 1813 1275 1875 Multi
1282 1815 1488 1893 resipiscunt,
1497 1813 1637 1874 tametsi

432 1895 591 1974 quosdam
601 1895 704 1974 pudet
713 1896 820 1957 fateri.
851 1896 947 1957 Nunc
956 1896 1048 1958 aliud
1056 1897 1177 1957 lemma
1185 1898 1371 1976 quaesitum
1380 1902 1449 1958 est:
1465 1916 1519 1957 me
1528 1897 1638 1958 totius

432 1977 529 2039 huius
538 1979 724 2057 tragoediae
733 1981 942 2041 seminarium
952 1981 1139 2060 praebuisse
1147 1982 1311 2042 iactitant.
1327 1980 1522 2042 Istiusmodi
1531 1998 1638 2059 genus

432 2062 650 2123 animantium
665 2082 792 2143 semper
803 2064 920 2125 habuit
930 2065 1083 2138 mundus,
1098 2084 1289 2144 semperque
1299 2064 1472 2125 habiturus
1480 2070 1543 2124 est.
1571 2061 1638 2124 Sed

433 2146 557 2225 regium
572 2152 624 2206 est
638 2146 723 2207 male
738 2147 862 2220 audire,
872 2167 976 2226 quum
990 2148 1073 2209 bene
1088 2148 1211 2209 leceris.
1242 2147 1331 2209 Illud
1345 2148 1439 2209 nobis
1448 2145 1636 2208 curandum

387 2233 484 2300 soest
506 2235 554 2302 vt,
580 2230 707 2290 omissis
731 2231 953 2302 crabronibus,
977 2233 1064 2293 inter
1089 2232 1250 2292 bonarum
1276 2232 1462 2292 litterarum
1487 2229 1637 2291 cultores

433 2319 563 2373 constet
591 2313 830 2375 beneuolentia.
874 2313 961 2375 Nam
989 2322 1025 2376 ct
1053 2315 1138 2376 hanc
1167 2313 1274 2375 Italus
1302 2333 1388 2375 vnus
1416 2321 1519 2393 atque
1547 2312 1637 2374 alter

433 2401 574 2456 conatur
595 2396 754 2458 dirimere.
798 2397 853 2458 Ita
872 2398 980 2459 solent
1002 2399 1060 2477 qui
1077 2399 1287 2477 tyrannidem
1305 2398 1474 2471 affectant,
1491 2397 1636 2458 aliorum

434 2477 574 2540 dissidiis
588 2499 665 2540 suas
679 2500 796 2560 augere
814 2482 909 2542 vires.
954 2480 1050 2555 Quod
1067 2483 1190 2542 attinet
1205 2481 1247 2542 ad
1262 2485 1456 2561 perpetuam
1471 2481 1559 2541 inter
1573 2498 1637 2541 nos

433 2563 622 2636 amicitiam,
646 2565 735 2643 apud
758 2583 810 2624 me
836 2564 968 2643 quidem
991 2564 1104 2625 Brixio
1126 2584 1185 2626 nec
1210 2564 1323 2625 obside
1346 2583 1405 2625 nec
1427 2570 1513 2624 teste
1532 2563 1638 2624 luerit

387 2665 421 2716 55
434 2664 526 2724 opus,
550 2653 766 2726 posteaquam
789 2654 823 2708 te
845 2647 968 2709 tabulis
990 2648 1171 2727 obsignatis
1193 2649 1367 2709 astrictum
1389 2647 1504 2709 babeo.
1549 2645 1636 2707 Volo

434 2736 547 2790 autem
576 2736 612 2791 ct
637 2731 722 2791 hanc
747 2731 920 2810 epistolam
950 2732 995 2792 sic
1024 2738 1214 2811 extempore
1243 2750 1316 2792 mea
1345 2732 1501 2811 scriptam
1531 2748 1637 2791 manu

434 2812 640 2894 chirographi
668 2814 805 2893 legitimi
830 2815 960 2895 pondus
985 2815 1115 2876 babere.
1159 2814 1357 2894 Acceperam
1381 2815 1524 2875 Danesio
1546 2812 1636 2874 dele·

434 2903 547 2977 getam
570 2898 772 2977 prouinciam
794 2896 915 2960 Graece
939 2898 1124 2979 profitendi,
1151 2899 1212 2960 nisi
1235 2898 1321 2961 lorte
1345 2898 1412 2961 duo
1434 2897 1638 2979 professores

434 2983 492 3041 vni
513 2981 643 3060 linguae
664 2983 828 3062 designati
851 2990 939 3044 sunt.
983 2982 1017 3045 Si
1040 2983 1120 3062 quid
1145 2983 1240 3044 laesit
1263 2983 1452 3062 epistolium
1477 2980 1638 3050 aeditum,

387 3073 422 3121 60
435 3065 490 3125 isti
513 3084 620 3125 nacuo
641 3065 737 3126 lacile
759 3066 972 3127 medebimur.
1018 3067 1213 3145 Pergratum
1236 3068 1308 3140 erit,
1331 3068 1359 3127 s‘i
1381 3067 1572 3146 frequenter
1592 3064 1640 3126 ad

434 3166 494 3209 nos
509 3148 683 3227 scripseris.
727 3150 816 3210 Bene
830 3151 914 3223 vale,
930 3152 981 3211 vir
994 3151 1132 3211 amiciss.

476 3231 625 3311 Friburgi
640 3233 813 3313 Brisgoiae.
829 3251 879 3295 111.
895 3233 1004 3295 Galen.
1021 3233 1138 3295 Febru.
1157 3248 1246 3311 1531.

703 3433 861 3499 ²⁴⁰⁵2422.
908 3434 961 3499 To
977 3430 1184 3498 Guauuuus
1199 3433 1367 3499 Barxrus.

474 3560 634 3634 Epistolae
647 3562 790 3617 Floridae
803 3580 834 3635 p.
849 3564 895 3617 80.
1373 3561 1531 3633 Freiburg.

473 3638 536 3767 KL
529 3653 565 3766 {3
569 3653 611 3767 ‚91²
608 3727 646 3779 09
649 3638 689 3767 ii
703 3655 733 3710 p.
751 3653 841 3707 10153
861 3638 959 3694 Lond.
974 3639 1058 3693 xxvi.
1076 3655 1128 3711 14:
1302 3652 1339 3707 30
1351 3636 1497 3708 January
1513 3651 1597 3706 1531.

470 3831 558 3893 [That
576 3832 626 3882 the
643 3832 792 3896 year-date
808 3833 833 3882 is
850 3833 987 3897 correctly
1004 3834 1088 3899 given
1109 3834 1148 3897 by
1168 3833 1188 3884 J
1205 3833 1263 3882 and
1283 3832 1313 3882 K
1330 3847 1421 3883 seems
1437 3832 1546 3882 certain
1563 3830 1642 3883 from

437 3898 492 3964 Ep.
504 3913 581 3963 2405,
597 3899 689 3950 which
707 3900 731 3949 is
746 3916 784 3949 an
800 3899 918 3964 original
933 3899 1027 3959 letter,
1042 3901 1187 3951 corrected
1201 3901 1240 3965 by
1256 3900 1371 3950 Brixius
1384 3898 1499 3949 himseli
1515 3898 1642 3964 (though

437 3967 608 4096 mag
623 3983 641 4017 a
658 3968 828 4032 secretary);
845 3981 878 4016 as
894 3966 956 4016 well
970 3982 1002 4017 as
1017 3968 1090 4018 irom
1104 3968 1249 4018 Erasmus'
1267 3967 1409 4017 reference
1424 3971 1455 4016 to
1470 3965 1515 4015 his
1530 3965 1640 4026 illusas,

761 4150 855 4195 ERAS.
872 4150 947 4196 RO'I'.
963 4150 1130 4196 sumno
1145 4149 1264 4195 samo
1279 4149 1305 4195 S.

480 4250 643 4321 Eovrnuu
665 4251 727 4312 tibi
749 4252 897 4330 gratulor
914 4253 996 4313 istos
1014 4252 1083 4312 dies
1103 4257 1174 4312 tam
1195 4251 1351 4312 candidos
1371 4256 1507 4329 tamque
1528 4250 1641 4329 auspi·

438 4341 530 4395 catos
542 4335 698 4407 euenisse,
708 4336 828 4414 quibus
838 4336 976 4396 abfuisti
987 4336 1121 4396 Lutetia
1134 4357 1140 4396 :
1157 4336 1291 4395 tametsi
1302 4335 1396 4396 nobis
1407 4341 1477 4395 tam
1489 4333 1642 4396 diutinus

438 4436 581 4479 secessus
596 4423 675 4478 tuus
689 4438 756 4479 non
771 4419 837 4480 leui
852 4419 953 4480 luerit
967 4419 1193 4491 incommodo;
1217 4437 1284 4479 non
1296 4425 1429 4479 tantum
1439 4418 1482 4478 ob
1493 4417 1537 4490 id,
1547 4418 1641 4497 quod

438 4502 569 4563 interim
584 4500 704 4562 litteris
720 4503 796 4575 tuis,
812 4503 892 4563 mihi
907 4522 1035 4582 semper
1054 4502 1303 4575 iucundissimis,
1320 4501 1385 4562 frui
1404 4520 1470 4562 non
1492 4500 1641 4573 daretur,

409 4614 425 4665 5
438 4586 655 4647 verumetiam
667 4586 756 4664 quod
767 4588 936 4665 negocium
946 4587 986 4648 de
998 4585 1233 4666 chrysostomo
1242 4585 1410 4657 vertendo,
1423 4584 1513 4663 quod
1524 4582 1642 4645 multis

438 4668 479 4730 de
508 4669 614 4730 causis
643 4674 848 4730 maturatum
878 4671 1100 4749 cupiebamus,
1124 4670 1188 4730 huc
1217 4688 1321 4748 vsque
1345 4673 1558 4748 prorogatum
1584 4669 1640 4729 sit.

472 4821 548 4871 2421.
566 4823 642 4885 46-7.
662 4836 708 4871 me
738 4857 745 4870 .
776 4856 784 4870 .
814 4857 821 4870 .
850 4819 1013 4885 tragoediae
1063 4819 1224 4879 olml.51);
1242 4817 1643 4870 forthecourseoiwhichsee

438 4887 631 4949 seminarium]
646 4887 706 4938 The
720 4887 798 4937 main
812 4887 907 4938 theme
921 4887 951 4937 oi
962 4887 1013 4937 the
1063 4887 1118 4952 Ep.
1133 4888 1196 4948 1634
1209 4886 1314 4935 introd.

438 4960 623 5020 controversy
644 4954 773 5006 between
795 4953 932 5004 Erasmus
954 4953 1013 5004 and
1095 4951 1643 5018 49.regium]AsayingoiAntisthenes‚

438 5020 574 5074 Albertus
590 5021 659 5074 Pius
676 5021 724 5085 (cl.
738 5021 831 5073 Italus
847 5036 919 5072 unus
933 5028 1014 5086 utque
1062 5021 1118 5073 but
1129 5035 1175 5072 see
1186 5019 1261 5085 Epp.
1277 5020 1349 5084 1578.
1362 5033 1435 5084 3on.,
1448 5032 1522 5084 2379.
1535 5018 1619 5085 238n.
