4042 5900
289 695 385 774 2494]
624 693 1160 759 mounnmunsscnnrs
1424 697 1486 759 rec

330 851 435 913 Doleo
448 871 556 913 meam
571 852 743 931 epistolam
758 872 858 933 quam
875 873 917 916 ex
931 873 1041 916 mense
1055 855 1227 917 Decembri
1237 854 1280 917 ad
1289 861 1323 917 te
1334 854 1410 917 dedi
1419 874 1487 917 vna

287 955 363 996 cum
379 934 525 1014 epistolis
540 935 662 997 Molani
676 942 712 997 et
725 936 865 998 Barbirii
876 936 919 999 ad
934 943 968 998 te
982 957 1051 999 non
1064 939 1199 1000 venisse.
1242 939 1312 1018 Ego
1331 938 1515 1006 contendis

288 1038 363 1079 cum
378 1020 583 1097 negociatore
597 1019 834 1098 Argentinensi,
850 1022 904 1082 cui
917 1021 1005 1082 hunc
1015 1021 1208 1082 fasciculum
1218 1020 1388 1083 literarum
1399 1042 1485 1084 com·

287 1103 449 1174 miseram,
470 1109 509 1163 vt
528 1103 647 1163 resciat
666 1122 733 1182 quo
752 1102 930 1166 deuenerit.
973 1103 1050 1166 Non
1063 1111 1115 1166 est
1128 1112 1216 1166 certe
1231 1104 1292 1167 hoc
1306 1105 1485 1167 admodum

288 1185 524 1264 Euangelicum
538 1185 610 1246 aliis
625 1186 770 1247 insidiari
784 1193 819 1248 et
833 1186 957 1249 alienas
970 1189 1162 1268 intercipere
1177 1187 1341 1267 epistolas.

330 1266 527 1347 Scripseram
539 1268 648 1330 tibiea
658 1269 798 1348 epistola
806 1290 859 1331 me
867 1277 940 1332 tum
949 1270 1111 1349 duplicem
1120 1272 1309 1351 pensionem
1321 1291 1342 1333 a
1352 1271 1485 1333 domino

288 1351 435 1412 Iohanne
449 1351 490 1412 de
510 1351 604 1413 Hont
620 1354 800 1432 accepisse;
823 1354 889 1415 iam
906 1353 1115 1415 debebantur
1136 1354 1245 1416 denuo
1266 1354 1360 1416 duae.
1404 1355 1485 1416 Post
1500 1372 1532 1409 10

287 1435 410 1496 festum
424 1434 582 1496 Iohannis
601 1437 809 1515 expetiturus
822 1456 895 1498 sum
910 1442 945 1498 et
959 1443 1181 1517 recaepturus.
1224 1436 1277 1499 Sic
1291 1443 1388 1499 crunt
1404 1456 1483 1517 qua·

288 1523 374 1591 tuor,
390 1525 425 1579 et
439 1517 474 1578 id
487 1518 631 1597 quadrat
647 1520 876 1599 supputationi
897 1526 984 1581 tuae.
1030 1520 1209 1600 Barbyrius
1231 1521 1277 1582 nil
1297 1522 1485 1583 numerauit

287 1601 328 1663 de
342 1621 382 1662 ea
396 1602 549 1681 pensione
563 1621 663 1681 quam
678 1602 758 1663 dicis
772 1602 834 1664 tibi
848 1604 1066 1683 intercepisse.

329 1684 425 1759 Quod
446 1684 648 1746 Ludouicum
669 1684 851 1747 (lectricum
872 1686 982 1748 denno
1002 1685 1282 1748 commendaueris
1302 1688 1336 1748 in
1356 1686 1484 1768 Anglia,

288 1768 370 1829 bene
381 1774 441 1829 est.
485 1767 547 1829 Ille
561 1774 649 1829 certe
663 1787 731 1830 non
744 1769 918 1830 defuturus
932 1775 983 1831 est
997 1789 1057 1831 suo
1073 1770 1188 1831 officio.
1232 1770 1319 1832 Nam
1333 1770 1391 1831 vbi
1404 1771 1485 1850 quid
1500 1787 1530 1836 15

287 1850 335 1912 illi
350 1853 603 1925 numerauerint,
618 1851 733 1913 lubens
747 1853 895 1932 accipiet,
915 1858 950 1914 et
968 1871 1047 1914 mox
1068 1853 1120 1914 hic
1142 1853 1289 1915 dandum
1311 1853 1392 1914 mihi
1413 1873 1483 1934 per·

287 1935 442 1996 mutabit.
486 1934 613 1996 Videris
634 1935 715 1996 mihi
735 1937 932 1997 commisisse
949 1936 995 1997 ibi
1014 1955 1072 2017 per
1085 1935 1240 1997 Grineum
1254 1956 1322 1998 non
1335 1938 1485 1998 insanam

288 2017 498 2090 oblationem,
520 2019 548 2079 si
568 2019 814 2098 acceptauerint
834 2025 869 2080 et
890 2018 1040 2081 dederint
1059 2038 1119 2099 pro
1138 2021 1340 2081 extinctione
1358 2022 1484 2100 pensio·

288 2102 338 2162 nis
356 2101 559 2162 triennalem.
604 2100 746 2179 Reliqua
765 2121 850 2181 quae
867 2102 913 2163 ibi
933 2102 994 2164 dat
1013 2102 1076 2164 tibi
1094 2102 1284 2164 Tonstallus
1302 2109 1338 2164 et
1354 2104 1484 2177 caeteri,

288 2185 390 2263 gratis
404 2191 563 2264 poterunt
577 2185 861 2247 commendatione
875 2186 926 2247 tui
940 2191 1070 2265 praeter
1080 2186 1218 2248 alicuius
1227 2186 1411 2248 molestiam
1427 2206 1485 2266 per
1497 2201 1531 2238 20

288 2267 492 2328 Ludouicum
520 2267 660 2329 faciliter
688 2268 803 2330 haberi
830 2275 865 2330 et
893 2271 1001 2349 recipi.
1046 2269 1116 2349 Ego
1144 2289 1273 2350 semper
1300 2270 1485 2349 suspicatus

288 2370 365 2494 rr
376 2350 1483 2432 ...m

288 2536 322 2578 se
336 2537 358 2577 a
372 2516 549 2591 Ludouico,
563 2524 599 2579 et
613 2519 724 2598 potius
739 2519 856 2580 darent
871 2519 960 2581 vltro
973 2538 1074 2598 quam
1088 2520 1237 2600 expetiti.

331 2601 448 2661 Petrus
466 2600 620 2680 Aegidius
634 2602 753 2663 habuit
766 2601 846 2681 quid
863 2608 940 2663 tuae
961 2603 1118 2683 pecuniae
1136 2602 1226 2681 quod
1248 2601 1401 2676 Quirinus
1419 2623 1485 2665 non
1497 2618 1529 2667 25

288 2685 400 2763 potuit
421 2684 538 2745 abillo
560 2690 764 2764 extorquere.
808 2684 954 2747 Tandem
976 2687 1178 2765 preterimus
1198 2685 1352 2760 Quirinus
1371 2692 1406 2747 et
1424 2705 1484 2765 ego

287 2767 418 2828 fucum:
441 2768 532 2846 quod
556 2767 708 2841 Quirinus
730 2787 796 2829 non
821 2769 963 2830 valuerit
982 2768 1035 2830 hic
1057 2768 1168 2829 herere
1193 2768 1327 2842 diutius,
1349 2775 1384 2829 et
1406 2771 1484 2848 quia

288 2849 373 2911 hanc
395 2852 566 2930 pecuniam
590 2851 741 2913 habuerit
766 2852 817 2913 hic
839 2858 875 2913 et
899 2853 933 2913 in
956 2852 1168 2914 Hollandiam
1191 2858 1252 2913 tuo
1276 2853 1406 2913 nomine
1428 2873 1482 2913 ex·

289 2954 417 3014 ponere,
443 2954 503 3014 ego
524 2955 728 2997 numerarem
753 2933 897 3009 Quirino,
920 2941 955 2997 ct
980 2936 1099 2998 Petrus
1123 2935 1239 2997 deinde
1263 2942 1484 2998 renumeraret

288 3019 531 3098 quamprimum
545 3019 634 3080 mihi.
678 3019 720 3080 Id
734 3021 779 3080 sic
794 3019 960 3099 pollicitus
978 3024 1031 3081 est
1051 3020 1177 3092 Petrus,
1195 3025 1230 3080 et
1247 3018 1387 3080 decessit
1406 3018 1482 3094 Qui·
1496 3033 1530 3083 30

288 3103 388 3163 rinus.
432 3101 505 3163 Iam
533 3102 665 3163 liberius
692 3104 863 3182 exquiram
891 3102 972 3164 mihi
999 3104 1163 3164 numerari
1192 3102 1275 3164 hanc
1301 3104 1482 3183 pecuniam,

288 3203 389 3263 quam
408 3184 464 3245 vbi
485 3204 634 3265 recepero
655 3185 850 3266 subiungam
871 3185 954 3247 aliae
974 3205 1074 3264 quam
1096 3204 1199 3259 seruo,
1221 3185 1417 3265 impleturus
1438 3187 1483 3248 sic

289 3274 383 3329 tuam
399 3269 578 3348 spongiam,
593 3268 696 3330 donec
710 3269 781 3346 (vbi
795 3268 939 3346 libuerit)
954 3270 1148 3330 emunxeris.

332 3351 421 3425 Vale,
436 3353 481 3412 mi
495 3352 629 3414 Erasme
643 3352 839 3425 charissime,
854 3352 906 3413 Ex
920 3352 1104 3432 Antuerpia
1118 3353 1191 3412 xvi·
1205 3351 1283 3413 Maii
1299 3365 1390 3428 1531.

758 3436 849 3496 Tuus
862 3435 1019 3496 Erasmus
1032 3434 1170 3497 Schetus
1184 3454 1284 3496 manu
1298 3436 1439 3514 propria.
1496 3447 1529 3499 35

331 3518 401 3579 Has
416 3537 499 3598 quas
513 3537 579 3579 rna
589 3518 651 3579 hac
666 3519 729 3579 tibi
742 3519 841 3580 mitto
855 3518 1019 3598 epistolas,
1035 3519 1173 3580 tradidit
1183 3517 1264 3578 mihi
1278 3524 1357 3579 tuus
1372 3517 1481 3593 Queri·

287 3621 350 3662 nus
364 3601 426 3663 tibi
440 3602 720 3663 transmittendas.

330 3701 574 3762 Humanissimo
588 3702 719 3763 doctiss.
735 3702 807 3763 viro
820 3702 953 3763 domino
967 3702 1106 3763 Erasmo
1122 3700 1371 3763 Rotterodamo.
1414 3702 1481 3763 Fri·

287 3785 390 3864 burgi.

597 3926 698 3987 2495.
745 3921 799 3987 Το
822 3921 965 3988 Hnnrns
988 3921 1174 3987 scamus.

324 4025 483 4096 Epistolae
496 4025 638 4080 Floridae
654 4041 716 4080 121.
1255 4025 1413 4096 Freiburg.

326 4101 366 4155 K.
380 4117 412 4172 p.
429 4103 499 4155 128:
520 4101 559 4155 N.
574 4117 604 4172 p.
622 4104 710 4172 1046:
732 4100 830 4155 Lond.
844 4100 928 4155 xxvi.
943 4115 996 4171 45:
1018 4101 1082 4155 LB.
1099 4102 1181 4155 1188.
1223 4113 1258 4169 17
1270 4101 1347 4171 May
1361 4115 1443 4169 1531.

604 4210 698 4254 naas,
714 4210 789 4255 sor.
806 4210 942 4255 nesano
956 4210 1062 4255 nasso
1077 4210 1103 4254 e.
1120 4210 1152 4254 n.

329 4274 542 4337 Svrnsrenrrs
567 4282 642 4337 tuas
665 4277 802 4350 litteras,
826 4276 960 4339 Eobane
988 4276 1184 4350 doctissime,
1213 4276 1290 4338 lieet
1317 4295 1384 4337 non
1410 4283 1481 4337 tam

286 4359 459 4421 edentulae
480 4378 581 4439 quam
601 4379 658 4420 cas
679 4360 783 4421 videri
804 4359 948 4433 volebas,
971 4360 1033 4422 hoc
1054 4361 1206 4439 aequiore
1223 4360 1333 4420 animo
1350 4359 1480 4439 perlegi,

286 4442 375 4522 quod
397 4442 492 4503 facile
511 4442 685 4517 suboleret,
707 4443 780 4505 illas
801 4443 907 4505 alieno
928 4445 1032 4523 magis
1051 4443 1196 4524 impulsu
1217 4461 1318 4521 quam
1336 4447 1397 4503 tuo
1414 4448 1478 4503 sto-

286 4525 403 4586 macho
424 4527 563 4606 scriptas
583 4545 670 4587 esse:
693 4526 828 4606 proinde
848 4527 1050 4588 moderatius
1070 4527 1114 4587 ad
1136 4545 1191 4587 eas
1215 4524 1376 4605 respondi,
1399 4525 1509 4608 nihil5

286 4610 419 4670 omnino
434 4629 655 4689 responsurus,
675 4611 737 4671 nisi
759 4610 897 4671 subinde
914 4615 1053 4672 vocatus
1070 4609 1202 4670 fuissem
1220 4610 1255 4668 in
1275 4609 1421 4668 ciuitatis
1441 4628 1480 4669 ac

286 4693 498 4770 magistratus
513 4693 591 4753 laesi
605 4692 772 4766 inuidiam,
789 4712 856 4772 quo
870 4693 938 4755 telo
957 4693 1092 4772 quidam
1110 4691 1270 4771 euangelii
1291 4690 1391 4752 titulo
1411 4710 1481 4752 sese

286 4776 474 4836 iactitantes
497 4777 634 4837 nimium
655 4776 843 4855 frequenter
862 4777 913 4837 vti
936 4776 1090 4855 gaudent.
1133 4775 1203 4854 Ego
1225 4774 1268 4836 ob
1288 4774 1480 4854 dogmatum

289 4873 395 4960 ᾞΜ.
407 4927 432 4975 4.
444 4910 706 4975 meamepistolam]
715 4911 769 4976 Ep.
781 4925 856 4977 2413.
944 4923 984 4959 12.
1001 4908 1136 4974 quadrat]
1147 4909 1189 4959 Cf.
1202 4909 1226 4958 E
1250 4945 1257 4957 .
1269 4909 1344 4973 2487.
1355 4921 1432 4970 9-19.

320 4989 344 5038 5.
362 4977 467 5028 Melani
486 4983 516 5028 et
534 4978 667 5040 Barbirii]
687 4978 763 5043 Epp.
782 4991 857 5043 2407»
942 4989 983 5039 25.
1002 4976 1148 5040 Aegidius]
1165 4974 1208 5025 Ci.
1248 4990 1278 5040 p.
1290 4989 1366 5041 ²403·
1378 4978 1440 5039 64n.

285 5057 360 5109 24⁰4·
941 5058 984 5108 33·
1001 5041 1160 5109 sponsum]
1171 5041 1223 5094 s„
1233 5041 1289 5109 Bc·
1300 5055 1375 5107 2370·
1387 5055 1432 5106 aa
