4042 5900
292 670 391 747 2405]
603 665 726 730 reon
747 665 991 731 ornasses
1013 666 1201 731 eamus
1451 672 1489 732 er

292 826 382 888 Nam
397 825 528 888 etmihi
541 832 673 906 tempus
687 827 795 906 ipsum
809 826 1002 907 praescribis
1017 826 1225 906 acpraefinis,
1238 828 1327 889 intra
1337 828 1425 906 quod
1441 830 1492 891 vis
1506 857 1555 894 110

293 930 315 971 a
338 929 391 971 me
413 909 475 970 hoc
495 928 634 989 pensum
654 909 791 971 absolui.
836 908 900 972 Sed
921 908 962 970 de
984 916 1058 971 tota
1079 910 1141 972 heo
1162 930 1197 971 re
1218 910 1314 990 plura
1333 911 1415 972 elias
1434 931 1493 992 per

293 995 405 1055 ocium
419 993 543 1066 meius;
566 1012 677 1054 versor
697 994 785 1054 enim
804 993 856 1054 hio
878 994 911 1054 in
933 992 1040 1055 aulico
1054 995 1195 1073 strepitu
1209 1000 1245 1055 et
1258 1013 1297 1055 eo
1315 997 1491 1070 rusticano,

293 1095 364 1139 non
377 1075 515 1150 vrbano,
530 1081 570 1136 vt
583 1075 747 1156 intelligas
761 1076 856 1137 nobis
875 1078 984 1137 minus
998 1076 1170 1150 libertatis,
1185 1078 1293 1138 minus
1307 1078 1492 1156 tranquilli·

294 1161 378 1222 tatis
392 1165 575 1240 suppetere.
619 1159 758 1220 Interim
775 1165 815 1220 vt
836 1161 955 1221 certior
971 1179 992 1220 a
1012 1178 1064 1221 me
1078 1159 1139 1221 fias
1155 1164 1244 1236 (nam
1259 1160 1320 1221 hoc
1335 1162 1443 1241 ipsum
1457 1163 1492 1222 in

294 1243 411 1323 primis
425 1243 549 1322 exigis),
564 1242 656 1322 quali
670 1244 730 1303 sim
745 1243 788 1304 ad
805 1263 878 1305 earn
896 1245 1099 1323 prouinciam
1121 1245 1240 1316 animo,
1255 1244 1407 1322 equidem
1426 1264 1493 1306 non
1507 1269 1555 1321 115

294 1326 404 1388 solum
425 1327 592 1387 animatus
612 1326 670 1386 sed
691 1332 726 1387 et
747 1331 884 1406 paratus
905 1346 1036 1406 quoque
1054 1346 1127 1387 sum
1141 1327 1185 1388 ad
1199 1327 1260 1387 tibi
1275 1327 1336 1388 hac
1351 1329 1383 1387 in
1399 1334 1493 1407 parts

295 1407 555 1489 obsequendum,
570 1410 597 1470 si
617 1410 749 1487 quidem
770 1411 855 1471 vires
876 1429 968 1471 meae
990 1410 1066 1471 huic
1086 1412 1215 1471 muneri
1231 1409 1384 1472 obeundo
1398 1430 1493 1491 pares

294 1499 405 1566 erunt,
428 1498 468 1553 vt
486 1492 556 1553 iore
577 1492 724 1566 confido;
758 1494 820 1554 nisi
839 1494 919 1572 quid
940 1494 1041 1555 altius
1059 1513 1099 1554 eo
1123 1494 1227 1573 magis
1247 1493 1437 1555 abstrusum
1458 1496 1493 1555 in

295 1576 432 1656 reliquis
455 1575 607 1637 Homiliis
632 1595 733 1655 quam
755 1577 790 1636 in
813 1576 942 1638 duabus
965 1578 1078 1656 primis
1099 1576 1281 1650 delitescat,
1303 1596 1385 1656 ques
1405 1578 1493 1658 ipsas

296 1661 414 1722 statim
437 1658 586 1720 desecari
606 1664 696 1720 totas
715 1660 836 1740 perlegi
858 1679 925 1721 vna
950 1679 1025 1721 oum
1050 1661 1122 1739 ipso
1144 1660 1293 1721 authoris
1316 1662 1492 1740 prooemi0‚
1508 1687 1556 1725 120

296 1742 389 1823 quod
407 1743 474 1803 iam
495 1762 516 1803 a
537 1761 590 1803 me
610 1761 741 1803 versum
763 1763 829 1803 vna
848 1762 923 1804 oum
942 1744 1055 1823 primis
1069 1744 1253 1823 quibusque
1267 1744 1388 1805 nostris
1401 1744 1445 1805 ed
1459 1750 1493 1805 te

296 1827 370 1899 ibit,
385 1831 421 1888 et
435 1825 567 1905 quidem
578 1831 618 1886 vt
632 1831 670 1887 tu
682 1832 754 1887 tum
770 1826 855 1887 hano
869 1826 970 1888 telam
985 1826 1066 1888 mihi
1080 1829 1146 1889 iam
1160 1846 1309 1888 exorsam
1320 1827 1492 1907 intelliges,

297 1916 373 1971 tum
388 1909 432 1970 ad
445 1910 602 1989 prooemii
616 1911 701 1970 versi
716 1916 849 1990 gustum
868 1916 903 1970 et
923 1910 1049 1989 reliqua
1067 1917 1229 1990 expectes.
1272 1909 1359 1972 Nam
1374 1930 1434 1989 ego
1448 1912 1494 1971 sio

297 2013 352 2055 me
375 1998 485 2054 totum
506 1992 700 2072 iampridem
721 1994 765 2054 ad
787 1999 890 2066 tuam,
910 1994 1046 2054 Erasme
1067 1995 1269 2067 amicissime,
1290 1995 1492 2055 conformeui

297 2077 518 2148 voluntatem,
533 2077 579 2136 sic
593 2094 646 2137 me
660 2081 770 2137 totum
785 2076 828 2137 ed
842 2082 918 2137 tuos
928 2078 1030 2137 etiem
1039 2083 1141 2138 nutus
1152 2096 1263 2138 omnes
1274 2076 1494 2139 obseruandos
1509 2102 1556 2152 125

298 2160 477 2239 composui,
493 2165 532 2219 vt
546 2159 627 2220 nihil
642 2160 708 2219 iam
723 2161 775 2232 sit,
790 2161 982 2239 praesertim
997 2161 1032 2221 in
1046 2160 1108 2221 hoc
1123 2162 1193 2240 ipso
1207 2160 1355 2239 obsequii
1368 2179 1494 2240 genere,

297 2243 391 2323 quod
404 2262 480 2315 non,
496 2244 610 2303 stetim
625 2250 726 2322 atque
746 2241 962 2316 mandaueris,
978 2245 1068 2305 omni
1085 2250 1216 2317 conatu,
1235 2243 1387 2305 menibus
1404 2243 1493 2324 pedi·

298 2325 428 2405 busque
442 2326 625 2387 curandum
640 2331 741 2405 atque
754 2326 981 2404 exequendum
996 2333 1208 2407 suscepturus
1222 2328 1294 2389 sim.

343 2409 389 2471 Et
403 2415 493 2471 oerte
507 2408 569 2469 hac
580 2428 639 2488 ego
648 2410 726 2469 inre
737 2428 804 2471 non
814 2409 929 2470 iallam
940 2412 1203 2489 expectationem
1214 2416 1318 2472 tuam.
1361 2409 1449 2472 Nem
1460 2417 1495 2472 et

298 2492 426 2572 alioqui
439 2491 521 2554 mihi
534 2492 577 2554 ab
592 2512 631 2554 ee
645 2494 793 2554 versione
808 2491 971 2554 discedere
985 2495 1052 2554 iem
1062 2495 1226 2573 integrum
1238 2492 1495 2574 haudquaquam
1510 2518 1559 2567 130

297 2577 411 2650 fuerit,
421 2576 485 2637 nisi
498 2595 574 2638 oum
588 2576 728 2638 nominis
742 2577 848 2637 nostri
857 2577 985 2637 iaoture
998 2583 1034 2638 et
1047 2576 1179 2655 quidem
1188 2577 1365 2639 luculenta.
1410 2577 1495 2639 Rem

299 2661 389 2721 enim
407 2665 515 2721 totam
532 2660 600 2738 regi
617 2660 680 2739 ipsi
693 2658 845 2732 indicaui,
862 2666 895 2721 te
914 2660 1075 2721 Homilias
1093 2660 1225 2721 easdem
1239 2660 1283 2721 ed
1297 2680 1349 2721 me
1363 2679 1495 2739 graecas

299 2744 425 2805 misisse
436 2748 476 2803 vt
486 2742 588 2803 latine
598 2762 656 2821 per
667 2762 719 2803 me
730 2743 959 2821 loquerentur;
981 2744 1025 2804 ad
1035 2762 1133 2822 quem
1142 2743 1197 2805 ille
1208 2763 1261 2805 me
1269 2743 1424 2818 laborem,
1436 2762 1496 2824 pro

299 2846 362 2888 suo
376 2827 412 2886 in
425 2824 696 2905 chrysostomum
714 2827 834 2899 studio,
850 2846 917 2887 non
931 2827 1060 2906 vulgari
1074 2827 1208 2905 quidem
1222 2827 1279 2888 illo
1294 2827 1351 2888 sed
1365 2829 1494 2900 eximio,

299 2912 404 2972 etiam
427 2914 527 2989 atque
549 2911 650 2972 etiam
673 2909 826 2971 hortatus
848 2916 908 2984 est,
930 2916 965 2972 et
985 2911 1035 2972 ita
1054 2910 1207 2972 hortatus
1227 2916 1279 2972 est
1300 2916 1339 2972 vt
1357 2911 1496 2973 adderet
1510 2932 1558 2985 13⁵

300 3014 372 3056 sese
401 2992 547 3054 laborem
576 2999 727 3055 nostrum
756 2995 855 3072 digne
883 2994 994 3073 alique
1019 2995 1168 3056 mercede
1197 3001 1494 3074 compensaturum.

301 3079 422 3156 Itaque
447 3076 542 3138 labor
565 3076 651 3137 idem
676 3096 742 3138 non
767 3083 827 3138 tuo
852 3083 985 3138 tentum
1008 3078 1145 3139 hortatu
1171 3078 1227 3139 sed
1253 3080 1340 3158 regio
1366 3097 1496 3157 quoque

300 3167 535 3223 autoramento
549 3179 570 3220 a
584 3161 677 3221 nobis
693 3167 864 3240 susceptus
879 3160 1015 3222 audebit
1030 3161 1119 3222 haud
1139 3163 1187 3222 ita
1202 3162 1308 3222 multo
1323 3168 1399 3241 post
1414 3168 1495 3222 tem-

302 3263 381 3324 pore
403 3245 438 3304 in
464 3243 635 3304 hominum
660 3263 778 3304 manus
804 3245 988 3318 ventitare;
1023 3262 1233 3322 quamquam,
1257 3245 1347 3323 quod
1375 3245 1419 3305 ad
1444 3263 1497 3306 me

301 3329 436 3400 attinet,
452 3326 532 3388 haec
546 3346 598 3388 me
613 3346 679 3387 vna
693 3346 817 3388 merces
831 3334 953 3400 mouet,
971 3327 1076 3407 gloria
1094 3331 1172 3403 (non
1189 3328 1246 3389 illa
1263 3327 1395 3406 quidem
1413 3347 1496 3402 mee,
1512 3353 1560 3405 140

301 3410 360 3473 sed
382 3417 457 3471 tum
481 3410 577 3472 Pauli
601 3416 674 3471 tum
693 3409 927 3489 chrysostomi,
951 3413 1004 3472 oui
1026 3413 1158 3490 vtrique
1178 3412 1427 3491 propensissime
1448 3413 1495 3471 in-

301 3495 433 3571 seruio),
448 3499 484 3554 et
498 3501 668 3574 praeterea
683 3493 852 3555 literarum
868 3493 1054 3556 diuinarum
1070 3495 1173 3556 honos
1187 3514 1226 3556 eo
1240 3494 1415 3574 proiectus.

346 3576 488 3640 Proinde
503 3576 590 3637 huno
605 3596 665 3638 nos
682 3577 829 3639 laborem
843 3597 882 3639 eo
896 3579 998 3640 etiem
1013 3578 1192 3639 studiosius
1207 3586 1308 3658 atque
1322 3579 1498 3639 animosius

301 3661 487 3740 suscepturi
516 3680 638 3733 sumus,
664 3662 787 3740 partim
812 3661 902 3740 quod
924 3681 991 3722 vna
1020 3668 1130 3723 tecum
1160 3663 1222 3741 ipsi
1250 3662 1429 3723 sentientes
1456 3681 1498 3723 ex

302 3751 508 3806 caeterorum
522 3742 749 3823 chrysostomi
760 3745 956 3825 scriptorum
965 3764 1026 3805 vsu
1038 3743 1231 3823 quotidiano
1241 3751 1355 3824 aperte
1365 3744 1497 3825 deprae·
1513 3767 1560 3821 145

302 3827 477 3889 hendimus
502 3826 575 3888 illas
598 3829 685 3907 ipsas
710 3826 872 3889 Homilias
894 3826 1024 3906 γνησίας
1047 3847 1126 3900 esse,
1155 3847 1222 3889 non
1246 3827 1345 3899 νόθας,
1376 3829 1497 3907 partim

301 3909 394 3990 quod
418 3909 553 3971 eaedem
574 3930 595 3970 a
619 3911 748 3971 nemine
770 3917 870 3972 antea
893 3930 1005 3971 versas
1030 3911 1074 3972 ad
1097 3911 1234 3972 Latinos
1258 3911 1406 3972 nondum
1427 3930 1497 3991 per·

302 4012 431 4056 uenere.
475 3992 528 4053 Ad
542 4012 652 4053 meum
671 4000 784 4054 eutem
804 3994 960 4055 honorem
980 3995 1142 4073 pertinere
1156 3995 1252 4054 amici
1267 3995 1394 4068 volunt,
1409 3994 1499 4074 apud

301 4097 359 4138 eos
382 4078 574 4156 praesertim
600 4077 720 4155 quibus
745 4083 884 4138 naturae
910 4078 995 4138 vicio
1018 4077 1162 4156 quodam
1190 4077 1347 4157 peculiari
1374 4078 1499 4139 alienae

302 4161 557 4223 existimationis
579 4159 702 4220 candor
730 4161 853 4221 inuisus
878 4162 1093 4239 ingratusque
1118 4180 1187 4222 esse
1210 4161 1303 4233 solet,
1328 4166 1368 4221 vt
1393 4162 1562 4233 versi015o

302 4244 415 4322 aliqua
436 4262 458 4304 e
477 4243 573 4304 nobis
589 4249 687 4304 exeat
704 4262 789 4321 quae
810 4250 883 4304 tota
900 4251 1015 4305 nostra
1029 4245 1073 4304 sit
1087 4263 1125 4304 eo
1140 4263 1207 4305 non
1221 4246 1323 4305 etiem
1338 4263 1413 4305 cum
1428 4243 1499 4304 aliis

301 4327 495 4399 eommunis,
510 4332 545 4387 et
555 4327 688 4405 quidem
702 4335 741 4386 vt
756 4326 817 4388 illis
833 4328 1030 4407 quandoque
1045 4327 1222 4407 probatum
1233 4330 1277 4388 sit
1291 4347 1384 4407 posse
1399 4328 1499 4388 etiem

302 4431 364 4473 noe
379 4410 502 4471 versari
517 4411 551 4470 in
565 4429 606 4471 ea
619 4411 742 4472 herena
761 4430 846 4489 quae
866 4410 987 4471 nullius
1003 4411 1141 4491 pedibus
1156 4413 1199 4472 sit
1214 4410 1361 4482 calcate:
1386 4429 1498 4489 quem·

302 4514 404 4575 quam
426 4494 460 4554 in
481 4512 555 4554 eam
576 4512 636 4573 ego
660 4513 733 4554 sum
754 4492 918 4555 adductus
936 4496 1122 4573 opinionem
1144 4501 1184 4556 vt
1204 4496 1389 4556 existimem
1411 4492 1500 4553 haud

301 4577 411 4640 multo
424 4577 532 4638 minus
546 4576 587 4638 de
604 4577 723 4638 studiis
741 4578 856 4638 mereri
870 4579 927 4657 qui
946 4577 1068 4639 librum
1084 4578 1127 4640 ab
1147 4578 1251 4639 altero
1270 4577 1355 4638 male
1369 4595 1500 4638 versum
1516 4598 1563 4649 155

339 4689 395 4738 118.
413 4686 469 4737 nisi
479 4685 560 4736 MS.:
579 4687 633 4737 nisi
645 4687 669 4737 si
679 4684 705 4751 β.
787 4700 844 4738 121.
862 4703 920 4738 vna
933 4724 940 4738 .
955 4724 961 4738 .
976 4688 1102 4738 ‚nostris
1113 4686 1193 4737 Ma:
1212 4688 1418 4752 primoquoque
1429 4691 1500 4736 tem-

301 4770 373 4822 pore
387 4752 414 4819 β.
485 4767 542 4817 142.
559 4753 597 4804 ad
618 4768 703 4818 quem
719 4753 835 4819 quidem
852 4760 883 4804 et
900 4770 952 4805 nos
968 4769 1083 4820 quoque
1101 4753 1241 4818 exemplo,
1258 4754 1431 4817 hortatuque
1449 4758 1501 4803 tuo

301 4828 431 4874 nostram
444 4819 569 4885 aliquam
587 4819 745 4885 symbolam
758 4821 885 4873 conterre
900 4827 988 4872 antea
1002 4836 1114 4887 semper
1130 4820 1206 4872 votis
1220 4819 1352 4869 omnibus
1368 4821 1500 4885 concupi·

300 4890 398 4940 nimus
407 4894 470 4952 post
482 4887 629 4952 protectus
640 4887 703 4937 odd.
715 4885 741 4952 β.
812 4890 869 4952 146.
887 4886 992 4952 γνησίας
1001 4886 1035 4953 βε
1053 4886 1170 4952 γνησίους
1181 4885 1245 4935 MS.

401 5027 458 5079 132.
475 5013 545 5079 regi]
563 5012 619 5064 For
630 5012 754 5065 Francis'
766 5013 886 5064 interest
897 5013 927 5064 in
938 5011 1122 5079 chrysostom
1133 5027 1180 5062 see
1191 5010 1245 5075 Ep.
1260 5022 1334 5073 1795.
1348 5024 1406 5076 1-3.

337 5124 415 5178 4⁵2s
873 5112 896 5156 ⁰
