4042 5900
505 650 565 711 158
827 646 1025 711 LETTERS
1047 646 1103 710 OF
1122 646 1328 710 ERASMUS
1602 650 1697 727 [1531

503 807 651 870 fertilior.
685 806 772 868 Nam
786 810 917 886 praeter
931 806 1258 887 Apopbthegmatum
1273 805 1428 869 volumen
1441 808 1586 869 iustum:
1608 807 1699 887 quod

460 914 492 950 ιο
504 911 543 953 eo
557 890 692 952 consilio
710 892 908 969 sumpsimus
927 891 963 950 in
978 910 1106 963 manus,
1126 897 1166 952 vt
1182 892 1327 971 corporis
1346 891 1529 970 ingeniique
1543 890 1699 952 viriculas

503 975 715 1036 vehementer
739 975 874 1034 attritas
898 992 1099 1053 quassasque
1124 973 1285 1053 paulatim
1310 981 1505 1054 argumento
1528 974 1698 1036 festiuiore

503 1058 547 1120 ad
557 1058 733 1138 pristinum
743 1058 887 1135 vigorem
899 1058 1176 1118 instauraremus:
1195 1063 1369 1120 enarratas
1380 1058 1474 1119 nobis
1488 1064 1540 1119 est
1550 1058 1698 1138 psalmus

504 1142 690 1220 trigesimus
706 1141 825 1201 tertius
844 1159 912 1201 non
934 1140 989 1201 ille
1010 1140 1143 1220 quidem
1162 1141 1296 1202 anobis
1315 1140 1471 1214 delectus,
1487 1141 1545 1202 sed
1564 1141 1607 1202 ab
1624 1140 1697 1202 aliis

504 1225 703 1304 designatus,
726 1223 1003 1303 quemadmodum
1025 1230 1060 1285 et
1077 1224 1143 1285 duo
1157 1226 1299 1304 proximi
1312 1224 1455 1285 fuerant.
1498 1223 1695 1303 Quanquam

460 1327 491 1379 15
504 1314 616 1370 autem
630 1326 794 1385 nusquam
810 1325 876 1368 non
891 1306 1024 1368 mirifice
1038 1307 1219 1368 foecundus
1236 1313 1288 1369 est
1302 1308 1405 1369 diuini
1424 1308 1559 1387 spiritus
1579 1327 1697 1381 sermo,

504 1397 617 1452 tamen
634 1392 668 1452 in
689 1390 864 1451 collatione
881 1409 1004 1469 paucos
1025 1391 1168 1452 arbitror
1185 1391 1246 1453 hoc
1268 1391 1373 1452 videri
1392 1391 1578 1463 steriliores,
1594 1410 1697 1469 quum

504 1473 624 1536 titulus
648 1493 709 1535 nos
733 1472 848 1535 multis
874 1474 1020 1547 salebris,
1049 1473 1145 1535 lamis
1169 1494 1207 1535 ac
1229 1474 1438 1536 eluuionibus
1466 1480 1696 1536 remoraretur.

504 1556 657 1619 Ceterum
688 1557 821 1635 quando
850 1556 939 1636 prior
968 1557 1106 1618 audacia
1136 1559 1202 1618 iam
1234 1558 1285 1618 bis
1312 1557 1393 1618 mihi
1421 1559 1517 1618 cessit
1547 1557 1696 1631 feliciter,

504 1643 609 1702 creuit
628 1642 766 1714 animus,
786 1647 821 1701 et
840 1659 940 1701 ausus
960 1659 1033 1700 sum
1056 1640 1117 1701 hoc
1139 1660 1270 1719 quoque
1293 1641 1448 1719 quicquid
1470 1646 1522 1702 est
1544 1639 1695 1702 lucubra-

459 1746 492 1783 20
505 1725 603 1786 tionis
618 1725 661 1785 ad
675 1730 771 1785 tunm
787 1722 935 1785 tribunal
950 1725 1092 1784 mittere.
1128 1724 1273 1785 Mirabor
1287 1730 1399 1785 autem
1414 1725 1442 1785 si
1456 1725 1632 1802 quicquam
1644 1723 1696 1785 hic

504 1814 565 1869 tuo
585 1806 712 1869 calculo
733 1806 937 1887 probabitur,
960 1807 1059 1868 modo
1078 1807 1244 1887 paulisper
1270 1808 1420 1887 deposita
1443 1808 1540 1868 amici
1565 1813 1697 1886 praeter

505 1893 640 1954 modum
662 1890 794 1952 candidi
818 1910 957 1970 persona
978 1890 1118 1950 indicem
1139 1911 1234 1970 agere
1259 1892 1359 1952 voles.
1403 1890 1484 1951 Mihi
1506 1897 1595 1951 certe
1620 1910 1696 1952 nus·

505 1994 605 2055 quam
627 1975 696 2054 ipse
717 1974 820 2053 magis
841 1973 1000 2053 displicui.
1044 1973 1086 2034 In
1106 1975 1220 2054 primis
1239 1994 1306 2035 non
1325 1973 1442 2036 dubito
1459 1975 1540 2052 quin
1561 1973 1696 2035 damna·

505 2064 602 2119 turus
631 2059 675 2118 sis
703 2076 810 2118 meam
839 2056 930 2118 illam
964 2058 1140 2136 plusquam
1173 2056 1431 2137 extemporalem
1463 2059 1696 2129 temeritatem,

460 2161 492 2212 25
505 2141 698 2223 praesertim
724 2141 758 2201 in
782 2145 978 2220 argumento
1003 2160 1106 2213 sacro,
1132 2160 1232 2219 quam
1261 2148 1296 2202 et
1325 2143 1394 2221 ipse
1423 2140 1635 2202 vehementer
1662 2146 1697 2201 et

505 2226 627 2286 damno
641 2230 675 2285 et
690 2223 754 2285 odi.
784 2222 847 2285 Sed
862 2224 1100 2285 immedicabile
1114 2223 1237 2285 malum
1251 2232 1313 2297 est,
1325 2225 1407 2286 adeo
1417 2224 1549 2304 penitus
1560 2225 1696 2285 insitum

505 2314 545 2369 vt
563 2308 627 2368 nisi
643 2327 718 2368 cum
735 2308 807 2367 vita
823 2308 937 2368 reuelli
956 2326 1023 2368 non
1038 2313 1148 2385 queat.
1191 2307 1299 2368 Huius
1313 2309 1414 2388 igitur
1428 2308 1526 2368 vuius
1540 2306 1656 2386 culpae
1671 2309 1699 2367 si

506 2398 566 2453 tua
580 2389 787 2470 placabilitas
801 2390 883 2452 mibi
901 2391 1042 2470 gratiam
1061 2390 1184 2464 fecerit,
1200 2392 1235 2451 in
1252 2393 1368 2453 ceteris
1389 2390 1542 2452 omnibus
1558 2391 1699 2452 libenter

505 2474 638 2536 adnitar
652 2474 687 2535 in
701 2480 870 2553 posterum
885 2479 924 2535 vt
935 2493 987 2535 me
997 2473 1198 2535 conformem
1209 2474 1252 2535 ad
1266 2481 1361 2536 tuum
1376 2474 1541 2547 iudicium,
1553 2473 1587 2534 id
1598 2474 1697 2553 quod,

460 2580 494 2631 3⁰
506 2564 545 2619 vt
560 2558 683 2631 scribis,
698 2557 809 2635 aliqua
823 2559 889 2618 iam
900 2577 941 2618 ex
955 2564 1050 2637 parte
1064 2557 1172 2619 facere
1189 2559 1288 2637 coepi.
1332 2557 1427 2631 Quod
1444 2563 1578 2618 tuarum
1593 2558 1697 2619 virtu·

506 2648 579 2703 tum
598 2647 669 2702 tam
688 2659 805 2719 parcus
825 2660 863 2701 ac
880 2659 982 2720 prope
999 2639 1137 2701 dixerim
1157 2641 1319 2720 malignus
1338 2642 1519 2713 estimator,
1535 2640 1643 2720 plena,
1658 2646 1698 2701 vt

506 2726 610 2797 aiunt,
627 2743 727 2784 manu
747 2728 880 2784 tantum
901 2722 1007 2799 laudis
1025 2725 1060 2783 in
1077 2743 1184 2785 meam
1202 2724 1343 2785 effundis
1364 2724 1635 2798 mediocritatem,
1656 2743 1698 2785 ne

506 2808 620 2868 credas
643 2813 677 2868 te
702 2826 836 2886 prorsus
859 2827 991 2887 operam
1017 2806 1147 2868 ludere:
1178 2808 1277 2869 efficis
1301 2808 1388 2868 enim
1413 2813 1453 2868 vt
1477 2813 1512 2869 et
1537 2813 1571 2868 te
1594 2808 1698 2886 magis

506 2892 674 2971 magisque
702 2891 886 2971 suspiciam,
908 2895 944 2952 et
969 2892 1038 2970 ipse
1067 2889 1148 2951 mihi
1176 2890 1402 2952 vehementius
1424 2890 1623 2972 displiceam,
1649 2910 1696 2952 re·

460 2993 493 3046 35
507 2981 629 3054 putans
648 2993 701 3035 me
720 2994 788 3036 non
805 2976 913 3035 minus
932 2975 1034 3035 animi
1052 2975 1215 3036 modestia
1236 2993 1336 3052 quam
1357 2976 1474 3035 ceteris
1495 2976 1698 3036 ornamentis

507 3058 660 3119 omnibus
679 3057 777 3137 longo
797 3057 856 3118 aba
874 3064 908 3119 te
925 3057 1102 3119 interuallo
1121 3058 1271 3136 relinqui.
1315 3056 1378 3119 Sed
1397 3058 1456 3119 hec
1475 3059 1575 3119 missa
1590 3057 1698 3119 facere

506 3146 665 3221 praestat,
685 3160 727 3201 ne
744 3141 824 3219 quid
841 3147 935 3202 tuam
955 3160 1087 3202 onerem
1104 3142 1309 3214 modestiam,
1327 3141 1519 3222 praesertim
1540 3141 1638 3219 quod,
1658 3147 1698 3202 vt

507 3231 545 3286 tu
567 3243 643 3286 vere
664 3225 759 3285 iuxta
781 3244 819 3285 ac
840 3226 892 3304 pie
914 3224 1038 3298 scribis,
1060 3225 1216 3304 quicquid
1236 3244 1349 3286 sumus
1374 3231 1434 3286 ant
1458 3244 1642 3304 possumus,
1663 3224 1698 3285 id

507 3314 617 3369 totum
640 3307 882 3368 munificentiae
910 3308 1020 3369 diuina
1044 3316 1216 3388 acceptum
1240 3309 1319 3369 ferri
1343 3313 1505 3389 oporteat.
1547 3306 1634 3369 Nam
1660 3314 1699 3368 vt

461 3412 495 3464 4ο
507 3391 573 3465 illa,
600 3410 684 3469 quae
709 3390 790 3452 mihi
807 3391 1012 3470 singularem
1037 3392 1202 3470 quendam
1227 3393 1348 3472 ingenii
1373 3392 1423 3452 tui
1447 3389 1622 3452 candorem
1644 3387 1698 3451 de·

508 3476 646 3546 clarent,
667 3494 719 3535 me
736 3493 804 3535 non
821 3481 1045 3555 corrumpant,
1066 3475 1226 3536 hactenus
1245 3477 1346 3536 etiam
1364 3474 1590 3548 conducibilia,
1610 3474 1699 3552 quod

459 3568 461 3573 ’
508 3559 679 3638 segnitiem
704 3577 743 3619 ac
768 3559 1076 3638 pusillanimitatem
1101 3577 1209 3619 meam
1238 3559 1281 3619 ad
1309 3559 1505 3619 industriam
1531 3559 1697 3619 excitant:

507 3647 621 3703 tamen
638 3661 679 3702 ex
699 3641 978 3703 admonitionibus
992 3643 1060 3702 tuis
1079 3648 1114 3702 et
1127 3642 1238 3703 liberis
1252 3649 1287 3702 et
1301 3642 1423 3714 amicis,
1441 3648 1481 3702 vt
1497 3639 1699 3720 exploratius

508 3725 655 3805 intelligo
678 3730 771 3785 tuam
794 3745 871 3804 erga
895 3745 948 3786 me
973 3725 1247 3798 beneuolentiam‚
1271 3726 1320 3786 ita
1341 3725 1486 3787 fructum
1509 3725 1609 3786 etiam
1632 3743 1699 3785 non

462 3827 495 3879 45
507 3809 608 3889 paulo
621 3807 803 3870 uberiorem
819 3809 922 3888 capio.

550 3892 625 3954 Duo
647 3897 726 3953 sunt
746 3898 868 3966 autem,
891 3899 930 3953 vt
951 3891 1032 3953 mihi
1053 3892 1120 3953 tuis
1140 3911 1159 3953 e
1184 3890 1304 3953 litteris
1329 3891 1496 3971 collegisse
1520 3890 1643 3964 videor,
1665 3890 1700 3951 in

509 3976 628 4054 quibus
648 3994 783 4054 cuperes
802 3996 855 4037 me
874 3974 928 4036 vel
948 3976 1128 4037 cautiorem
1147 3995 1226 4048 esse,
1246 3974 1299 4036 vel
1319 3981 1406 4035 certe
1427 3972 1698 4036 moderatiorem:

509 4058 661 4120 videlicet
685 4059 721 4118 in
748 4058 940 4120 vellicandis
968 4058 1029 4132 his,
1055 4078 1148 4138 quae,
1174 4059 1309 4119 tametsi
1333 4077 1401 4119 non
1430 4063 1509 4119 sunt
1536 4056 1700 4137 perfectae

508 4142 651 4222 pietatis,
678 4160 746 4202 non
770 4148 921 4222 pugnant
949 4149 1162 4204 tamencum
1188 4161 1267 4203 vera
1296 4142 1460 4221 religione,
1490 4141 1594 4202 veluti
1621 4146 1701 4201 sunt

463 4224 676 4293 soinnocatio
709 4224 861 4287 diuorum
895 4231 930 4286 et
958 4245 1037 4286 vaus
1065 4226 1261 4305 imaginum3
1305 4224 1422 4286 deinde
1451 4227 1485 4285 in
1515 4223 1700 4306 refellendis

544 4364 584 4402 12.
602 4356 647 4401 est
658 4350 741 4402 nobis
752 4351 789 4401 N.
868 4365 908 4415 17.
926 4351 1105 4402 aluuionibus
1116 4350 1198 4402 MS.:
1216 4349 1408 4402 alluuionibus
1418 4350 1450 4400 J.
1527 4351 1567 4400 18.
1585 4350 1701 4415 quando

508 4416 566 4468 MS
573 4436 580 4467 ι
597 4432 687 4483 quum
694 4418 732 4468 K.
797 4418 866 4468 mihi
879 4455 885 4468 .
901 4454 907 4467 .
922 4454 929 4468 .
942 4416 1061 4468 feliciter
1071 4417 1154 4468 MR:
1172 4434 1230 4468 non
1241 4419 1357 4469 omnino
1367 4418 1498 4469 cessisset
1510 4417 1657 4467 infeliciter
1668 4416 1700 4466 J.

508 4499 565 4602 31
565 4483 679 4602 mida}
686 4484 782 4601 :Jflum
792 4485 824 4535 J.
893 4499 934 4549 34.
946 4485 1168 4536 vehementer.
1236 4500 1278 4548 39.
1290 4484 1363 4536 ferre
1371 4486 1403 4536 J.
1470 4500 1513 4549 43.
1527 4490 1556 4535 et
1568 4483 1661 4533 liberis
1670 4489 1701 4533 et

544 4699 584 4735 12.
603 4684 739 4750 psalmus]
763 4683 814 4735 See
836 4684 891 4749 Ep.
915 4685 991 4748 2428.
1028 4683 1080 4734 We
1130 4683 1277 4749 Longland
1293 4683 1350 4734 had
1367 4683 1454 4734 asked
1475 4683 1520 4734 for
1539 4680 1648 4732 Psalms
1668 4683 1702 4745 85

508 4752 582 4802 have
598 4756 652 4802 not
663 4751 754 4802 found
766 4756 799 4801 at
809 4751 904 4801 whose
917 4751 1080 4816 suggestion
1131 4753 1188 4812 (aee
1199 4751 1254 4816 Ep.
1267 4752 1344 4814 2017)
1355 4750 1413 4800 and
1425 4766 1441 4814 4
1453 4752 1510 4810 (aee
1521 4749 1576 4814 Ep.
1591 4749 1676 4812 1535).

508 4818 645 4869 Eraamus
660 4817 744 4868 made
760 4818 819 4869 this
834 4818 1025 4883 paraphrase;
1042 4817 1079 4870 cf.
1165 4831 1206 4881 17.
1224 4817 1336 4879 titulus]
1349 4817 1495 4867 ‘Psalmus
1505 4815 1599 4866 Dauid
1612 4831 1703 4881 quum

508 4885 534 4935 E
558 4899 652 4949 .2442.
667 4898 707 4948 13.
741 4883 837 4936 Psalrn
854 4899 886 4934 22
902 4900 960 4935 was
978 4885 1080 4935 under·
1129 4884 1256 4935 mutauit
1266 4884 1380 4935 vultum
1390 4898 1485 4934 coram
1493 4881 1665 4942 Abimeleoh,
1672 4888 1703 4933 at

561 4967 597 5002 an
623 4957 657 5003 at
683 4951 734 5003 tha
761 4957 876 5018 request
902 4952 933 5003 of
956 4952 1081 5003 Thomas
1129 4950 1238 5001 dimisit
1256 4966 1322 5001 eum
1343 4957 1373 5002 at
1394 4950 1485 5001 abne!
1520 4949 1572 5001 See
1594 4949 1652 5000 LB.
1672 4965 1702 5000 v.

508 5018 633 5084 Bolayn3
655 5033 703 5069 see
725 5018 800 5086 Epp.
820 5032 897 5083 2232.
919 5020 979 5084 4-8,
1002 5022 1079 5069 2266.
1129 5020 1207 5082 3⁶90·
