4042 5900
518 628 581 689 aco
845 627 1045 690 sarisas
1066 626 1122 690 or
1143 626 1348 690 asssuos
1627 630 1721 707 [1531

561 787 656 849 Hanc
670 789 870 849 occasionem
886 787 1064 867 praebuere
1078 786 1142 848 tibi
1154 793 1286 849 nostrae
1301 786 1334 847 in
1349 786 1452 848 Vetus
1466 786 1721 849 Testamentum

518 872 758 944 annotationes,
773 872 808 931 in
823 871 942 949 quibus
956 869 1063 933 multa
1076 871 1139 931 tibi
1153 871 1269 931 asseris
1282 869 1452 950 placuisse,
1467 869 1633 931 nonnulla
1651 872 1722 932 visa

517 953 617 1015 fuisse
637 954 677 1015 de
697 954 816 1032 quibus
837 955 1005 1035 permagni
1023 953 1145 1015 referat
1163 972 1215 1014 me
1236 953 1412 1025 admoneri,
1433 959 1473 1013 vt
1494 954 1558 1013 sim
1579 954 1721 1033 posthae

471 1056 505 1092 20
518 1038 654 1098 cautior.
698 1036 803 1110 Quam
821 1044 860 1099 tn
877 1036 1055 1115 παραίνεσιν
1073 1036 1187 1097 multis
1202 1036 1309 1097 verbis
1323 1035 1512 1116 complexus
1530 1056 1576 1097 es.
1622 1035 1721 1117 Coepi

517 1121 617 1200 igitur
637 1119 810 1199 epistolam
832 1126 926 1181 tuam
947 1120 1193 1199 diligentissime
1216 1118 1376 1191 euoluere,
1403 1125 1442 1180 vt
1466 1119 1558 1198 quod
1583 1120 1668 1181 mihi
1688 1123 1721 1181 in

517 1204 626 1264 fronte
639 1204 841 1283 promiseras,
856 1206 971 1265 statim
986 1222 1207 1282 consequerer.
1251 1202 1406 1263 Perleetis
1424 1208 1537 1264 autem
1556 1203 1720 1276 omnibus,

517 1288 675 1367 promissa
698 1306 763 1348 non
788 1287 920 1348 omnino
942 1286 1188 1366 responderunt.
1232 1285 1319 1346 Nam
1344 1305 1404 1366 pro
1425 1286 1720 1360 admonitionibus,

517 1371 738 1449 reprensiones
763 1376 797 1431 et
821 1370 983 1449 quaedem
1010 1388 1076 1430 non
1105 1369 1230 1430 minimi
1259 1369 1411 1449 ponderis
1438 1370 1576 1430 crimina
1604 1372 1719 1450 reperi.

470 1472 503 1521 25
516 1452 611 1515 Certe
635 1454 663 1514 si
687 1453 881 1515 cohortante
902 1458 937 1514 et
959 1453 1132 1514 inducente
1156 1458 1189 1513 te
1213 1452 1420 1513 humanitate
1445 1458 1505 1513 tua
1526 1453 1720 1532 scripsisses,

517 1537 820 1598 beneuolentissime
843 1536 989 1597 fecisses:
1023 1536 1081 1596 sed
1105 1537 1132 1595 si
1154 1554 1220 1614 quo
1245 1536 1416 1597 stomacho
1441 1535 1484 1596 ad
1509 1536 1720 1598 scribendum

516 1627 551 1682 te
570 1620 749 1694 contulisti,
764 1621 837 1681 dico
856 1626 890 1681 te
909 1618 1034 1680 nullam
1054 1618 1205 1679 habuisse
1225 1619 1426 1697 probabilem
1441 1637 1585 1691 causam,
1600 1621 1721 1680 cursio

515 1704 685 1765 afficereris
700 1706 734 1765 in
747 1723 832 1775 eum,
844 1704 902 1783 qui
916 1709 950 1764 te
964 1704 997 1762 in
1013 1703 1115 1763 tacito
1130 1704 1346 1763 conscientiae
1360 1721 1437 1762 suae
1452 1720 1573 1762 arcano
1585 1720 1721 1763 venera·

515 1793 616 1861 retur,
639 1793 674 1848 et
699 1788 756 1866 qui
780 1786 889 1866 palam
918 1792 952 1846 te
977 1805 1052 1846 cum
1077 1786 1129 1845 tui
1152 1786 1293 1845 nominis
1317 1786 1522 1865 reprensione
1545 1804 1721 1864 nunquam

470 1888 503 1936 30
516 1871 659 1932 oitasset.
703 1869 813 1948 Atque
835 1870 919 1930 hanc
940 1887 1070 1930 omnem
1092 1887 1261 1929 censuram
1284 1874 1387 1941 tuam,
1409 1869 1531 1947 partim
1552 1868 1653 1929 video
1679 1888 1720 1930 ex

516 1954 659 2014 violatae
680 1972 701 2013 a
722 1972 774 2013 me
794 1952 1046 2014 existimationis
1067 1958 1145 2012 tuae
1167 1952 1349 2031 suspicione
1370 1951 1571 2031 pependisse,
1593 1954 1721 2032 partim

517 2038 594 2116 quia
616 2043 651 2097 te
672 2055 739 2097 non
762 2035 905 2116 perinde,
927 2041 966 2096 vt
990 2034 1157 2108 voluisses,
1179 2034 1373 2096 laudassem.
1417 2033 1489 2107 Quo
1513 2034 1553 2095 fit
1578 2041 1619 2095 vt
1644 2042 1720 2097 tum

515 2119 595 2180 mihi
610 2119 751 2181 officium
766 2125 861 2180 tuum
876 2118 1044 2198 placuerit,
1060 2125 1132 2179 tum
1150 2137 1217 2179 non
1231 2117 1391 2196 placuerit
1408 2118 1498 2190 satis,
1514 2136 1589 2179 cum
1607 2120 1722 2180 omnia

515 2203 638 2264 fuerint
657 2223 677 2263 a
696 2208 730 2264 te
752 2204 938 2281 excogitata
959 2208 997 2262 vt
1019 2207 1205 2282 suspectam
1227 2200 1424 2262 calumniam
1450 2200 1598 2260 dilueres.
1644 2202 1721 2263 Hoc

469 2303 502 2354 35
516 2305 705 2366 quenquam
728 2291 823 2347 tuum
844 2286 910 2346 fuit
931 2285 1132 2358 institutum,
1154 2284 1290 2345 solerter
1311 2290 1422 2344 temen
1444 2283 1478 2343 id
1499 2284 1721 2358 obumbrasti,

516 2369 625 2430 dicens
646 2369 789 2431 multum
811 2388 883 2430 mea
903 2375 938 2430 et
955 2367 1094 2429 aliorum
1112 2366 1229 2428 referre
1250 2373 1290 2428 vt
1310 2366 1421 2427 abste
1440 2367 1637 2442 admoneam
1681 2375 1722 2429 vt

515 2472 652 2531 superne
667 2453 809 2513 monitor
823 2452 972 2524 videaris,
987 2453 1113 2512 interne
1135 2452 1178 2511 sis
1192 2470 1370 2529 reprensor.
1410 2449 1530 2530 Itaque
1549 2452 1722 2530 syncerius

515 2555 634 2596 munus
648 2536 737 2596 istud
753 2541 938 2615 exequutus
955 2535 1079 2606 fuisses,
1094 2535 1156 2594 nisi
1175 2535 1316 2613 suspicio
1330 2540 1365 2595 et
1383 2533 1467 2594 alius
1485 2535 1557 2613 quis
1575 2534 1722 2597 affectus

515 2624 549 2680 te
574 2620 608 2679 in
634 2618 763 2680 diuersa
791 2621 960 2698 rapuisset.
1005 2618 1080 2679 Huc
1105 2624 1217 2679 autem
1239 2618 1418 2678 trahuntur
1439 2619 1549 2678 omnia
1570 2637 1657 2696 quae
1680 2626 1721 2680 tu

469 2720 502 2769 4⁰
516 2721 651 2764 censura
671 2702 768 2782 digne
786 2703 991 2776 existimasti,
1007 2707 1043 2763 et
1063 2721 1138 2763 cum
1158 2700 1342 2762 defensione
1361 2706 1422 2762 tua
1443 2699 1625 2762 multorum
1648 2722 1720 2763 sus·

515 2787 595 2866 cipis
617 2787 851 2865 patrocinium:
882 2793 921 2847 vt
940 2787 997 2865 qui
1013 2786 1086 2846 illos
1111 2784 1208 2846 laesit
1229 2785 1348 2844 iniuste
1368 2791 1402 2844 te
1421 2803 1552 2862 quoque
1572 2785 1720 2846 iniustis·

515 2871 594 2931 sime
608 2869 737 2931 laesisse
752 2869 912 2929 videatur.

557 2954 631 3014 Duo
657 2973 734 3014 vero
758 2953 905 3032 intelligo
930 2954 1014 3014 hanc
1043 2953 1104 3013 tibi
1133 2952 1348 3031 suspicionem
1373 2951 1523 3012 mouisse.
1567 2949 1720 3013 Primum

516 3036 605 3116 quod
619 3036 766 3097 acerbius
781 3036 986 3115 quorundam
1002 3035 1197 3115 superbiam,
1214 3036 1246 3095 in
1261 3035 1380 3113 quibus
1394 3039 1430 3094 et
1444 3040 1478 3096 te
1492 3033 1628 3095 dubitas
1646 3054 1719 3097 esse

469 3140 502 3191 45
515 3121 667 3198 petitum,
683 3120 935 3199 perstrinxerim.
980 3119 1140 3191 Alterum,
1156 3118 1245 3197 quod
1260 3138 1326 3179 vno
1345 3123 1479 3179 tantum
1500 3117 1570 3178 loco
1590 3136 1720 3180 memor

516 3203 566 3262 tui
588 3202 715 3275 fuerim,
738 3203 795 3263 sed
816 3203 1032 3282 contemptim
1056 3209 1094 3263 vt
1120 3209 1157 3263 tu
1179 3202 1412 3280 interpretaris.
1457 3201 1497 3260 In
1523 3200 1573 3260 his
1594 3201 1719 3279 quibus

515 3287 695 3365 procacitas
710 3286 923 3365 reprenditur,
939 3287 1094 3364 quoniam
1112 3286 1146 3347 id
1160 3286 1365 3366 potissimum
1384 3284 1593 3362 procacitatis
1612 3303 1718 3362 genus

514 3369 625 3429 fuerat
643 3388 841 3448 reprensum,
862 3389 928 3448 quo
948 3369 1044 3430 multi
1066 3369 1128 3430 hoc
1149 3375 1295 3446 tempore
1315 3368 1409 3427 Diuis
1430 3366 1593 3444 rebusque
1614 3369 1718 3428 sacris

515 3471 632 3532 parum
654 3453 784 3514 honoris
806 3453 989 3522 habuerint,
1013 3454 1058 3513 sic
1080 3459 1113 3513 te
1135 3453 1217 3531 geris
1240 3457 1278 3511 vt
1300 3450 1491 3528 conquisitis
1512 3469 1553 3510 ex
1574 3457 1716 3511 annota-

468 3556 502 3604 50
515 3535 660 3596 tionibus
678 3537 758 3596 meis
775 3542 917 3614 quantos
937 3537 1078 3596 maxime
1097 3536 1258 3614 potuisses
1272 3535 1328 3612 qui
1345 3534 1514 3614 proposito
1534 3539 1594 3593 tuo
1608 3532 1717 3595 deser-

515 3619 623 3680 uirent
642 3619 721 3680 locis
738 3638 790 3680 me
810 3638 940 3699 quoque
962 3638 1064 3680 vnum
1086 3638 1126 3678 ex
1141 3638 1253 3679 eorum
1270 3636 1405 3677 numero
1420 3616 1554 3676 studeas
1568 3616 1715 3679 efficere:

514 3707 554 3762 vt
572 3708 633 3763 aut
651 3721 710 3781 ego
729 3703 843 3763 eodem
863 3703 996 3763 crimine
1016 3701 1176 3773 inuoluar,
1192 3707 1251 3761 aut
1269 3700 1366 3761 fateri
1383 3719 1480 3778 cogar
1497 3698 1570 3759 illos
1584 3719 1715 3778 repren-

515 3785 623 3846 sibiles
641 3804 706 3846 non
725 3786 834 3858 fuisse,
850 3805 870 3845 a
892 3805 1031 3864 quorum
1050 3804 1109 3865 ego
1128 3804 1195 3845 non
1216 3783 1357 3843 multum
1374 3782 1535 3843 abfuerim
1554 3785 1715 3860 procacia.

514 3869 560 3930 Et
578 3873 690 3929 tamen
709 3869 788 3930 dum
808 3869 888 3929 haee
907 3868 1047 3941 saciata
1065 3889 1107 3930 ex
1125 3869 1234 3927 animo
1252 3866 1373 3945 gloriae
1392 3885 1482 3926 meae
1497 3865 1608 3925 fauere
1622 3865 1715 3939 dicis,

469 3969 500 4019 55
514 3957 548 4012 et
562 3951 786 4012 humanissimi
801 3953 970 4012 monitoris
984 3959 1095 4032 partes
1110 3950 1276 4030 praedicas
1291 3955 1324 4009 te
1339 3950 1525 4028 suscepisse.
1565 3947 1715 4011 Perbelle

514 4035 614 4095 etiam
634 4053 727 4113 rogas
745 4041 783 4095 vt
803 4055 886 4114 quae
907 4035 1073 4113 reprendis
1092 4054 1132 4095 eo
1148 4034 1257 4094 animo
1277 4033 1442 4111 accipiam,
1462 4050 1528 4110 quo
1547 4031 1713 4094 dicuntur.

514 4116 554 4177 In
575 4116 665 4177 illem
688 4137 765 4178 vero
787 4124 879 4179 totus
904 4118 1066 4179 incumbis
1088 4117 1356 4195 obiurgationem,
1382 4135 1448 4194 qua
1472 4134 1531 4193 ego
1556 4114 1714 4177 aduersus

514 4219 665 4278 procaces
679 4220 758 4262 rsus
772 4201 915 4275 fuissem,
931 4201 1017 4262 vnde
1030 4207 1066 4262 et
1080 4207 1114 4262 ts
1128 4200 1172 4261 ad
1186 4199 1392 4260 scribendum
1413 4199 1575 4270 excitasti,
1590 4217 1631 4258 ex
1647 4218 1715 4278 qua

513 4288 552 4343 tu
577 4283 693 4357 multa,
719 4303 802 4363 quae
827 4285 907 4346 mihi
932 4284 1121 4358 obiectares
1147 4284 1230 4344 vitia
1255 4281 1420 4360 collegisti.
1464 4280 1652 4341 Conuitium
1679 4283 1713 4342 in

467 4374 501 4422 60
514 4374 688 4440 senectam,
717 4369 872 4428 sermonis
900 4368 1166 4439 inconstantiam,
1196 4372 1231 4426 et
1259 4365 1425 4444 quandam
1455 4364 1630 4425 iuuenilem
1660 4366 1713 4426 vel

513 4449 750 4512 exultationem
773 4450 825 4512 vel
848 4451 1083 4524 delirationem,
1108 4470 1167 4530 pro
1190 4449 1381 4510 deliratione
1406 4447 1508 4519 senili,
1534 4466 1634 4525 quam
1660 4467 1713 4509 me

513 4531 576 4594 tibi
600 4533 734 4595 dubitas
758 4534 921 4608 obiecisse,
948 4555 1047 4614 agens
1072 4553 1213 4595 causam.
1258 4533 1376 4610 Itaque
1406 4531 1560 4609 quoniam
1582 4549 1623 4590 ex
1650 4529 1712 4592 hac

513 4616 702 4695 suspicione,
725 4636 807 4696 quae
829 4620 895 4679 tuis
916 4618 1020 4679 literis
1042 4619 1237 4688 continetur,
1260 4617 1412 4675 uniuersa
1438 4612 1590 4693 pendent,
1616 4612 1713 4674 facile

514 4698 659 4760 intellexi
684 4702 787 4778 magis
809 4704 991 4783 conquisita
1016 4708 1051 4763 et
1073 4705 1190 4780 optata
1213 4719 1233 4759 a
1254 4706 1288 4760 te
1312 4719 1396 4777 quae
1418 4699 1452 4757 in
1473 4715 1524 4756 me
1545 4696 1713 4773 reprendis

466 4790 500 4849 ⁶5
514 4801 613 4861 quam
628 4782 763 4845 inuenta
777 4784 885 4846 fuisse.
930 4786 1024 4846 Hanc
1040 4802 1171 4845 causam
1186 4782 1285 4844 fuisse
1299 4783 1380 4842 duxi
1395 4780 1483 4859 quod
1499 4797 1590 4839 secus
1604 4778 1712 4841 multa

712 4944 769 4977 a.
866 4921 1489 4988 28-9.venerareturuLB:admirs1-cturd.
1578 4934 1619 4986 49.
1638 4923 1713 4987 geris
