4042 5900
403 692 499 771 2394]
730 691 854 755 FROM
874 691 1072 753 ANDREW
1093 689 1270 753 AwIATI
1562 692 1603 754 63

402 850 594 931 inspeciem
610 870 719 912 sacras
737 851 850 912 literas
869 871 937 912 non
954 851 1162 931 praetendat.
1207 848 1272 912 Cur
1288 850 1403 912 eadem
1423 852 1550 913 ratione
1568 852 1603 913 in
1615 876 1648 929 55

401 954 518 995 aarum
532 940 667 996 autores
680 954 747 996 non
762 935 951 996 declamat?
973 934 1064 995 Nihil
1075 934 1159 996 adeo
1169 935 1260 1013 pium
1271 940 1323 995 est
1334 934 1423 1014 quod
1432 935 1467 995 in
1478 936 1602 997 malum

403 1037 500 1078 vsum
515 1018 619 1079 abeis
634 1017 723 1079 trahi
737 1038 803 1079 non
818 1018 932 1097 possit,
948 1017 1109 1096 siquidem
1128 1016 1232 1097 ῥήτωρ
1249 1017 1383 1096 πονηρὸς
1401 1017 1474 1083 τούς
1491 1018 1602 1098 νόμους

401 1100 592 1179 λυμαίνεται.
608 1102 776 1163 Potuisses
790 1102 903 1180 itaque
922 1099 1016 1162 illum
1037 1101 1184 1162 libellum
1202 1102 1307 1162 sinere
1326 1102 1460 1181 impune
1478 1104 1600 1181 vagari,

402 1185 490 1246 sicut
504 1191 539 1246 et
552 1185 726 1265 plerosque
740 1184 822 1245 alios
836 1183 933 1246 huius
943 1185 1070 1264 generis
1084 1185 1142 1263 qui
1152 1183 1324 1245 autoribus
1334 1185 1413 1264 ipsis
1425 1186 1525 1259 oneri,
1534 1205 1601 1247 non

401 1268 530 1341 honori,
553 1274 641 1329 sunt.
681 1266 760 1341 Quis
775 1268 862 1328 enim
882 1268 1092 1347 imperatoris
1111 1268 1305 1347 cuiusquam
1324 1267 1451 1329 iactum
1470 1268 1599 1348 probet,
1613 1283 1647 1330 oo

401 1357 475 1412 tam
489 1350 671 1431 periculoso
685 1357 823 1412 externo
838 1351 924 1412 bello
938 1350 1048 1412 ciuilia
1061 1370 1154 1412 arma
1173 1351 1255 1412 adeo
1274 1352 1507 1431 intempestiue
1528 1371 1599 1432 per-

401 1436 604 1496 tractantis?
626 1434 788 1496 Videntur
802 1434 883 1496 mihi
897 1434 1054 1514 Theologi
1068 1433 1116 1494 illi
1127 1440 1255 1496 veteres
1266 1434 1300 1495 id
1309 1434 1510 1509 obseruasse,
1522 1442 1562 1497 vt
1572 1438 1601 1496 si

401 1537 471 1598 qua
495 1519 529 1578 in
552 1537 587 1579 se
612 1537 712 1597 opera
734 1517 911 1579 ederentur
935 1537 1021 1597 quae
1044 1518 1248 1579 orthodoxae
1275 1517 1355 1597 legis
1383 1520 1600 1580 autoritatem

401 1603 653 1662 maiestatemne
678 1601 919 1674 imminuerent,
936 1601 979 1662 ad
997 1620 1038 1662 ea
1059 1600 1284 1674 rescriberent,
1306 1620 1348 1662 ne
1371 1608 1599 1664 accusatorum

401 1683 531 1745 artibus
560 1683 771 1763 simpliciores
795 1684 1027 1764 deciperentur
1050 1691 1086 1745 et
1109 1690 1200 1745 recto
1225 1684 1360 1746 tramite
1384 1684 1597 1747 decederent:
1612 1700 1645 1759 65

401 1767 492 1846 quod
515 1768 542 1827 si
559 1768 735 1846 quicquam
756 1768 921 1842 obiectum
942 1774 1030 1829 esset
1051 1768 1140 1846 quod
1161 1768 1205 1829 ad
1225 1766 1457 1848 particularem
1479 1770 1530 1830 sui
1552 1770 1598 1829 in-

401 1851 521 1912 iuriam
550 1852 739 1930 pertineret,
765 1851 858 1912 nulla
887 1852 1097 1931 responsione
1120 1851 1351 1930 dignabantur.
1396 1850 1535 1914 Constat
1556 1852 1599 1914 ab

400 1934 541 1995 aemulis
556 1932 756 2013 Cyprianum
771 1933 840 1994 κατ’
855 1933 1063 2013 ἀντιστοιχίαν
1076 1933 1274 2014 Coprianum
1295 1935 1421 1996 dictum
1440 1935 1550 2009 fuisse,
1565 1941 1600 1997 et

400 2023 516 2078 tamen
537 2017 696 2078 aduersus
713 2017 772 2078 hos
788 2017 881 2079 nulla
900 2024 996 2079 extat
1017 2017 1105 2079 illius
1126 2020 1233 2079 sancti
1253 2018 1316 2078 viri
1333 2017 1501 2097 Apologia.
1545 2018 1598 2079 In-

400 2099 574 2161 simnlauit
588 2100 756 2162 Palladius
769 2103 967 2163 nominatim
981 2101 1222 2180 Hieronymum
1233 2101 1321 2179 quod
1332 2120 1408 2162 cum
1418 2102 1600 2181 virginibus
1613 2130 1647 2180 7⁰

400 2184 540 2245 nimium
563 2183 718 2263 frequens
742 2190 849 2258 esset;
882 2192 920 2246 at
942 2186 1044 2246 talem
1066 2185 1325 2246 obtrectatorem
1345 2185 1599 2264 irrepercussum

400 2266 528 2328 dimisit
543 2273 657 2329 tamen
672 2267 736 2341 ille,
753 2269 823 2329 sola
838 2269 920 2329 recti
935 2269 1135 2330 conscientia
1149 2272 1335 2329 contentus.
1359 2267 1598 2347 Relinquamus

400 2351 503 2430 igitur
516 2351 704 2412 huiuamodi
719 2352 933 2413 Anticatones
947 2352 1096 2425 ethnicis,
1106 2352 1252 2412 sinamus
1261 2350 1345 2412 tales
1359 2354 1599 2415 controuersias

399 2453 478 2495 curn
489 2433 752 2496 demonstratiuo
760 2455 875 2514 genere
883 2455 944 2497 suo
953 2434 1236 2513 Rhetoribus,qui,
1244 2436 1271 2495 si
1281 2454 1360 2496 vera
1368 2454 1433 2496 non
1443 2435 1597 2510 habeant,

400 2517 481 2578 ficto
494 2518 529 2578 in
544 2517 691 2579 themate
707 2519 912 2580 declament:
936 2519 1104 2579 imitemur
1122 2537 1182 2579 nos
1201 2517 1323 2579 Christi
1344 2518 1477 2579 Domini
1494 2522 1598 2581 nostri
1612 2548 1644 2599 75

399 2600 599 2681 exemplum,
609 2608 644 2662 et
658 2601 897 2663 insectantibus
911 2602 995 2663 bene
1010 2620 1188 2681 precemur.
1212 2601 1317 2674 Quam
1329 2602 1473 2681 opinaris
1481 2621 1598 2681 greum

399 2683 614 2764 eruditosque
642 2685 730 2746 viros
759 2684 843 2746 ferre
872 2685 1081 2758 sententiam,
1105 2703 1180 2744 cum
1206 2686 1239 2744 in
1263 2703 1381 2745 manus
1410 2683 1598 2747 huiusmodi

399 2773 631 2829 accusatorum
645 2773 780 2829 tuorum
791 2768 892 2830 libros
902 2768 1079 2848 accipiunt,
1089 2768 1117 2828 si
1127 2774 1239 2828 tamen
1251 2786 1397 2846 vnquam
1408 2768 1597 2846 accipiunt?

398 2850 553 2930 Fregitne
574 2850 637 2923 hic,
660 2852 825 2930 inquiunt,
848 2852 882 2911 in
904 2851 1078 2912 Erasmum
1099 2851 1287 2930 genuinum,
1303 2850 1393 2930 quod
1418 2851 1453 2911 in
1478 2851 1598 2913 diuinis

398 2934 559 2995 Erasmus
572 2935 659 2996 male
673 2936 818 2998 sentiat?
840 2935 974 2996 Minime
993 2955 1082 3007 vero,
1098 2954 1173 2996 oum
1188 2954 1248 2995 nec
1263 2934 1348 2996 liuor
1364 2934 1497 3014 quidem
1517 2935 1596 2997 obii·
1610 2949 1644 3000 80

398 3037 473 3079 cere
488 3017 522 3079 id
537 3020 567 3079 ei
581 3019 687 3098 possit
701 3019 825 3080 homini
840 3017 1084 3098 ὀρθοδαξοτάτῳ.
1107 3018 1148 3079 In
1163 3038 1238 3079 eum
1253 3018 1421 3079 inuehitur
1436 3019 1493 3098 qui
1508 3020 1598 3099 prior

398 3101 509 3162 laesus
517 3101 642 3164 fuerit?
663 3103 767 3182 Atqui
777 3102 870 3163 nulla
880 3103 1055 3164 extateiua
1066 3103 1129 3163 nisi
1139 3102 1309 3181 prouocati
1321 3101 1459 3162 dentata
1468 3102 1593 3164 charta.

397 3183 555 3264 Sequitur
571 3204 648 3266 ergo
666 3193 705 3247 vt
724 3187 814 3247 inani
831 3186 975 3265 quadam
994 3191 1030 3247 et
1049 3184 1180 3247 ethnica
1201 3185 1383 3246 ambitione
1402 3185 1494 3246 ducti
1516 3184 1595 3247 hmo

397 3270 599 3349 scripserint,
614 3269 822 3349 prodantque
836 3270 899 3349 ipsi
913 3270 1119 3349 impietatem
1133 3288 1236 3342 suam,
1257 3268 1336 3329 dum
1351 3268 1492 3329 alienam
1506 3269 1595 3330 dete·

396 3371 473 3430 gere
498 3358 670 3414 conantur.
714 3353 860 3426 Falleris,
886 3352 1032 3426 Phasma,
1057 3355 1086 3414 si
1109 3360 1180 3414 tam
1205 3351 1291 3413 male
1315 3352 1356 3413 de
1379 3353 1520 3413 nominis
1545 3353 1596 3413 tui
1609 3369 1641 3430 85

397 3436 573 3496 maiestate
594 3435 700 3515 deque
721 3436 944 3497 studiosorum
962 3437 997 3497 in
1014 3443 1048 3498 te
1068 3435 1280 3497 obseruantia
1301 3436 1426 3496 iudicas
1447 3441 1486 3497 vt
1509 3435 1594 3497 arbi-

397 3519 497 3579 treris
515 3518 704 3581 huiusmodi
724 3519 1022 3582 obtrectationibus
1040 3519 1082 3581 dc
1101 3539 1176 3581 arce
1196 3525 1230 3580 te
1249 3519 1444 3580 eruditionis
1465 3525 1500 3580 et
1520 3539 1593 3600 pro·

397 3601 524 3675 bitatis‚
556 3621 655 3681 qnam
682 3609 753 3665 tam
783 3604 840 3664 diu
869 3603 1028 3677 insedisti,
1054 3603 1225 3665 deturbari
1253 3621 1356 3682 posse.
1400 3603 1504 3680 Atqui
1529 3622 1595 3681 quo

396 3684 561 3746 doctiores
582 3694 661 3747 sunt
682 3689 739 3765 qui
758 3687 792 3747 in
810 3694 845 3749 te
866 3688 1078 3766 scripserunt,
1098 3707 1138 3748 eo
1159 3686 1281 3747 maiore
1302 3692 1384 3747 nota
1405 3686 1593 3760 inuruntur,

396 3768 488 3847 quod
499 3776 569 3830 tam
581 3770 747 3832 modicum
760 3771 917 3832 honorem
929 3770 1158 3832 communibus
1170 3770 1287 3831 studiis
1300 3769 1445 3830 habeant
1456 3774 1495 3830 vt
1507 3776 1541 3831 te
1552 3770 1594 3831 de
1606 3798 1640 3844 90

395 3852 443 3911 eis
452 3853 577 3931 optime
589 3855 744 3914 meritum
753 3855 872 3915 iniuria
880 3854 1008 3915 afficere
1018 3854 1213 3915 sustineant.
1240 3851 1326 3926 Quid
1337 3852 1490 3932 vulgares
1501 3853 1592 3914 etin·

395 3933 513 3996 doctos
527 3936 634 3996 dicere
648 3937 847 3999 credendum
862 3944 922 4010 est,
938 3957 1013 3998 cum
1028 3937 1112 3998 tales
1127 3937 1367 3997 controuersias
1381 3935 1464 3997 adeo
1479 3936 1593 3997 ardere

395 4018 485 4079 inter
498 4019 722 4081 doctrinarum
738 4020 947 4100 coryphaeos
966 4021 1104 4082 vident?
1126 4020 1215 4081 Bene
1235 4020 1344 4092 habet,
1361 4020 1525 4098 inquiunt,
1542 4026 1593 4081 est

395 4101 483 4162 vnde
512 4103 709 4181 imperitiam
738 4111 885 4165 nostram
911 4105 1064 4177 solemur,
1090 4123 1165 4164 cum
1189 4104 1261 4163 istis
1286 4103 1489 4181 sapientibus
1512 4103 1591 4164 haec

393 4184 554 4246 excidunt
573 4205 658 4265 quae
675 4188 709 4247 in
726 4187 820 4248 nobis
842 4207 939 4249 nemo
961 4207 1028 4248 non
1050 4187 1180 4248 rideret.
1224 4186 1323 4248 Vides
1344 4186 1444 4264 igitur
1465 4192 1638 4264 quant095

393 4268 500 4328 satius
513 4269 558 4329 sit
573 4270 672 4330 semel
688 4271 748 4332 hac
763 4271 804 4332 de
819 4291 853 4332 re
868 4272 1079 4343 constituere,
1088 4270 1283 4347 silentioque
1298 4271 1332 4330 in
1347 4276 1516 4349 posterum
1531 4269 1591 4332 hos

393 4349 524 4412 vloisci:
547 4351 695 4432 alioquin
716 4374 813 4433 quem
836 4374 982 4433 vnquam
1005 4355 1132 4414 exitum
1154 4372 1205 4413 res
1227 4353 1306 4413 haec
1330 4353 1489 4414 habebit?
1519 4352 1590 4433 δίκη

393 4432 484 4513 δίκην
503 4433 615 4506 ἔτικτε,
631 4435 683 4496 καὶ
698 4436 801 4518 βλαβὴ
821 4436 949 4518 βλαβήν.
988 4436 1086 4499 Vides
1108 4443 1147 4497 vt
1165 4436 1377 4497 breuissimus
1394 4436 1524 4496 libellus
1541 4438 1588 4497 in-

391 4519 541 4597 gentium
571 4519 777 4581 voluminum
806 4523 979 4582 seminaria
1008 4519 1140 4592 habeat,
1169 4526 1209 4580 vt
1237 4540 1278 4580 ex
1307 4539 1373 4580 vno
1402 4538 1508 4598 angue
1536 4525 1590 4581 tot

390 4599 527 4661 Cadmei
541 4602 660 4663 iratres
674 4605 846 4683 prodeant,
863 4610 902 4664 vt
921 4624 1006 4665 vnus
1025 4604 1171 4664 omnium
1192 4602 1464 4664 Ecclesiastarum
1484 4610 1652 4669 meta-100

389 4683 582 4764 morphosim
596 4687 804 4766 praetendat.
831 4686 1013 4749 Ostendisti
1027 4686 1164 4747 eruditis
1179 4686 1259 4765 quid
1273 4687 1421 4765 potueris
1435 4705 1510 4745 cum
1522 4686 1589 4748 talc

388 4776 623 4846 argumentum
648 4770 710 4831 tibi
734 4772 946 4833 tractandum
968 4771 1144 4843 censuisti;
1167 4769 1304 4831 ostende
1327 4789 1414 4830 nunc
1438 4771 1589 4847 quaesit

422 5000 464 5049 57.
481 4985 577 5052 ῥήτωρ]
601 4989 653 5039 See
675 4989 827 5055 Euripides
850 4989 896 5039 Fr.
916 5002 965 5052 597
1049 5002 1090 5052 97.
1110 4986 1181 5051 δίκη]
1198 4986 1339 5044 Gaisiord‚
1354 4986 1478 5037 Poroem.
1496 4986 1588 5038 Graec.

385 5054 522 5115 (Nfflkb
1014 5055 1160 5114 Zenobiae,
1171 5055 1210 5105 iii.
1222 5055 1264 5112 28,
1276 5068 1305 5118 p.
1317 5054 1376 5116 287.
