4042 5900
337 686 432 766 2434]
694 682 751 746 ro
772 680 907 746 ernon
928 681 1168 748 sumanus
1470 684 1530 746 141

335 843 485 905 excusari
495 848 636 924 poterat,
648 862 757 904 rerum
768 860 942 904 aurearum
952 841 1093 917 flumen3
1115 843 1173 904 sed
1181 842 1269 905 malo
1278 848 1395 922 χρυσοῦ
1401 840 1528 923 ῥέεθροε

335 927 424 1006 quod
438 933 478 987 vt
492 933 619 988 certum
634 932 694 999 est,
710 927 759 988 ita
773 945 839 988 non
853 932 928 1006 eget
985 927 1135 987 trocinio.

377 1010 533 1071 Aretinus
560 1010 644 1071 duos
670 1009 772 1071 libros
801 1011 903 1071 vertit
1017 1010 1238 1072 nomicorum:
1275 1027 1414 1089 quorum
1444 1010 1530 1072 alter

335 1099 447 1155 tamen
472 1112 539 1154 non
564 1094 652 1173 sapit
673 1092 895 1155 Aristotelem.
927 1091 1071 1154 Graecus
1090 1094 1232 1173 priorem
1252 1098 1385 1155 tantum
1408 1092 1528 1155 habet:

334 1179 392 1256 qui
402 1178 551 1256 sequitur
560 1176 731 1249 secundus,
742 1176 838 1256 longe
848 1176 1015 1238 diuersum
1026 1176 1128 1238 habet
1138 1182 1376 1255 argumentum.
1400 1177 1529 1239 Rursus
1541 1202 1574 1253 4ο

335 1260 385 1321 De
399 1260 524 1321 Mundo
538 1261 640 1321 vertit
655 1259 826 1321 Budaeus:
849 1279 915 1321 non
934 1266 986 1321 est
999 1259 1196 1333 Aristotelis,
1212 1279 1271 1321 neo
1286 1259 1466 1322 Rhetorica
1484 1261 1529 1322 ad

333 1343 568 1405 Alexandrum.
611 1342 702 1404 Haec
719 1343 896 1404 admonere
910 1344 1018 1404 visum
1033 1349 1093 1416 est,
1110 1343 1138 1403 si
1154 1342 1241 1404 forte
1260 1343 1416 1404 lectorem
1438 1343 1528 1405 voles

333 1427 510 1489 admonere
535 1432 596 1488 tua
619 1426 833 1506 praefatione.
876 1426 943 1487 Des
968 1426 1099 1488 veniam
1127 1431 1269 1505 oportet,
1299 1445 1365 1488 non
1394 1428 1529 1488 uacauit

334 1509 396 1571 hoc
420 1528 657 1590 recognoscere,
680 1511 832 1571 maximis
857 1510 1026 1571 laboribus
1051 1510 1181 1572 obruto.
1225 1509 1305 1571 Vale
1331 1510 1382 1571 vir
1409 1511 1528 1572 eximie

334 1593 479 1672 mihique
495 1592 693 1655 charissime.
1540 1617 1573 1671 45

1131 1676 1287 1738 Erasmus
1302 1675 1380 1738 Bot.
1396 1682 1485 1739 tuus.

646 1966 746 2028 2435.
793 1962 847 2028 Το
862 1961 1032 2029 omanus
1047 1961 1209 2029 Btoour.

292 2045 299 2058 ·
370 2092 405 2146 Τ.
420 2090 537 2155 Liuius,
552 2105 633 2161 1531.
648 2092 688 2147 α’.
1293 2091 1451 2163 Freiburg.

370 2167 467 2222 Lond.
481 2165 587 2221 xxviii.
603 2181 655 2234 15:
676 2166 839 2221 LB.1160.
1255 2182 1268 2221 1
1283 2166 1391 2222 March
1406 2182 1488 2237 1531.

366 2284 437 2345 [Tha
448 2285 560 2350 praiaco
571 2289 603 2334 to
615 2282 648 2335 Τ.
661 2284 742 2335 Maii
755 2320 761 2333 .
776 2321 783 2334 .
797 2321 804 2333 .
817 2282 965 2345 Historiae,
978 2284 1070 2342 Barla,
1083 2283 1204 2344 Froben,
1218 2297 1291 2348 1⁵31·

365 2352 425 2402 'l'ha
444 2351 551 2401 edition
568 2366 633 2401 uses
652 2351 703 2402 the
725 2364 773 2401 res.
793 2352 868 2411 (now
885 2350 952 2401 Cod.
971 2350 1033 2401 Pal.
1047 2350 1170 2402 Vindob.
1189 2350 1258 2415 phil.
1276 2350 1340 2401 Lat.
1359 2352 1407 2411 cv)
1426 2352 1456 2402 of
1475 2352 1526 2404 the

331 2418 394 2468 first
407 2418 463 2469 five
477 2418 567 2468 boolrs
581 2418 612 2468 oi
627 2417 677 2468 the
692 2417 759 2467 flith
773 2418 886 2476 decade,
900 2417 993 2469 which
1007 2433 1066 2468 was
1077 2418 1167 2468 iound
1182 2418 1222 2482 by
1233 2419 1261 2468 B.
1273 2416 1421 2483 Grynaeus
1432 2424 1464 2469 at
1474 2419 1526 2470 the

331 2490 494 2549 monastery
504 2485 534 2535 oi
543 2485 657 2535 Lorsch.
692 2484 752 2534 The
763 2497 811 2534 rte.
824 2500 881 2534 was
894 2490 960 2535 sent
970 2484 1010 2549 by
1021 2485 1081 2534 him
1092 2489 1124 2534 ιο
1133 2484 1254 2543 Froben,
1266 2485 1336 2534 with
1345 2484 1394 2536 the
1405 2486 1524 2551 stipula-

331 2552 393 2601 tion
405 2552 472 2601 that
487 2552 511 2601 it
526 2551 628 2602 should
644 2552 680 2601 he
695 2550 845 2615 published
860 2550 930 2602 with
944 2567 962 2601 a
975 2550 1140 2615 dedicatory
1153 2550 1239 2601 letter
1250 2551 1323 2601 irom
1334 2551 1482 2616 Grynaeus
1493 2558 1525 2603 ιο

330 2617 540 2669 Melanchthon.
575 2617 730 2683 Grynaeus¹
743 2618 940 2668 dedicationis
954 2617 1014 2668 still
1027 2622 1130 2668 extant
1145 2618 1203 2678 (see
1220 2617 1254 2667 0.
1269 2616 1392 2677 Clemen,
1407 2619 1525 2683 Supple-

329 2692 421 2736 mente
431 2684 703 2744 Meloncbtlroaiom,
717 2686 736 2743 i,
795 2721 801 2733 .
816 2685 928 2748 380-3);
947 2683 1001 2734 but
1015 2684 1126 2734 instead
1137 2685 1168 2735 oi
1183 2684 1207 2735 it
1218 2684 1330 2734 Froben
1341 2685 1457 2749 printed
1467 2686 1527 2736 this

330 2751 494 2816 dedicatory
500 2751 744 2802 lettertocharles
750 2699 859 2801 Blount
865 2751 938 2801 from
946 2751 1091 2802 Erasmus.
1120 2751 1232 2802 Froben
1239 2751 1374 2816 repeated
1380 2751 1525 2803 Erasmus’

331 2818 443 2882 praiaco
454 2819 483 2868 in
494 2834 513 2868 a
524 2834 585 2868 new
597 2818 705 2869 edition
719 2819 750 2868 oi
765 2831 838 2881 1535,
851 2818 922 2868 with
936 2822 1018 2867 notes
1033 2817 1073 2881 by
1083 2818 1192 2868 Beatus
1205 2817 1362 2869 Rhenanus
1372 2819 1431 2869 and
1442 2818 1524 2885 Sigis-

330 2884 419 2935 mund
430 2884 571 2943 Gelenius,
584 2885 729 2952 reprinted
740 2885 779 2949 by
790 2884 948 2951 Herwagen
960 2884 989 2934 in
1002 2897 1077 2949 1539,
1091 2897 1165 2949 1543,
1178 2886 1263 2949 1549]

381 3009 453 3054 ΗΕΒ.
471 3009 625 3054 BBASMVS
638 3008 888 3055 nomonsmvs
903 3009 1083 3055 GBNBBOSO
1097 3009 1329 3054 sucessorem
1344 3009 1474 3056 canoto

799 3093 966 3138 mortuom
981 3093 1007 3137 8.
1019 3093 1052 3137 D.

372 3185 452 3246 Ers1
480 3202 650 3263 nunquam
680 3184 840 3246 hactenus
861 3183 942 3245 mihi
968 3184 1107 3264 contigit
1132 3184 1248 3246 faciem
1274 3185 1395 3247 intueri
1420 3191 1524 3260 tuam,

330 3267 458 3329 iuuenis
481 3268 697 3340 ornatissime,
723 3274 835 3329 tamen
859 3268 894 3328 in
922 3269 990 3328 tuis
1019 3268 1062 3329 ad
1089 3287 1142 3329 me
1170 3267 1290 3329 litteris
1317 3269 1399 3329 mire
1423 3270 1524 3348 puris,

330 3351 445 3424 doctis,
467 3351 602 3430 argutis,
626 3351 748 3424 amicis,
771 3351 928 3424 candidis,
950 3352 1110 3430 optimam
1132 3353 1182 3412 tui
1203 3358 1341 3430 partem,
1367 3352 1523 3425 animum,

332 3435 378 3495 sio
394 3453 582 3514 expressam
598 3434 702 3508 video,
718 3441 758 3496 vt
771 3433 883 3496 nullus
896 3434 1028 3513 Apelles
1046 3435 1190 3515 corporis
1204 3435 1342 3514 effigiem
1356 3435 1390 3496 in
1408 3435 1525 3497 tabula

330 3524 573 3597 repraesentare
585 3518 689 3597 possit
699 3517 892 3579 euidentius.
923 3517 1005 3579 Tam
1017 3537 1108 3579 raras
1120 3525 1254 3597 tamque
1265 3518 1374 3579 varias
1384 3523 1524 3581 naturae
1536 3554 1552 3605 5

329 3607 407 3662 tuae
431 3600 535 3674 dotes,
558 3601 623 3661 ista
647 3602 840 3681 praesertim
864 3605 985 3675 aetate,
1011 3620 1113 3679 quum
1134 3601 1274 3662 libenter
1296 3607 1369 3662 tum
1395 3621 1524 3663 summa

329 3704 403 3746 cum
423 3685 526 3745 animi
542 3685 606 3745 mei
624 3684 798 3764 voluptate
817 3703 890 3745 sum
908 3683 1126 3745 exosculatus.
1170 3684 1332 3764 Equidem
1354 3684 1435 3745 nihil
1457 3704 1523 3747 non

329 3766 534 3847 praeclarum
553 3767 770 3845 expectabam
787 3787 808 3828 a
828 3764 1005 3828 Guilhelmi
1022 3767 1172 3829 Montioii
1188 3767 1263 3828 filio.
1308 3766 1371 3829 Sed
1385 3769 1523 3848 ingenue

328 3852 445 3923 fateor,
464 3850 559 3930 longe
576 3852 684 3911 vicisti
701 3870 793 3931 spem
814 3870 922 3912 meam
940 3870 1040 3929 quam
1057 3851 1098 3912 de
1115 3857 1175 3912 tuo
1196 3851 1347 3930 proiectu
1369 3871 1522 3933 concepe-

328 3953 409 3995 ram.
440 3933 523 3995 Eam
537 3933 709 4013 epistolam
722 3952 787 3994 non
801 3935 836 3994 in
851 3934 912 3995 hoc
927 3940 1060 3995 tantum
1076 3934 1224 4006 seruabo,
1236 3952 1302 4013 quo
1316 3954 1369 3996 me
1384 3935 1523 3997 subinde
1538 3972 1569 4009 10

328 4019 380 4078 tui
404 4016 682 4096 contemplatione
706 4017 857 4090 delectet,
884 4036 998 4079 verum
1027 4018 1128 4079 etiam
1152 4023 1192 4079 vt
1216 4016 1277 4078 hoc
1302 4019 1523 4081 instrumento

329 4108 439 4161 tecum
461 4100 553 4161 velut
575 4099 755 4180 obsignatis
779 4100 902 4162 tabulis
925 4120 1019 4180 agere
1041 4102 1173 4181 possim,
1199 4101 1263 4161 nisi
1291 4120 1358 4180 qua
1386 4102 1523 4182 coepisti

328 4185 518 4263 perrexeris,
555 4184 659 4245 donec
693 4185 783 4263 operi
818 4183 1037 4262 pulcherrimo
1071 4184 1286 4264 colophonem
1320 4185 1521 4265 imposueris.

328 4265 448 4328 Scribis
467 4268 555 4327 enim
575 4272 609 4327 te
629 4266 687 4327 illa
705 4287 778 4329 mea
792 4267 941 4347 epistola,
956 4287 1056 4347 quam
1071 4268 1206 4347 Adagiis
1221 4267 1366 4347 praefixi,
1381 4268 1522 4330 velutin

328 4350 496 4411 theatrum
511 4350 719 4429 productum,
734 4357 774 4412 vt
789 4350 883 4427 (velis
897 4350 994 4427 nolis)
1010 4352 1143 4431 cogaris,
1158 4350 1242 4412 bene
1256 4350 1380 4413 saltata
1398 4351 1520 4425 sabula,
1536 4386 1567 4436 15

327 4432 549 4495 multitudinis
570 4434 705 4495 auribus
726 4434 893 4512 oculisque
917 4435 1115 4496 satisfacere.
1159 4434 1231 4496 Hoc
1252 4435 1360 4495 oneris
1381 4435 1443 4496 tibi
1463 4454 1522 4515 per

327 4537 380 4578 me
394 4518 584 4597 impositum
599 4536 680 4590 esse,
695 4518 741 4579 mi
756 4516 879 4591 Carole,
895 4517 1043 4579 nondum
1063 4537 1141 4580 sane
1158 4537 1210 4579 me
1227 4519 1393 4598 poenitet:
1417 4517 1522 4579 altera

326 4659 401 4710 2434.
420 4661 461 4723 36.
480 4674 573 4709 rerum
582 4659 761 4724 aeripeimas:
778 4675 878 4711 uerum
890 4659 1009 4726 Gryaeei
1020 4660 1074 4725 Bp.
1137 4660 1212 4712 24³5.
1232 4675 1272 4726 14·
1284 4661 1360 4712 enim
1371 4675 1423 4711 om.
1434 4660 1520 4712 Mad.

360 4834 436 4884 2434.
454 4849 496 4897 43.
526 4833 714 4900 praelatione]
743 4833 804 4885 The
831 4835 899 4900 only
949 4836 999 4886 the
1010 4835 1091 4886 three
1101 4836 1194 4886 works
1204 4835 1271 4886 here
1281 4835 1392 4900 spoken
1401 4835 1441 4886 oi.

326 4901 438 4965 praiaco
449 4901 474 4951 is
485 4901 552 4952 that
559 4901 651 4951 which
661 4902 742 4951 bears
752 4902 897 4952 Erasmus’
982 4902 1057 4952 2435.
1075 4917 1101 4953 2.
1118 4902 1232 4964 litteris]
1245 4907 1297 4952 not
1307 4907 1418 4953 extant.

326 4983 418 5017 name.
453 4967 484 5017 It
494 4969 581 5018 refers
592 4973 624 5018 ιο
636 4968 770 5019 Aretinus
781 4968 836 5019 but
846 4974 898 5019 not
983 4983 1023 5034 14.
1041 4968 1173 5034 epistola]
1184 4968 1240 5035 Ep.
1252 4982 1326 5033 ²0²3·

326 5033 469 5094 Budaeus,
497 5034 623 5100 denying
649 5034 842 5100 authenticity
865 5040 898 5087 to
