4042 5900
331 684 426 768 2428]
625 684 681 750 ΤΟ
702 684 882 749 OONRAD
904 684 960 749 OF
980 684 1228 750 THUENGEN
1468 685 1528 749 123

331 851 371 906 vt
390 845 570 927 elegantius
592 865 613 907 a
635 843 766 908 Graecis
787 846 917 919 dicitur,
941 844 1155 925 ἀπροσηγορίᾳ
1174 846 1316 927 primum
1340 845 1528 925 refrigescit,

330 929 406 991 dein
430 929 591 1009 paulatim
615 931 782 1003 emoritur,
805 930 854 991 ita
875 929 1098 991 vicissitudine
1120 929 1306 991 litterarum
1326 935 1361 991 et
1383 928 1529 991 officiolis

330 1012 420 1074 vltro
433 1014 581 1092 citroque
595 1012 855 1074 commeantibus
869 1013 969 1074 alitur
983 1032 1021 1073 ac
1037 1018 1217 1092 vegetatur.

373 1095 503 1169 Verum,
517 1115 558 1157 ne
580 1102 674 1157 tuam
697 1095 738 1157 R.
759 1096 1009 1175 amplitudinem
1030 1095 1183 1157 inanibus
1202 1095 1400 1175 appellarem
1415 1094 1528 1169 literis,

330 1197 415 1258 quae
428 1179 510 1240 nihil
524 1179 683 1241 haberent
693 1184 824 1259 praeter
835 1178 968 1259 vulgare
982 1179 1191 1241 salutationis
1200 1180 1351 1252 officium,
1361 1178 1528 1240 Psalmum
1542 1199 1575 1236 20

329 1262 475 1335 adiunxi,
491 1282 588 1342 quem
602 1264 636 1324 in
651 1263 712 1323 hoc
727 1264 834 1342 ipsum
848 1264 971 1323 recenti
988 1261 1274 1324 lucubratiuncula
1292 1263 1441 1323 enarraui
1463 1280 1529 1341 quo

329 1365 397 1406 non
406 1346 511 1407 solum
522 1353 557 1407 te
567 1347 619 1407 tui
628 1345 755 1407 clientis
767 1345 1067 1418 commonefaceret,
1082 1347 1308 1408 verumetiam
1323 1365 1381 1406 ceu
1397 1346 1528 1406 xenium

330 1428 1073 1590 illibatumbulzindur
1086 1428 1461 1573 llhllhplmth
1476 1426 1529 1572 li

330 1596 510 1657 sacratiora
529 1597 693 1658 secedenti
711 1595 859 1657 nonnihil
874 1561 1030 1657 vtilita’tis
1051 1594 1251 1658 allaturum:
1275 1597 1300 1656 si
1316 1532 1397 1674 quigd
1417 1600 1529 1655 tamen
1542 1614 1575 1663 25

331 1679 463 1739 omnino
478 1678 530 1740 hio
544 1685 605 1752 est,
621 1678 710 1758 quod
723 1678 784 1740 tali
799 1679 945 1740 Praesuli
959 1678 1019 1739 vlli
1032 1680 1137 1759 possit
1151 1698 1220 1739 esse
1235 1681 1318 1739 veui.
1362 1676 1457 1739 Certe
1472 1697 1530 1758 per

329 1768 365 1822 te
388 1761 460 1823 aliis
478 1780 545 1823 non
563 1781 681 1842 parum
702 1761 830 1823 fructus
852 1781 1056 1824 accessurum
1076 1780 1178 1841 spero.
1222 1761 1291 1823 Nec
1312 1761 1429 1822 dubito
1448 1762 1529 1840 quin

330 1846 476 1924 optimus
495 1851 609 1926 pastor
630 1847 664 1906 in
686 1847 752 1907 tuis
774 1844 872 1906 lucris
890 1864 1040 1907 numeres
1060 1844 1215 1924 quicquid
1230 1844 1297 1905 vllo
1312 1849 1411 1924 pacto
1425 1845 1530 1924 gregis

330 1926 493 1988 Dominioi
507 1930 666 2008 pietatem
678 1928 730 1990 vel
744 1928 884 1990 adiuuat
893 1928 945 1990 vel
956 1930 1100 1990 excitat:
1122 1929 1175 1989 cui
1189 1928 1332 1989 fouendo
1341 1928 1530 2006 tuendoque

329 2016 526 2154 pesummus
540 2012 595 2073 ille
614 2017 785 2093 pastorum
800 2012 954 2093 Princeps
969 2019 1007 2074 vt
1022 2011 1306 2091 quamdiutiesime
1320 2016 1429 2073 seruet
1443 2010 1529 2071 inco·
1544 2029 1578 2081 30
1654 2042 1658 2054 ι

344 2113 453 2156 umem
467 2114 591 2173 precor.

373 2176 622 2239 vetustissimus
639 2198 710 2240 mos
731 2184 782 2240 est
804 2184 843 2239 vt
863 2178 997 2241 clientes
1016 2198 1055 2240 ao
1069 2178 1179 2240 liberti
1194 2177 1332 2239 subinde
1347 2178 1446 2238 misso
1460 2196 1530 2238 mu-

330 2260 467 2322 nusculo
495 2266 625 2341 gratam
649 2282 726 2342 erga
754 2267 913 2342 patronos
941 2262 1149 2324 voluntatem
1178 2266 1390 2323 testarentur.
1444 2260 1532 2322 Puta

331 2345 432 2423 igitur
445 2344 529 2406 hanc
544 2364 613 2406 esee
627 2344 808 2407 strenulam
824 2366 844 2407 a
865 2345 1022 2407 clientulo
1037 2347 1145 2406 tenuis
1160 2345 1293 2425 quidem
1307 2343 1460 2406 fortunae
1474 2342 1531 2405 sed

330 2427 444 2489 deuoti
468 2429 569 2489 animi
591 2427 783 2508 proiectam.
1545 2447 1577 2499 35

373 2510 473 2593 Apud
487 2511 682 2592 Friburgum
694 2512 858 2593 Brisgoiae
871 2531 958 2574 nono
973 2511 1040 2574 Cal.
1056 2512 1203 2575 Martias.
1219 2512 1281 2574 An.
1297 2528 1469 2573 rnnxxxr.

618 2803 718 2864 2429.
766 2798 818 2864 To
833 2798 1024 2865 Borissos
1041 2800 1249 2866 Aurenses

370 2927 463 2984 Basle
475 2926 540 2983 MS.
554 2927 623 2984 AN.
637 2928 699 2984 III.
716 2941 759 2997 15.
777 2932 821 2984 16.
1262 2927 1421 2998 Freiburg.

370 3004 406 3070 Q.
420 3007 467 3060 60.
1189 3021 1223 3060 21
1238 3004 1398 3074 February
1414 3003 1495 3075 153ff.

366 3121 424 3183 [An
441 3122 560 3188 original
582 3122 677 3183 letter,
700 3123 861 3189 autograph
881 3123 1074 3189 throughout.
1092 3124 1143 3174 the
1165 3139 1244 3189 year·
1235 3123 1314 3173 date
1336 3127 1415 3172 must
1437 3121 1500 3172 be
1491 3137 1533 3171 ur·

231 3183 236 3193 ’
332 3191 478 3255 terpreted
501 3204 533 3240 as
554 3203 617 3253 1531
639 3190 732 3255 owing
748 3196 780 3241 to
800 3191 945 3242 Erasmua’
966 3191 1130 3243 Admonitio
1149 3191 1207 3241 and
1227 3189 1430 3255 Eppendorfl’s
1452 3188 1535 3240 Iacto

332 3255 877 3323 Qonelc,seeEpp.1122introd,1934
889 3258 985 3310 introd
987 3257 1007 3321 .]

375 3361 406 3425 S.
428 3364 464 3425 P.
487 3362 643 3425 Nicolaus
671 3364 864 3446 Episcopius
892 3367 1003 3427 iniecit
1031 3365 1112 3426 mihi
1140 3365 1248 3426 nescio
1269 3364 1350 3443 quid
1379 3361 1534 3443 scrupuli,

333 3466 435 3525 quum
457 3452 606 3508 narraret
627 3453 661 3508 te
682 3448 779 3509 isthic
801 3469 931 3510 manere
952 3451 1077 3511 iussum
1091 3448 1135 3510 ad
1150 3448 1219 3509 dies
1232 3453 1318 3521 octo,
1334 3446 1456 3526 alioqui
1471 3446 1535 3507 huo

333 3529 549 3591 adornantem
563 3531 636 3591 iter.
679 3531 805 3593 Deinde
820 3533 906 3594 dixit
924 3534 1033 3594 nescio
1051 3532 1131 3612 quid
1151 3531 1191 3592 de
1207 3531 1326 3592 litteris
1345 3530 1535 3608 interceptis

374 3633 391 3674 r
410 3613 574 3693 quendam
598 3613 673 3674 huio
695 3616 863 3676 venationi
882 3617 1058 3677 intentum.
1102 3614 1203 3695 Spero
1222 3621 1310 3675 recte
1327 3613 1396 3674 fore
1414 3613 1533 3674 omnia.

333 3633 397 3757 gd
417 3698 544 3757 vtinam
562 3716 614 3757 me
629 3696 726 3758 fallat
740 3716 814 3759 mea
828 3698 998 3772 diuinatio
1020 3718 1086 3777 qua
1105 3717 1232 3778 semper
1246 3698 1350 3758 metui
1364 3716 1404 3757 ne
1418 3712 1564 3775 parums

333 3778 413 3840 felix
426 3785 513 3840 esset
525 3779 586 3840 tibi
601 3779 837 3860 Resp<ublioa>
849 3801 922 3842 oum
938 3783 1031 3842 ouius
1045 3781 1305 3842 moderatoribus
1319 3785 1405 3841 esset
1420 3778 1482 3840 tibi
1495 3778 1536 3839 de

334 3862 486 3942 religione
510 3862 690 3925 dissidium.
735 3863 775 3925 In
804 3864 864 3925 tali
892 3871 983 3926 statu
1009 3884 1076 3925 non
1101 3872 1153 3926 est
1177 3866 1273 3924 anxie
1297 3865 1343 3924 rei
1365 3862 1536 3923 familiaris

334 3945 485 4007 habenda
507 3947 602 4007 ratio.
646 3946 692 4007 Et
714 3947 899 4028 neglectum
921 3947 1181 4009 emolumentum
1207 3946 1345 4008 honesta
1374 3947 1414 4006 de
1437 3963 1537 4006 eausa

335 4048 430 4109 saepe
444 4048 520 4090 cum
534 4028 667 4091 foenore
681 4036 799 4111 pensat
814 4031 911 4092 Deus.
955 4030 1044 4093 Noui
1063 4037 1142 4092 tuae
1156 4030 1274 4091 indolis
1288 4030 1536 4108 ingenuitatem,

334 4131 394 4256 Ego
423 4114 536 4193 ignoro
565 4114 773 4192 quorundam
801 4114 965 4176 maleficas
994 4114 1139 4188 insidias,
1168 4113 1289 4193 quibus
1317 4118 1394 4173 ante
1427 4112 1538 4172 omnia
1552 4127 1584 4165 ιο

381 4202 451 4257 unt.

377 4279 494 4341 Nescio
510 4299 552 4340 an
567 4280 630 4341 tibi
645 4282 827 4360 scripserim
842 4283 882 4343 de
897 4282 1064 4343 Thrasone
1077 4287 1201 4354 nostro,
1217 4281 1275 4360 qui
1290 4279 1403 4341 scribit
1422 4278 1466 4340 ad
1486 4297 1539 4339 me

334 4382 368 4424 se
382 4369 533 4424 coactum
549 4366 724 4443 sumpsisse
738 4365 901 4426 calamum
920 4386 958 4428 ac
978 4372 1093 4427 nostro
1108 4363 1218 4426 libello
1232 4363 1445 4443 respondisse,
1462 4361 1539 4422 ‘sed

334 4452 447 4508 tamen
462 4446 663 4509 moderatius
676 4467 777 4528 quam
791 4449 983 4529 postulabat
997 4451 1044 4512 rei
1055 4449 1214 4511 atrocitas
1225 4447 1243 4509 '.
1281 4447 1423 4508 Pessime
1438 4444 1539 4506 habet

418 4588 494 4638 2428.
513 4602 555 4654 24·
573 4589 682 4655 aliquid
692 4587 726 4654 βε
743 4589 859 4655 aliquod
871 4609 896 4641 ι.
1007 4594 1050 4654 36.
1069 4603 1221 4641 mnmr.
1235 4607 1268 4639 a:
1287 4599 1406 4638 unm.
1418 4585 1444 4650 β.

369 4772 444 4822 2429.
463 4785 490 4850 ⁷:
505 4772 665 4835 dissidium]
752 4774 911 4826 Bonilace's
963 4774 1088 4837 (seeE.
1100 4773 1307 4837 2519introd..)

335 4839 490 4891 troubles
482 4855 511 4889 ιιι
531 4840 689 4891 connexion
710 4840 780 4892 with
797 4842 910 4893 attend·
1000 4855 1040 4892 12
1057 4787 1251 4902 itinerans
1253 4836 1413 4904 ppendorfl.

334 4921 404 4956 anoe
429 4910 461 4957 at
486 4907 537 4956 the
560 4906 725 4957 sacrament
749 4907 869 4959 reached
893 4924 911 4960 a
1000 4922 1040 4972 13.
1058 4914 1156 4959 nostro
1184 4907 1289 4968 libello]
1317 4905 1368 4955 the
1396 4903 1541 4956 Adam

334 4973 414 5023 crisis
438 4973 509 5023 with
535 4973 585 5024 the
607 4973 784 5040 publication
806 4975 836 5027 oi
860 4975 912 5027 the
963 4974 1138 5027 mendacium
1168 4981 1193 5025 el
1221 4971 1436 5025 οὸιιιιιιιὲοιιιιι
1462 4970 1542 5023 atille

335 5039 581 5105 6’Βιιιιιοιιιιιιιιις
607 5055 645 5092 on
672 5054 703 5107 14
731 5041 911 5106 Deo.153o;
963 5040 1372 5106 admitto,l¹rerbarg.1530
