4042 5900
511 644 554 708 94
840 642 1038 707 LETTERS
1059 641 1115 706 OF
1135 639 1341 708 ERASMUS
1615 640 1712 719 [1530

512 806 615 867 vestri
629 804 703 884 typi
720 806 786 865 iam
806 805 900 866 annis
920 803 1031 865 decem
1053 809 1222 883 parantur.
1267 802 1380 864 Patiar
1399 806 1438 861 vt
1459 819 1512 862 me
1533 798 1711 880 plusquam

513 889 619 949 amico
633 888 772 949 vtamini
786 887 886 949 modo
899 906 941 948 ne
955 893 995 948 vt
1008 906 1113 949 seruo.

554 969 744 1032 Goelenium
769 989 835 1032 non
859 972 1008 1050 poenitet
1031 970 1180 1043 Erasmii,
1206 969 1320 1031 scribit
1341 969 1428 1029 enim
1453 986 1488 1027 se
1513 984 1589 1027 mea
1611 984 1711 1026 eausa

466 1077 499 1129 25
513 1060 665 1134 paratum
681 1054 786 1115 iacere
800 1056 920 1115 omnia.
964 1053 1009 1115 Et
1024 1053 1085 1115 boc
1104 1054 1235 1115 nomine
1254 1052 1394 1113 libenter
1413 1050 1463 1111 illi
1483 1049 1598 1122 debeo,
1621 1048 1711 1128 quod

512 1156 650 1216 puerum
676 1138 874 1198 destitutum
899 1137 942 1198 ad
964 1156 998 1198 se
1024 1138 1154 1216 recepit.
1199 1135 1251 1197 Ibi
1275 1135 1458 1197 declarauit
1483 1153 1517 1194 se
1541 1152 1613 1194 esse
1634 1152 1711 1194 vere

511 1222 663 1281 amicum.
707 1220 756 1281 De
779 1220 962 1281 eruditione
979 1219 1059 1299 quid
1082 1220 1279 1300 sperandum
1300 1220 1342 1279 sit
1360 1218 1477 1279 nescio.
1521 1216 1649 1278 Tamen
1665 1216 1711 1277 sic

512 1302 655 1364 arbitror
679 1302 796 1365 melius
820 1305 925 1383 perire
954 1323 1087 1383 operam
1116 1309 1151 1364 et
1175 1305 1366 1383 impensam,
1391 1320 1491 1380 quam
1520 1300 1549 1360 si
1577 1298 1711 1361 sordido

512 1388 635 1448 seruiat
649 1388 857 1466 negociatori.
901 1387 946 1448 Et
966 1388 1102 1448 Louanii
1116 1389 1239 1466 poterit
1254 1388 1365 1447 viuere
1379 1384 1508 1446 etiamsi
1529 1402 1598 1444 non
1615 1383 1712 1444 viuat

465 1493 499 1543 3⁰
511 1470 600 1550 apud
618 1470 819 1532 Goelenium.
863 1470 1071 1549 Quamquam
1089 1469 1262 1531 Goclenius
1283 1469 1325 1530 de
1342 1488 1382 1530 eo
1401 1466 1484 1529 nihil
1502 1466 1612 1528 adhue
1631 1484 1710 1545 que·

511 1560 583 1615 stus
602 1560 661 1615 est.
705 1553 800 1627 Quod
820 1554 847 1614 si
868 1553 1037 1614 vocandus
1058 1560 1143 1615 esset
1164 1553 1207 1614 ad
1229 1559 1335 1614 artem
1355 1552 1575 1613 sedentariam
1595 1549 1711 1611 malim

511 1637 605 1698 illum
615 1637 907 1698 fieriscriniarium.
939 1635 1110 1716 Opificium
1120 1643 1171 1697 est
1180 1636 1377 1713 mun(dum>
1386 1642 1421 1696 et
1430 1634 1520 1696 domi
1529 1633 1711 1713 peragitur,

511 1726 546 1781 et
564 1720 760 1800 discipulum
775 1739 944 1799 nunquam
959 1722 1038 1780 sinit
1052 1739 1121 1781 esse
1138 1721 1292 1789 ociosum,
1308 1725 1344 1780 et
1360 1719 1478 1798 quouis
1496 1716 1569 1777 loco
1586 1735 1641 1777 ars
1659 1722 1713 1778 est

510 1804 545 1864 in
577 1805 694 1883 precio.
745 1803 844 1883 Apud
879 1805 1101 1882 negociatores
1137 1822 1265 1864 summa
1300 1808 1352 1864 est
1387 1799 1712 1863 adolescentulorum

464 1909 497 1960 35
510 1887 707 1966 corruptela,
723 1886 827 1948 donec
841 1888 977 1947 veniant
992 1886 1035 1947 ad
1050 1885 1192 1947 scabiem
1206 1885 1367 1965 gallicam.

552 1969 723 2043 Quirinum
737 1989 847 2031 meum
862 1970 995 2030 dimitto
1014 1971 1048 2030 in
1068 1969 1280 2030 Hollandiam
1297 1971 1332 2029 in
1350 1968 1465 2048 Aprili,
1483 1967 1625 2029 fortasse
1643 1984 1715 2028 non

510 2053 702 2115 rediturum.
748 2053 780 2115 Si
805 2052 908 2114 vultis
933 2054 1119 2114 Erasmium
1148 2072 1217 2114 esse
1245 2051 1335 2131 apud
1363 2071 1416 2113 me
1440 2055 1581 2111 estatem
1612 2049 1713 2123 hanc,

509 2137 612 2198 donec
634 2137 834 2217 dispiciatur,
857 2138 965 2197 minus
986 2136 1154 2216 impendet
1174 2136 1264 2216 apud
1284 2155 1346 2208 me,
1364 2141 1398 2196 et
1419 2134 1523 2195 discet
1544 2138 1714 2212 quantum

510 2220 641 2281 discunt
665 2220 790 2281 famuli.
835 2219 1024 2281 Consultius
1047 2225 1159 2280 tamen
1181 2219 1324 2280 arbitror
1346 2224 1385 2279 vt
1406 2217 1544 2278 Iouanii
1561 2223 1712 2278 maneat.

463 2326 497 2377 4⁰
509 2303 585 2365 Non
600 2308 651 2364 cst
665 2305 824 2383 pessimus
838 2302 991 2375 famulus,
1007 2304 1136 2364 etiamsi
1150 2302 1328 2382 discipulus
1343 2307 1395 2362 est
1408 2299 1635 2381 permolestus.

551 2385 721 2465 Grynaeus
735 2388 826 2447 misit
839 2387 882 2447 ad
893 2406 946 2448 me
957 2385 1131 2448 Claudium
1141 2386 1392 2457 adolescentem,
1401 2383 1526 2445 addens
1536 2382 1714 2445 seaudisse

508 2489 549 2531 ex
565 2475 599 2531 te
613 2469 702 2548 quod
718 2489 868 2550 cuperem
884 2469 1056 2530 famulum.
1093 2468 1139 2530 At
1149 2488 1208 2548 ego
1219 2470 1366 2549 suspicor
1375 2467 1469 2528 illum
1480 2484 1550 2527 esse
1559 2484 1712 2527 erronem

509 2552 752 2633 Euangelicum.
797 2553 883 2615 Nam
905 2553 995 2633 apud
1018 2552 1188 2626 Quirinum
1206 2552 1313 2613 fassus
1327 2557 1379 2612 est
1393 2570 1427 2611 se
1441 2554 1553 2630 petere
1567 2547 1712 2611 Witten-

508 2636 650 2716 bergam,
665 2656 724 2697 nec
739 2637 803 2698 huc
818 2638 919 2710 venit,
935 2642 974 2697 vt
991 2636 1217 2709 famularetur,
1232 2634 1290 2695 sed
1305 2641 1344 2695 vt
1358 2635 1516 2695 viaticum
1534 2631 1711 2712 acciperet.

462 2740 495 2791 45
509 2719 594 2780 Dedi
618 2720 666 2780 illi
691 2740 791 2800 supra
814 2721 897 2781 duos
925 2720 1064 2781 florenos
1086 2738 1211 2781 aureos.
1235 2716 1355 2797 Scripsi
1383 2716 1535 2796 Grynaeo
1563 2721 1603 2777 vt
1632 2733 1712 2777 eum

509 2809 656 2864 seruaret
670 2803 819 2864 Basileae
835 2805 913 2864 treis
930 2822 1066 2875 menses,
1082 2804 1117 2863 in
1135 2803 1278 2881 singulos
1293 2819 1419 2863 menses
1436 2799 1602 2881 pollicitus
1617 2817 1710 2861 coro·

508 2893 646 2960 natum;
669 2889 697 2947 si
717 2887 752 2947 id
771 2886 883 2960 nollet,
906 2886 1044 2948 adderet
1062 2886 1145 2947 duos
1166 2886 1305 2947 florenos
1322 2904 1382 2967 pro
1401 2884 1532 2945 viatico.
1577 2880 1652 2956 Sed,
1669 2888 1712 2943 vt

509 2970 614 3043 video,
644 2970 861 3049 Euangelicus
890 2990 962 3031 erro
990 2978 1081 3032 recta
1109 2970 1252 3032 contulit
1280 2990 1315 3031 se
1339 2969 1606 3048 Argentoratum,
1632 2967 1711 3028 dein

509 3053 780 3132 Wittenbcrgam.
824 3053 899 3115 Non
927 3054 1077 3133 indignor
1105 3054 1266 3133 Grynaeo,
1295 3072 1373 3114 nam
1401 3058 1436 3112 et
1464 3050 1559 3112 illum
1592 3051 1712 3131 opinor

462 3136 633 3204 sofefellit
678 3137 785 3198 Malus
799 3138 911 3216 genius
926 3137 1057 3198 auferat
1071 3140 1152 3199 istos
1172 3136 1395 3216 Euangeliccs.
1439 3133 1575 3196 Gaudeo
1594 3139 1710 3195 tamen

507 3240 559 3282 me
568 3220 610 3282 ab
627 3220 683 3281 illo
698 3220 875 3281 liberatum
889 3240 966 3281 esse.
1012 3220 1100 3281 Bene
1116 3220 1189 3281 vale
1205 3239 1280 3281 cum
1294 3220 1406 3280 amicis
1421 3216 1661 3291 communibus,
1672 3222 1710 3278 et

507 3306 616 3366 saluta
631 3304 846 3365 Bonifacium.

548 3388 707 3467 Friburgi.
726 3388 773 3448 18.
790 3386 858 3448 Cal.
875 3387 1055 3448 Ianuarias.
1074 3401 1163 3462 1530.

549 3471 723 3552 Responde
738 3489 841 3549 quum
855 3472 997 3550 primum
1012 3470 1133 3531 licebit.

460 3571 492 3622 55
1313 3552 1470 3614 Erasmus
1484 3569 1560 3612 vere
1574 3556 1664 3612 tuus.

548 3662 592 3724 M.
608 3662 812 3742 Hieronymo
827 3661 923 3723 Frob.
967 3661 1125 3723 Basileae.

798 4046 898 4107 2413.
947 4040 1056 4107 Esou
1073 4042 1247 4108 Eassuus
1263 4040 1414 4107 Sesars.

543 4178 637 4234 Basle
649 4177 714 4235 MS.
729 4178 833 4234 Scheti
846 4178 1007 4250 Epistolaa
1022 4196 1068 4252 ²4·
1368 4256 1385 4308 8
1399 4179 1590 4309 DAntwbebrp.

1351 4269 1363 4307 1
1429 4270 1513 4309 ecam
1553 4268 1668 4323 r1530.

538 4381 597 4443 [An
608 4381 725 4446 original
737 4381 831 4439 letter,
843 4382 1003 4447 autograpb
1016 4382 1102 4433 tbrou
1120 4383 1201 4432 hout.
1236 4382 1296 4431 The
1308 4380 1455 4445 year-date
1467 4381 1491 4430 is
1502 4379 1657 4430 confirmed
1669 4380 1709 4445 by

504 4449 556 4500 tbe
567 4453 709 4499 contenta.
744 4447 804 4498 The
821 4448 907 4499 letter
923 4464 982 4499 was
993 4448 1077 4513 delay
1125 4450 1154 4498 in
1167 4450 1270 4499 transit
1285 4448 1342 4497 aud
1357 4446 1498 4512 probably
1509 4453 1561 4498 not
1578 4446 1707 4498 received

505 4516 544 4582 by
556 4516 692 4566 Erasmus
703 4514 777 4564 until
788 4515 865 4566 June
879 4529 941 4579 1531
953 4533 960 4565 ε
978 4516 1016 4566 ci.
1029 4515 1105 4581 Epp.
1118 4517 1195 4580 2487,
1208 4515 1295 4577 2500]

701 4639 778 4690 2412.
798 4652 841 4702 5ο.
860 4641 974 4691 auferat
985 4641 1099 4705 scripsit
1110 4641 1144 4690 P.
1156 4638 1187 4689 S.
1200 4639 1298 4690 Allen:
1316 4645 1432 4690 suaerat
1443 4638 1508 4690 Ma.

535 4807 611 4858 2412.
629 4821 671 4871 41.
695 4807 855 4869 Claudium]
878 4807 991 4872 Except
1013 4808 1080 4859 that
1130 4807 1330 4857 Erasmuswaa
1338 4805 1706 4872 wronginsupposingbim

501 4873 538 4925 ba
548 4888 628 4924 came
639 4874 712 4925 irem
724 4873 804 4924 Paris
815 4875 1079 4925 thereseemstobe
1129 4879 1161 4924 to
1178 4873 1251 4924 have
1268 4888 1340 4938 gone
1357 4880 1389 4925 to
1406 4873 1593 4939 Wittenberg‚
1611 4873 1656 4924 lor
1668 4872 1707 4925 he

501 4955 539 4992 no
546 4940 608 4990 clue
616 4945 647 4991 to
655 4941 700 4991 his
708 4941 846 5006 identity;
863 4955 910 4991 see
917 4941 992 5007 Epp.
1001 4955 1077 5006 2433,
1129 4940 1187 4992 had
1198 4941 1333 4991 returned
1344 4945 1376 4992 tc
1387 4939 1480 4992 Baala.

502 5021 577 5074 2434,
601 5007 674 5058 irem
699 5007 791 5058 which
814 5008 838 5058 it
862 5022 986 5073 appears
1011 5009 1078 5059 that
