4042 5900
317 695 414 775 2405]
618 688 741 754 FROM
762 688 1007 755 GERMANUS
1028 688 1217 755 BRIXIUS
1474 690 1515 753 83

318 864 385 924 que
404 843 522 905 lubens
539 843 648 923 ipsum
668 842 887 905 Homiliarum
906 861 989 923 opus
1008 843 1199 904 vniuersum
1218 842 1299 903 mihi
1319 841 1516 904 vertendum

318 927 564 1007 desumpserim.
608 926 681 987 Hoc
700 933 813 987 autem
831 933 936 1006 perte
965 926 1046 988 mihi
1060 933 1099 987 vt
1116 926 1214 988 liceat
1228 925 1351 999 malim
1367 944 1467 1004 quam
1481 927 1516 986 in

316 1011 416 1072 huius
430 1009 483 1072 vel
496 1009 618 1071 laboris
632 1009 685 1070 vel
706 1010 827 1089 gloriae
846 1011 1037 1071 societatem
1056 1015 1216 1088 tanquam
1231 1010 1265 1070 in
1279 1028 1402 1089 equum
1416 1009 1515 1071 troia·
1528 1038 1577 1089 205

316 1113 398 1155 num
413 1100 523 1155 tecum
537 1092 669 1154 includi.
713 1092 819 1166 Quam
834 1093 972 1154 solidam
986 1093 1123 1173 gloriam
1138 1094 1165 1153 si
1179 1092 1260 1154 mihi
1273 1111 1340 1154 non
1350 1092 1515 1166 inuideris,

317 1177 462 1257 optarim
476 1178 584 1257 ipsum
599 1175 689 1255 quod
706 1178 924 1257 proscripsisti
942 1183 1073 1256 tempus
1091 1178 1267 1256 prorogari.
1311 1175 1364 1237 Me
1383 1175 1516 1254 quidem

316 1268 405 1322 certe
420 1259 527 1322 fateor
538 1261 626 1321 intra
634 1260 826 1339 praescripti
833 1260 977 1321 eiusdem
992 1261 1149 1321 terminos
1163 1262 1269 1339 operis
1280 1259 1516 1320 confectionem

316 1342 819 1423 qualencunquetibipraestare
829 1363 932 1422 posse.
962 1341 1026 1404 Sed
1037 1349 1149 1404 tamen
1160 1363 1261 1421 quam
1272 1343 1403 1421 reliquie
1412 1342 1514 1421 Chry-

316 1428 456 1489 soetcmi
469 1427 609 1507 scriptis,
620 1445 705 1505 quae
720 1445 780 1487 nos
794 1433 894 1487 antea
908 1432 942 1487 te
957 1426 1096 1487 authore
1112 1433 1146 1487 et
1161 1427 1331 1488 hortatore
1346 1427 1514 1498 vertimus,
1528 1454 1578 1491 κιο

316 1510 522 1590 diligentiam
544 1513 656 1588 (quam
675 1515 714 1570 tu
736 1510 830 1571 nobis
851 1516 973 1583 tamen,
996 1511 1024 1570 si
1047 1509 1148 1570 Musis
1169 1510 1288 1590 placet,
1308 1509 1515 1570 lentitudinis

317 1595 450 1655 nomine
468 1594 676 1654 coniunctam
691 1592 826 1670 obiicie),
842 1612 972 1654 seruare
993 1593 1176 1666 voluimus;
1199 1595 1248 1654 ita
1261 1594 1349 1654 enim
1363 1592 1514 1665 solemus,

317 1679 376 1757 qui
396 1676 564 1738 doctrinae
586 1683 688 1755 atque
705 1676 914 1755 eloquentiae
939 1695 1056 1757 parum
1080 1676 1219 1738 fidimus.
1272 1675 1306 1737 Si
1327 1676 1407 1755 quid
1428 1674 1514 1737 forte

316 1760 520 1840 indiligentia
543 1759 694 1821 Homiliis
717 1759 833 1820 iisdem
855 1760 1021 1821 vertendis
1041 1767 1213 1839 peccatum
1242 1779 1263 1821 a
1284 1758 1379 1820 nobis
1402 1758 1513 1833 inerit,

315 1844 412 1905 crede
426 1843 515 1917 mihi,
531 1843 706 1922 superioris
720 1862 740 1903 a
754 1843 849 1904 nobis
860 1843 1047 1922 diligentiae
1061 1845 1147 1905 ratio
1161 1845 1319 1921 exigetur,
1335 1862 1401 1904 non
1416 1862 1512 1904 excu-
1527 1866 1577 1918 215

316 1927 405 1988 sabit
427 1928 629 2005 obsequium.
685 1926 766 1987 Mihi
793 1946 891 2006 porro
914 1933 949 1988 et
971 1927 1104 2006 alioqui,
1130 1928 1259 2005 quoties
1287 1926 1412 2004 aliquid
1440 1945 1514 1987 sum

315 2010 496 2084 aediturus,
514 2008 534 2089 ἡ
555 2008 638 2070 κύων
658 2008 717 2069 ὑπὸ
738 2010 875 2089 σπουδῆς
899 2009 1018 2089 πολλῆς
1042 2009 1142 2088 τυφλὰ
1166 2010 1314 2070 τίκτουσα
1338 2010 1514 2071 memoriae

315 2113 409 2155 meae
423 2094 553 2155 assidue
567 2092 735 2154 obuersari
754 2093 847 2155 solet.
892 2093 1012 2172 Itaque
1030 2094 1090 2154 huc
1112 2095 1146 2154 in
1166 2113 1232 2154 vna
1251 2093 1408 2173 temporis
1422 2112 1513 2172 prae-

314 2178 493 2256 scriptione
514 2176 613 2237 velim
637 2177 773 2255 patiaris
794 2196 847 2237 me
868 2176 930 2237 tibi
944 2176 1059 2238 eodem
1078 2178 1189 2238 animo
1203 2195 1383 2256 repugnare
1399 2195 1465 2254 quo
1480 2176 1514 2236 in

315 2259 469 2323 omnibus
483 2259 619 2339 obsequi
633 2258 730 2321 soleo.
762 2259 946 2321 Maloenim
960 2260 1068 2321 famae
1082 2261 1232 2340 propriae
1247 2279 1347 2338 quam
1362 2258 1515 2320 Frobenii
1527 2284 1577 2321 220

315 2345 367 2405 tui
391 2342 569 2405 commodis
593 2343 757 2416 inseruire,
781 2362 882 2421 quam
905 2345 1010 2424 ipsam
1036 2343 1222 2405 solidiorem
1246 2344 1346 2404 efficit
1374 2342 1512 2403 medita-

314 2429 444 2489 tionum
467 2432 654 2487 nostrarum
675 2445 747 2487 sera
767 2445 867 2505 quam
889 2428 1106 2507 praecipitata
1128 2426 1259 2488 aeditio.
1302 2425 1429 2488 Notum
1451 2425 1514 2487 tibi

313 2510 528 2572 Homericum
553 2508 653 2571 illud:
685 2508 807 2589 ὄψιμον,
830 2508 1039 2589 ὀψιτέλεστον,
1064 2509 1119 2571 ὅου
1146 2508 1237 2575 κλέος
1262 2510 1318 2570 οὐκ
1341 2508 1513 2570 ἀπολεῖται.

312 2594 441 2656 Iterum
456 2593 539 2655 vale.

356 2693 397 2754 D.
422 2692 559 2754 Erasmo
583 2690 816 2767 Roterodamo,
832 2694 1004 2773 vtriusque
1029 2694 1236 2773 eloquentiae
1260 2698 1371 2755 aetate
1400 2698 1576 2755 nostram

312 2776 410 2838 facile
424 2777 572 2857 principi.

509 2969 510 2972 ,
637 2912 794 2980 ²³⁸⁴2406.
843 2914 896 2980 To
911 2913 1013 2980 Jornr
1030 2913 1189 2980 Onchas.

352 3018 429 3073 Vita
441 3016 565 3072 Erssmi
578 3034 609 3089 p.
623 3032 670 3087 97.
988 3020 999 3045 ·
1248 3017 1406 3089 Freiburg.

350 3092 402 3149 0⁸.
416 3110 447 3165 p.
463 3108 534 3162 231:
555 3093 654 3148 Lond.
668 3110 740 3147 xxx.
755 3108 809 3162 53:
829 3093 895 3148 LB.
911 3096 993 3164 114⁶·
1154 3110 1187 3148 12
1200 3093 1378 3148 November
1393 3106 1474 3161 1530.

420 3201 575 3247 BBASMVS
589 3201 840 3248 acuunoufflvs
856 3203 1006 3248 sesamo
1021 3202 1103 3247 VIRO
1119 3203 1242 3248 losum
1257 3202 1413 3247 OHOLERO

709 3285 914 3332 Pusurosrro
929 3286 1089 3331 evulsum
1104 3287 1130 3332 S.

355 3369 477 3430 Munus
492 3368 573 3430 mihi
587 3367 777 3448 frequenter
791 3369 914 3448 scripta
928 3376 1007 3430 sunt
1022 3376 1056 3430 et
1067 3369 1258 3449 praedicata
1269 3368 1310 3430 de
1321 3369 1410 3429 Eccii
1421 3369 1512 3430 vani·

313 3458 398 3527 tate,
413 3453 612 3532 arrogantia,
627 3452 774 3524 leuitate,
791 3471 829 3512 ac
849 3453 1066 3526 temulentia;
1089 3455 1123 3513 in
1142 3472 1196 3514 me
1217 3458 1288 3513 tam
1309 3453 1512 3513 virulentum

312 3538 462 3598 animum
483 3555 594 3616 gerere
617 3554 788 3614 nunquam
810 3537 995 3616 suspicatus
1020 3556 1111 3609 sum;
1135 3537 1328 3616 praesertim
1354 3554 1428 3596 cum
1453 3535 1511 3596 ali-

311 3621 444 3700 quoties
472 3620 602 3680 iusserit
632 3637 685 3680 me
716 3618 853 3691 saluere,
889 3626 924 3680 et
956 3621 1078 3681 amicos
1110 3620 1290 3681 habeamus
1323 3638 1513 3681 communes

313 3702 520 3765 Ludouicum
535 3701 656 3763 Berum
671 3708 706 3763 et
721 3702 879 3763 Ioannem
896 3702 1051 3764 Fabrum.
1095 3703 1202 3777 Quam
1219 3703 1301 3764 nihil
1321 3704 1393 3763 sani
1411 3702 1541 3779 habet5

312 3786 401 3848 illius
420 3786 608 3866 responsio!
631 3784 687 3846 Ita
705 3785 853 3864 loquitur
874 3787 968 3864 quasi
985 3786 1116 3848 articuli
1133 3785 1176 3847 ad
1194 3788 1303 3866 ipsum
1324 3785 1426 3847 delati
1445 3787 1513 3847 sint

313 3875 475 3948 tanquam
501 3868 545 3930 ad
574 3867 821 3947 Imperatorem,
848 3888 915 3930 non
943 3871 1012 3949 ipse
1040 3869 1165 3949 legerit,
1191 3889 1251 3931 nec
1280 3870 1390 3930 scierit
1420 3870 1512 3930 cuius

312 3959 432 4026 essent,
447 3958 628 4031 antequam
642 3952 894 4030 expostularem.
938 3952 1096 4033 Appellat
1108 3952 1347 4022 annuntiatas,
1361 3953 1455 4031 quasi
1469 3951 1513 4014 ob

312 4035 473 4097 eiusmodi
501 4036 616 4096 nenias
650 4036 765 4096 coierit
796 4033 987 4097 Concilium.
1031 4035 1138 4097 Notat
1166 4037 1255 4115 quod
1284 4037 1428 4097 vocarim
1457 4055 1513 4097 eas

312 4119 513 4192 sententias,
535 4119 629 4197 quasi
647 4117 802 4197 profitear
821 4138 874 4180 me
895 4121 943 4180 ita
964 4121 1102 4180 sentire:
1125 4121 1232 4181 tutius
1253 4126 1326 4181 erat
1347 4119 1558 4199 appellarem

312 4202 490 4264 Articulos.
534 4201 620 4275 Quid
640 4201 865 4281 impudentius
891 4222 991 4281 quam
1015 4204 1138 4282 scripto
1162 4203 1319 4264 damnare
1342 4203 1431 4281 quod
1453 4222 1512 4264 nec

312 4286 430 4366 legeris
450 4304 510 4346 nec
532 4285 615 4345 scias
634 4286 726 4346 cuius
748 4287 814 4346 sit?
836 4286 920 4346 Iussi
940 4292 979 4346 vt
998 4286 1157 4347 indicaret
1177 4287 1269 4360 loca;
1293 4286 1335 4347 ad
1351 4286 1412 4347 hoc
1427 4285 1511 4347 obti-

312 4370 421 4431 ceesit.
465 4367 632 4429 Admonui
654 4368 737 4430 duos
758 4387 827 4429 esse
848 4370 906 4449 qui
927 4389 1092 4448 nusquam
1113 4376 1193 4431 sunt
1214 4371 1248 4430 in
1270 4371 1399 4450 scriptis
1420 4370 1510 4430 meis.

311 4451 420 4530 <Nec>
438 4452 482 4514 ad
500 4451 561 4513 hoc
583 4471 688 4531 nuper
707 4452 885 4531 respondit,
901 4473 1003 4532 quum
1027 4455 1169 4514 maxime
1187 4453 1356 4528 debuerit;
1379 4459 1511 4514 tantum

311 4536 483 4616 promittit
511 4554 545 4596 se
574 4535 806 4608 indicaturum,
830 4536 910 4614 quid
938 4538 972 4596 in
1001 4538 1048 4597 eis
1077 4537 1260 4609 offenderit,
1285 4539 1312 4597 si
1341 4537 1469 4598 vacarit
1491 4555 1512 4596 a
1527 4559 1557 4608 15

311 4620 464 4692 comitiis,
480 4619 576 4698 quasi
590 4618 633 4680 ab
648 4620 721 4699 ipso
734 4619 901 4698 pendeant
915 4621 1058 4682 comitia.
1099 4621 1270 4681 Promittit
1281 4640 1315 4680 se
1326 4619 1396 4680 iore
1408 4619 1511 4679 filium

311 4701 723 4776 meiobseruantissimum,
739 4703 766 4763 si
781 4721 914 4783 pergam
929 4705 964 4764 in
979 4703 1149 4776 Luterum,
1166 4705 1259 4782 quasi
1274 4703 1355 4764 nihil
1370 4702 1512 4762 audierit

309 4803 778 4869 scoqusmseripsimuuquic.
847 4818 906 4855 210.
924 4803 1144 4870 etczatquess.
1212 4819 1271 4867 217.
1290 4800 1511 4868 ὑπόοιὴὑνδβ.

308 4873 406 4933 225-6.
418 4870 720 4936 D....principiom.
731 4869 758 4935 β.
828 4871 904 4921 2400.
918 4871 1132 4933 5.O¹:habeet
1144 4871 1188 4921 01.

345 4987 424 5040 240⁶.
442 5001 500 5052 217.
518 4984 535 5051 ἡ
550 4984 628 5049 κύον]
642 4987 694 5040 See
707 4987 796 5053 Adue.
814 5001 888 5053 1135.
974 5002 1033 5054 223.
1052 4986 1246 5050 Homericum]
1258 4986 1295 5038 ll.
1308 5000 1333 5037 2.
1346 4999 1405 5052 3²⁵·

309 5055 328 5122 ἡ
341 5053 410 5107 κύον
421 5051 565 5106 σπεύδουσα
575 5052 656 5118 πιθα*
666 5052 754 5106 τίκτει.
