4042 5900
748 652 947 718 LETTERS
967 654 1024 718 OF
1044 653 1249 719 ERASMUS
1522 658 1616 734 [1531

740 945 887 1030 2461,Μ
932 942 985 1008 To
1007 943 1140 1009 dumus
1163 942 1297 1010 Pruna.

461 1065 665 1138 copenhagen
678 1067 743 1123 MS.
757 1067 794 1123 G.
807 1069 848 1124 Κ.
863 1068 893 1123 S.
908 1084 944 1137 95
957 1070 1035 1135 Fal,
1048 1069 1071 1127 i.
1086 1074 1142 1125 216
1155 1073 1204 1141 (a).
1369 1070 1528 1141 Freiburg.

462 1139 567 1195 Gotha
578 1141 643 1197 MS.
657 1142 758 1198 Ducal
772 1143 914 1216 Library‚
927 1144 1035 1201 Ohart.
1049 1148 1087 1201 A.
1102 1148 1167 1215 385,
1322 1161 1356 1216 14
1369 1145 1478 1201 March
1493 1160 1578 1214 1531.

461 1215 668 1361 J.fp.3gr(?)l{.
681 1310 712 1364 p.
727 1305 781 1361 75:
801 1293 841 1349 N.
855 1312 886 1366 p.
903 1310 992 1351 1000:
1013 1296 1111 1351 Lond.
1125 1296 1209 1351 xxvi.
1226 1311 1259 1351 1:

500 1365 565 1421 LB.
581 1369 662 1422 1168.

460 1486 527 1548 [For
541 1488 592 1539 the
608 1494 673 1539 text
687 1506 730 1540 we
744 1491 819 1543 have
833 1496 886 1542 not
899 1491 967 1557 only
978 1491 1122 1542 Erasmus'
1136 1491 1297 1557 autograph
1310 1490 1491 1555 roughdrait
1503 1490 1553 1551 (α),
1565 1490 1622 1542 but

426 1552 486 1603 also
503 1554 553 1604 the
569 1555 664 1606 actual
681 1556 767 1608 letter
782 1564 848 1609 aaut
864 1556 903 1622 (β)
919 1558 1035 1609 written
1052 1558 1091 1624 by
1107 1574 1125 1609 a
1142 1565 1284 1622 secretary
1297 1556 1349 1621 (8¹)
1363 1557 1421 1607 and
1435 1556 1581 1608 corrected
1592 1558 1623 1607 in

426 1619 570 1671 Erasmus’
593 1622 671 1672 hand
689 1622 747 1673 and
767 1624 904 1689 signedb
943 1624 1056 1675 himseli
1076 1624 1138 1687 (θ’).
1172 1625 1209 1675 In
1228 1625 1380 1690 preparing
1398 1625 1448 1675 the
1468 1623 1554 1674 letter
1578 1624 1624 1674 ior

427 1686 603 1751 publication
618 1689 754 1740 Erasmus
768 1690 881 1741 excised
916 1729 922 1742 .
936 1704 1001 1757 51-7
1017 1691 1074 1742 and
1089 1691 1173 1742 made
1189 1706 1342 1742 numerous
1360 1690 1473 1742 mnaller
1487 1691 1622 1756 changes,

426 1768 504 1804 some
515 1755 545 1805 oi
555 1756 647 1805 which
657 1771 765 1822 appear
774 1772 807 1808 as
817 1758 986 1809 corrections
997 1758 1049 1820 (αἱ)
1061 1759 1091 1808 in
1101 1758 1153 1810 tha
1163 1757 1352 1823 rough-drait.

460 1820 520 1871 'l'he
530 1821 625 1872 (lotha
636 1825 777 1874 manuacri
798 1829 812 1876 t
823 1825 847 1875 is
858 1840 876 1874 a
889 1825 1002 1875 volume
1013 1826 1044 1875 oi
1054 1825 1172 1890 original
1183 1825 1291 1883 letters,
1304 1825 1418 1876 written
1427 1824 1471 1874 lor
1481 1824 1533 1875 the
1543 1827 1623 1873 most

427 1894 493 1953 part
504 1888 595 1939 either
606 1889 645 1954 by
655 1904 688 1940 or
698 1891 760 1941 toJ
792 1892 834 1941 'us
846 1890 948 1956 Pflug.]

677 2013 830 2059 ERASMVS
844 2014 1094 2061 aoruaommvs
1108 2015 1201 2061 IVLIO
1215 2015 1321 2061 Pravo
1336 2014 1363 2060 S.

470 2102 506 2166 81
527 2105 613 2166 inter
629 2124 689 2167 noa
710 2112 899 2186 susceptum
920 2115 1007 2170 esset
1026 2107 1232 2187 eloquentiae
1253 2112 1428 2178 certamen,
1443 2103 1510 2166 Iuli
1528 2123 1624 2185 prae·

428 2187 553 2249 clarum
582 2186 774 2251 Germaniae
802 2189 910 2262 dacus,
939 2191 1087 2271 proiecto
1116 2191 1301 2251 litterarum
1329 2195 1462 2250 tuarum
1491 2188 1625 2249 erudita

428 2271 569 2333 facilitas
583 2278 618 2333 et
632 2271 749 2334 decora
763 2274 958 2348 iucunditas,
973 2273 1223 2335 acfeliciasimus
1238 2273 1371 2352 quidam
1380 2277 1625 2352 perpetuusque

429 2354 579 2416 Tulliana
593 2356 744 2417 dictionis
764 2356 881 2431 fluxus,
896 2376 948 2418 me
967 2377 987 2418 a
1007 2356 1212 2419 rescribendo
1229 2356 1450 2418 deterruisset.
1493 2354 1625 2431 Idaeae

400 2455 553 2513 svamm,
575 2458 617 2499 ne
637 2458 690 2501 me
709 2446 806 2520 putes
820 2440 1020 2515 rhetoricari,
1035 2442 1248 2520 quantumuis
1264 2445 1376 2501 sancte
1394 2438 1538 2500 deierare
1555 2457 1626 2500 non

429 2522 588 2583 dubitem.
631 2522 694 2585 Sed
718 2524 874 2602 quoniam
898 2543 957 2585 nec
980 2523 1065 2585 hano
1086 2529 1210 2584 etatem
1231 2542 1290 2584 nec
1313 2522 1502 2602 theologum
1528 2521 1626 2583 decet

313 2638 315 2642 ν
428 2606 529 2667 anxia
539 2605 682 2685 poliendi
696 2608 852 2668 sermonis
865 2626 953 2681 cura,
968 2626 1035 2669 non
1049 2608 1157 2668 visum
1171 2613 1223 2668 est
1232 2606 1387 2668 affectare
1397 2606 1486 2685 quod
1494 2605 1626 2684 assequi

430 2688 522 2751 nullo
542 2688 641 2751 modo
659 2708 797 2769 possem,
811 2691 941 2751 etiamsi
959 2709 1071 2752 omnes
1090 2709 1209 2752 neruos
1223 2689 1403 2752 intendero.
1447 2689 1547 2750 Proin
1563 2693 1626 2749 tua

429 2772 534 2833 iratus
548 2771 763 2846 humanitate,
778 2793 876 2834 ausus
890 2793 963 2835 sum
977 2792 1019 2834 ex
1038 2780 1186 2853 tempore
1208 2793 1344 2853 meoque
1364 2792 1453 2835 more
1468 2771 1626 2852 quicquid

386 2857 465 2917 rein
492 2856 610 2917 calami
638 2856 804 2936 cuspidem
828 2858 957 2918 venerit
979 2856 1102 2919 chartis
1126 2857 1268 2918 illinere:
1297 2857 1387 2936 quod
1411 2875 1498 2917 nunc
1522 2855 1627 2916 etiam

430 2938 563 3002 meliore
586 2940 681 3002 venia
701 2940 796 3014 facio,
821 2961 896 3002 cum
919 2940 1034 3003 eodem
1056 2946 1203 3021 tempore
1225 2940 1334 3020 plures
1357 2940 1528 3020 sexaginta
1549 2939 1626 2999 sari·

430 3023 536 3085 bende
550 3030 628 3084 sunt
641 3024 788 3104 epistole,
803 3030 838 3086 et
851 3026 885 3085 in
900 3024 950 3085 bis
968 3025 1106 3105 aliquot,
1126 3044 1210 3104 quae
1230 3025 1309 3086 iusti
1328 3042 1429 3104 prope
1449 3022 1628 3084 voluminis

429 3109 535 3169 instar
549 3107 682 3168 habent.

473 3191 537 3251 Pro
554 3191 707 3252 laudibus
726 3210 808 3270 quas
829 3191 891 3252 tibi
908 3197 968 3253 tuo
993 3193 1111 3253 merito
1135 3191 1256 3264 tribuo,
1277 3209 1343 3252 non
1363 3187 1524 3268 estquod
1545 3187 1629 3250 mihi

388 3292 418 3342 15
431 3275 554 3353 gratias
573 3294 660 3353 agas,
675 3280 735 3335 aut
754 3274 991 3354 benignitatem
1010 3294 1117 3336 meam
1133 3274 1308 3354 praedices,
1324 3292 1426 3352 quum
1446 3273 1564 3333 iustius
1582 3273 1629 3332 rit

431 3363 471 3418 vt
484 3359 616 3437 vtrique
630 3357 710 3430 Deo,
726 3359 817 3418 cuius
832 3357 1053 3420 munificentia
1067 3365 1127 3431 est,
1143 3357 1300 3437 quicquid
1313 3358 1348 3417 in
1362 3357 1456 3418 nobis
1467 3361 1518 3417 est
1528 3354 1629 3416 laude

432 3440 576 3519 dignum,
592 3443 731 3520 gratiam
745 3440 941 3502 habeamus:
965 3461 1063 3521 quem
1078 3460 1192 3521 precor
1205 3449 1245 3502 vt
1259 3460 1353 3502 suam
1372 3441 1406 3500 in
1426 3444 1460 3500 ta
1482 3438 1628 3517 benigni·

432 3530 536 3584 tatem
552 3543 678 3603 semper
696 3525 731 3585 in
748 3524 854 3585 maius
874 3545 912 3585 aa
933 3525 1050 3586 melius
1066 3544 1184 3604 augere
1203 3524 1365 3604 dignetur,
1386 3520 1519 3602 quando
1537 3520 1630 3600 quod

432 3606 591 3668 hactenus
606 3607 668 3668 tibi
681 3607 842 3669 creditum
856 3615 907 3670 est
921 3614 991 3669 tam
1005 3628 1072 3670 non
1086 3608 1227 3687 maligne
1242 3627 1344 3687 quum
1354 3604 1630 3667 amicisomnibus

387 3706 420 3744 20
433 3696 506 3752 tum
520 3709 598 3753 vero
613 3691 690 3770 reip.
707 3692 914 3771 potissimum
928 3691 1088 3773 impartis,
1100 3691 1253 3752 videlicet
1267 3710 1333 3751 non
1343 3692 1476 3768 ignarus
1484 3689 1518 3749 in
1530 3706 1629 3767 quom

432 3794 528 3851 veum
543 3780 596 3836 tot
610 3774 794 3853 praeclaras
808 3776 928 3854 ingenii
947 3780 1152 3853 naturaeque
1167 3774 1260 3835 dotes
1274 3773 1329 3834 illo
1344 3772 1405 3833 tibi
1419 3771 1628 3833 fenerauorit.

433 3857 528 3932 Quod
542 3877 620 3919 vero
635 3863 694 3919 tua
709 3858 796 3919 bona
810 3859 856 3918 sic
870 3864 1041 3933 extenuas,
1056 3858 1138 3919 nihil
1159 3856 1251 3918 aliud
1265 3857 1362 3918 efficis
1379 3875 1480 3935 quam
1499 3860 1538 3916 vt
1559 3872 1628 3915 ma-

433 3940 639 4020 gnificentius
653 3943 753 4002 etiam
768 3941 809 4002 do
827 3947 861 4002 te
880 3942 1030 4015 santiam,
1052 3947 1170 4021 vtpote
1189 3959 1286 4001 verae
1305 3940 1501 4017 minimeque
1516 3937 1630 3998 fucate

433 4025 568 4085 virtutis
581 4030 696 4086 notam
710 4044 896 4104 agnoscens,
908 4043 992 4103 quae
1006 4025 1088 4085 nihil
1099 4029 1247 4085 moratur
1256 4023 1424 4084 hominum
1435 4019 1558 4093 laudes,
1571 4020 1630 4081 sad

388 4121 421 4172 25
434 4107 478 4169 ad
491 4126 555 4180 eas,
571 4127 631 4169 ceu
644 4109 736 4187 virgo
750 4109 903 4188 quapiam
916 4110 1053 4182 intacta,
1068 4108 1187 4169 rubore
1198 4105 1415 4167 suffunditur:
1431 4123 1490 4165 neo
1501 4108 1552 4164 est
1561 4102 1631 4164 vlla

434 4192 539 4253 tutior
552 4211 704 4253 verorum
718 4191 880 4253 bonorum
893 4191 1052 4253 custodia.
1089 4190 1185 4265 Quod
1195 4190 1357 4270 polliceris
1370 4195 1414 4261 te,
1426 4189 1453 4249 si
1467 4206 1533 4248 non
1544 4192 1630 4248 cete·

434 4276 478 4336 ris
493 4275 682 4349 virtutibus,
697 4282 785 4337 certe
798 4275 999 4355 gratitudine
1020 4274 1148 4353 fideque
1167 4292 1241 4334 meo
1260 4273 1300 4334 de
1315 4277 1349 4333 te
1364 4271 1484 4333 iudicio
1498 4289 1630 4350 respon·

434 4377 557 4432 surum,
572 4359 785 4438 gratitudinis
798 4358 997 4421 vocabulum
1011 4376 1078 4419 non
1091 4376 1242 4436 agnosco,
1258 4355 1298 4417 de
1313 4355 1375 4417 fide
1390 4354 1505 4415 lubens
1519 4353 1630 4426 audio,

431 4460 625 4521 ‚quanquam
639 4441 720 4503 nihil
734 4442 999 4515 addubitaturus,
1015 4442 1116 4502 etiam
1131 4441 1215 4501 citra
1229 4440 1432 4520 promissum.

468 4564 526 4603 rrr.
538 4552 576 4603 J:
594 4565 674 4603 rvmo
685 4565 777 4603 rrava
788 4570 805 4601 α
816 4552 852 4601 ul.
864 4567 902 4603 m.
989 4565 1013 4601 1.
1031 4566 1083 4602 uos
1094 4551 1157 4601 add.
1170 4550 1208 4600 α’.
1292 4565 1318 4612 4.
1336 4545 1514 4598 rescribendo
1525 4543 1632 4608 αβῐΝῑι

436 4619 584 4671 combaudo
592 4618 673 4684 ss¹N¹.
767 4631 808 4668 11.
826 4616 939 4668 meliore
951 4635 983 4667 a:
1001 4618 1109 4668 meliori
1118 4615 1153 4681 βε
1170 4617 1276 4666 maiore
1287 4615 1318 4666 J.
1416 4627 1456 4664 12.
1474 4617 1543 4662 sunt
1554 4611 1632 4662 «Νὴ

436 4686 496 4736 sint
511 4685 584 4738 JN⁸.
654 4698 694 4749 15.
711 4699 805 4736 meam
820 4685 884 4735 cdd.
900 4683 951 4734 αἱ]
958 4701 966 4734 :
983 4699 1037 4736 om.
1047 4682 1074 4748 β.
1144 4686 1185 4733 16.
1202 4681 1396 4733 munificentia
1406 4679 1438 4730 J.
1507 4692 1548 4740 19.
1565 4693 1631 4729 con·

436 4752 617 4804 creditumJ.
718 4766 760 4802 20.
778 4750 949 4817 impertisJ.
1050 4749 1219 4801 22.vtcdd.
1232 4750 1270 4800 «1².
1366 4762 1408 4810 ²3·
1426 4745 1587 4797 etiamadd.
1600 4745 1632 4796 J.

472 4901 513 4936 11.
535 4886 694 4952 sexaginta]
718 4885 761 4937 Gi.
787 4885 863 4951 Epp.
884 4887 959 4951 2461.
983 4899 1008 4945 1,
1095 4897 1135 4934 12.
1152 4880 1573 4945 voluminisJThisdeeoription
1584 4879 1634 4930 fita

437 4955 513 5018 2466.
530 4967 589 5019 242,
606 4954 682 5019 2481.
701 4968 726 5016 3,
742 4955 818 5014 2619.
834 4956 899 5005 1-6:
917 4951 1007 5004 Lond.
1060 4950 1114 5015 Ep.
1127 4953 1202 5016 2465.

437 5020 526 5071 xxvii.
538 5034 580 5080 22,
592 5020 649 5071 LB.
663 5022 737 5083 1265.
