4042 5900
511 649 573 710 274
837 647 1036 711 narrans
1056 648 1112 712 or
1133 647 1338 713 sessurus
1614 654 1712 731 [1531

511 808 631 888 quippe
646 826 731 887 quae
745 806 909 869 beneficiis
923 808 1093 870 hominum
1107 827 1174 870 non
1188 809 1287 870 modo
1301 810 1491 870 cicurantur
1505 816 1540 871 et
1554 830 1712 873 mansue-

511 898 617 964 scunt,
640 892 856 952 verumetiam
878 893 1018 972 gratiam
1044 898 1218 971 reponunt,
1240 893 1267 953 si
1290 892 1423 971 quando
1447 892 1548 954 datur
1568 896 1712 956 occasio.

511 973 706 1053 Quanquam
731 979 843 1036 autem
868 994 934 1036 vna
958 994 1000 1036 ex
1022 981 1116 1055 parte
1138 976 1285 1037 studium
1308 982 1404 1037 tuum
1427 975 1508 1037 mihi
1529 976 1712 1040 Thrasonie

465 1082 499 1119 ιο
510 1057 598 1119 illius
614 1057 800 1137 prodigiosa
818 1058 989 1119 maliciane
1010 1059 1117 1120 dicam
1135 1077 1179 1119 an
1198 1058 1354 1132 stultitia,
1369 1060 1466 1121 cessit
1480 1061 1514 1120 in
1529 1060 1710 1123 detrimen·

511 1147 593 1213 tum,
603 1160 670 1202 non
683 1140 827 1203 arbitror
841 1148 954 1203 tamen
968 1148 1082 1221 gratae
1095 1144 1215 1203 mentis
1229 1161 1307 1216 esse,
1318 1141 1511 1204 beneficium
1525 1162 1567 1204 ex
1581 1151 1711 1207 euentu

510 1224 621 1304 potius
638 1225 825 1286 existimare
848 1244 948 1304 quam
973 1244 1015 1286 ex
1036 1225 1210 1286 voluntate
1231 1227 1439 1304 praestantia.
1483 1226 1548 1288 Pro
1568 1233 1711 1308 accepto

511 1326 572 1388 par
599 1313 650 1368 est
672 1307 796 1381 haberi,
819 1307 976 1387 quicquid
1000 1307 1119 1387 aliquis
1144 1328 1281 1387 syncero
1305 1309 1428 1370 affectu
1452 1308 1564 1389 largiri
1585 1309 1709 1373 voluit.

511 1390 619 1465 Quare
633 1391 732 1452 velim
747 1396 786 1451 vt
800 1391 938 1471 posthac
957 1392 1131 1453 Erasmum
1151 1393 1185 1452 in
1205 1398 1265 1453 tuo
1282 1411 1356 1453 aere
1373 1412 1534 1467 numeres,
1550 1396 1604 1455 cui
1625 1394 1711 1457 nihil

465 1493 498 1544 25
510 1474 661 1535 futurum
676 1481 727 1535 est
740 1476 875 1553 gratius,
890 1494 990 1554 quam
1005 1475 1077 1536 dari
1091 1476 1379 1555 occasionemque
1393 1477 1534 1537 vicissim
1549 1477 1710 1551 declaret,

510 1563 679 1636 vtcunque
693 1558 786 1620 deest
799 1557 951 1632 facultas,
962 1558 1123 1619 referendi
1138 1565 1250 1620 tamen
1265 1559 1360 1621 officii
1374 1559 1583 1623 voluntatem
1598 1562 1709 1623 aecin-

511 1647 599 1702 ctem
614 1648 649 1702 et
663 1641 804 1703 alacrem
819 1661 885 1702 non
899 1642 1020 1702 deesse.

553 1724 645 1785 Inter
667 1726 858 1804 praecipuae
882 1724 1056 1786 felicitates
1078 1744 1167 1786 meas
1195 1745 1331 1787 numero
1354 1725 1444 1803 quod
1465 1726 1711 1789 illustrissimus

510 1808 660 1886 princeps
677 1807 832 1887 Georgius
851 1808 1025 1869 Erasmum
1046 1808 1201 1887 dignatur
1222 1810 1307 1870 inter
1328 1829 1404 1870 suos
1421 1809 1556 1871 clientes
1574 1829 1709 1891 ponere.

465 1914 499 1964 30
511 1889 603 1964 Quur
617 1892 704 1952 enim
719 1911 785 1952 non
800 1910 918 1971 magno
933 1892 1013 1952 mihi
1028 1897 1223 1953 ornamento
1237 1912 1306 1953 esse
1321 1892 1450 1966 ducam,
1465 1893 1509 1954 ab
1523 1892 1622 1955 heroe
1638 1894 1709 1956 lau·

511 1973 681 2035 <latissimo
702 1973 851 2036 laudari?
880 1972 967 2035 Satis
991 1981 1104 2036 autem
1127 1974 1284 2036 laudatur
1306 1995 1404 2055 quem
1429 1976 1484 2036 ille
1508 1995 1568 2037 suo
1591 1976 1710 2039 fauore

510 2062 611 2135 atque
629 2057 729 2119 etiam
747 2059 892 2119 amicitia
905 2058 1041 2138 dignum
1060 2059 1205 2120 iudicat:
1232 2061 1324 2120 cuius
1339 2079 1415 2139 erge
1431 2079 1484 2121 me
1497 2059 1649 2121 fauorem
1670 2081 1711 2124 ac

512 2140 775 2202 beneuolentiam
790 2160 922 2220 quaeso,
934 2147 974 2203 vt
988 2142 1076 2221 quod
1091 2142 1197 2204 facere
1212 2142 1304 2216 soles,
1320 2163 1436 2223 pergae
1450 2145 1660 2223 tempestiuis
1674 2151 1711 2207 et

510 2225 623 2284 amicis
637 2224 849 2298 sermonibus,
861 2226 990 2304 quoties
1005 2245 1040 2287 se
1053 2225 1181 2287 dederit
1189 2227 1429 2305 opportunitas,
1441 2232 1514 2287 tum
1524 2226 1622 2299 alere,
1633 2234 1710 2289 tum

465 2328 498 2379 35
510 2326 638 2386 augere,
653 2308 743 2386 apud
757 2327 865 2386 quem,
880 2315 920 2369 vt
934 2309 1044 2382 audio,
1055 2328 1116 2389 pro
1130 2309 1197 2369 tuis
1210 2310 1344 2388 egregiis
1358 2309 1539 2370 virtutibus
1549 2315 1586 2370 et
1596 2313 1710 2389 gratia

511 2396 546 2451 et
556 2392 737 2452 autoritate
751 2390 841 2452 vales
855 2391 1042 2471 plurimum.
1072 2390 1122 2453 Sit
1137 2391 1216 2453 haec
1226 2391 1366 2471 epistola
1375 2391 1514 2454 foederis
1523 2394 1711 2473 gratiarum

510 2473 660 2535 felicibus
674 2476 825 2553 auspiciis
840 2476 926 2536 inter
940 2495 1000 2537 nos
1015 2477 1073 2536 icti
1087 2475 1281 2554 syngrapha.
1325 2475 1414 2537 Bene
1427 2475 1511 2537 vale.

552 2556 677 2619 Datum
692 2557 783 2638 apud
797 2558 992 2638 Friburgum
1008 2558 1172 2638 Brisgoiae
1186 2558 1241 2620 vii.
1257 2558 1309 2619 die
1323 2558 1419 2621 Iunii.
1435 2575 1606 2621 mnxxxr.

799 2862 899 2922 2499.
947 2856 1055 2922 Fnorr
1079 2856 1229 2922 Aonian
1252 2856 1413 2924 Gnarus.

548 2995 679 3051 Breslau
691 2993 756 3050 MS.
770 2994 871 3050 Rehd.
886 3009 950 3066 254.
965 3009 1011 3062 50.
1482 2997 1610 3068 Bruges.

546 3071 625 3126 EE2.
641 3085 704 3138 159·
1423 3071 1537 3127 siuns
1550 3080 1673 3142 <1531>.

544 3198 602 3259 [An
612 3197 730 3263 original
741 3198 836 3256 letter,
848 3197 1008 3262 autograph
1021 3197 1206 3260 throughout.
1244 3197 1304 3247 The
1315 3198 1523 3263 year-datecen
1529 3199 1565 3249 ba
1574 3201 1713 3266 supplied

510 3266 583 3317 from
595 3266 645 3316 the
655 3266 783 3316 mention
794 3267 824 3315 ol
840 3264 935 3315 Simon
952 3264 1109 3329 Grynaeua'
1121 3269 1219 3314 return
1232 3264 1352 3330 journey
1363 3266 1436 3316 from
1449 3266 1580 3331 Englnnd
1591 3267 1622 3317 in
1632 3283 1712 3319 com·

510 3348 588 3398 pany
599 3333 669 3383 with
680 3332 776 3382 Bebel.
811 3332 879 3382 This
890 3331 975 3381 letter
983 3330 1078 3381 would
1086 3346 1162 3381 seam
1173 3337 1204 3381 to
1216 3332 1289 3382 have
1300 3332 1372 3382 been
1383 3333 1498 3383 written
1509 3333 1622 3399 shortly
1632 3335 1713 3387 after

510 3401 560 3451 the
571 3400 696 3465 meeting
707 3398 852 3449 described
864 3399 939 3448 here.
974 3397 1025 3448 We
1034 3398 1117 3448 know
1125 3399 1197 3448 from
1206 3399 1261 3463 Ep.
1274 3413 1289 3448 2
1291 3412 1339 3460 5⁰²
1352 3400 1418 3449 that
1428 3399 1576 3464 Grynaeua
1586 3402 1712 3454 reached

510 3465 849 3591 Glllrlddrcra.rlrirdhllnirerlhsid,1
854 3503 934 3582 'born
953 3537 985 3582 at
1005 3531 1161 3595 Maldegcn,
1182 3547 1240 3582 was
1260 3538 1366 3583 master
1384 3538 1417 3583 et
1436 3534 1487 3584 the
1504 3534 1600 3584 school
1616 3534 1648 3585 ol
1666 3535 1710 3588 St.

509 3600 654 3651 Donatian
670 3600 700 3650 in
716 3600 824 3664 Bruges
838 3599 897 3650 end
910 3597 1115 3664 subsequently
1130 3604 1229 3663 pastor
1242 3604 1274 3648 at
1289 3598 1405 3664 Bruges.
1440 3601 1486 3651 Ha
1501 3601 1525 3651 is
1542 3602 1711 3654 mentioned

510 3667 540 3718 in
550 3667 644 3717 iacobi
654 3667 760 3730 Meycri
772 3665 915 3716 Baliolcm'
926 3665 1139 3715 Flandriwrum
1152 3666 1254 3716 Rerum
1266 3665 1343 3716 Tem.
1356 3666 1396 3726 isc,
1409 3667 1526 3732 Bruges,
1537 3667 1575 3717 H.
1586 3667 1710 3728 Crokus.

721 3732 930 3849 mess
946 3732 1332 3797 m...
1350 3733 1467 3850 aa.
1649 3735 1711 3786 ...

509 3800 777 3918 mihelrehhlhblogn
789 3866 819 3916 of
831 3811 1045 3931 clrialtnophsddea'
1058 3813 1161 3916 Pllcco
1169 3866 1264 3916 witha
1270 3837 1383 3931 prelace
1391 3872 1422 3917 to
1433 3866 1545 3917 Marcus
1556 3817 1712 3920 Laurhd'u:

509 3934 560 4051 ἐξ
567 3932 796 4061 zlpplfflpawd
807 3932 938 3982 Lucian'a
950 3932 1077 3995 Podnqrc
1087 3930 1145 3982 end
1159 3933 1243 3983 made
1254 3948 1271 3982 a
1283 3934 1395 3983 version
1406 3932 1437 3984 oi
1447 3934 1498 3984 the
1509 3934 1619 3985 Psalma
1633 3934 1711 3986 from

552 4114 696 4177 Osnnvn
717 4114 850 4176 celculis
870 4114 1060 4176 doctissimo
1082 4114 1381 4194 humanissimoqne
1404 4116 1484 4188 viro,
1507 4116 1547 4178 D.
1570 4116 1712 4180 Brasmo

510 4199 734 4260 Boterodamc
747 4197 935 4259 Hadrianus
948 4196 1073 4259 Chilius
1086 4196 1118 4259 S.

551 4281 579 4344 Ο
593 4301 646 4343 me
659 4281 866 4343 fortunatum
885 4283 1032 4360 mireque
1046 4282 1181 4343 beatum
1195 4301 1294 4361 quem
1311 4284 1456 4344 omnium
1476 4283 1587 4344 studio
1603 4283 1710 4346 ambi·

509 4366 595 4426 enda
622 4367 693 4427 iure
721 4365 846 4443 optimo
875 4364 1105 4444 captandaqne
1133 4367 1258 4427 occasio
1286 4365 1559 4427 adscribendum
1584 4366 1711 4429 nedum

481 4462 497 4511 5
510 4448 655 4528 pellexit,
664 4467 778 4509 verum
789 4448 889 4509 ctiam
898 4449 1071 4528 pertraxit.
1108 4447 1292 4510 Ofoelicem
1304 4450 1391 4511 hunc
1406 4449 1486 4510 mihi
1500 4450 1608 4510 visum
1619 4449 1711 4514 diem

509 4530 650 4611 alboque
665 4531 858 4610 signandum
873 4530 995 4611 lapillo,
1014 4551 1079 4610 quo
1093 4532 1204 4612 aliqua
1219 4553 1260 4593 ex
1279 4539 1374 4612 parte
1388 4534 1589 4594 innotescere
1604 4535 1710 4595 conti·

510 4616 594 4696 gerit
616 4616 835 4677 eruditissimo
863 4615 1002 4676 tacisti
1030 4614 1072 4676 D.
1098 4613 1233 4693 Symoni
1260 4617 1534 4695 integerrimoque
1563 4616 1710 4692 Bebelio,

509 4699 586 4760 huic
600 4698 731 4778 quidem
746 4699 953 4778 typographo
967 4697 1009 4759 de
1028 4698 1173 4759 literaria
1188 4698 1270 4778 Rep.
1287 4700 1410 4778 optime
1424 4701 1551 4773 merito,
1566 4699 1614 4760 illi
1629 4719 1711 4763 vero

560 4840 634 4892 2498.
652 4854 694 4890 22.
711 4840 875 4891 existimare
885 4837 908 4887 J
916 4856 923 4889 ε
941 4840 1091 4890 aestimare
1103 4840 1141 4890 K.
1226 4843 1267 4906 38.
1286 4843 1370 4891 Anno
1379 4847 1442 4905 post
1453 4840 1529 4892 Iunii
1540 4841 1603 4892 cdd.
1617 4840 1655 4891 N.

838 4990 912 5040 2498.
932 5005 972 5051 19.
990 4990 1376 5059 Thrasonie1Eppendorfl'a.
