4042 5900
272 681 368 759 2582]

577 870 723 956 2582m,
769 867 822 932 To
838 865 1025 933 N1cnouas
1041 865 1156 933 Omn.

312 1004 486 1076 Esterhazy
499 1004 564 1060 MS.
578 1022 610 1077 p.
626 1006 690 1059 228.
1189 1003 1348 1074 Freiburg.

313 1081 377 1136 OE.
395 1094 457 1151 174.
1117 1095 1149 1133 11
1164 1079 1336 1134 December
1351 1092 1433 1148 1531.

389 1222 542 1266 ERASMVS
556 1219 805 1267 Rornnonfflvs
820 1222 854 1266 N.
870 1221 968 1278 0LAO,
983 1219 1220 1269 msnvaamo
1235 1221 1358 1265 murt.

319 1315 393 1375 Eoo
413 1333 491 1374 vero
513 1314 552 1374 de
572 1313 645 1374 Olai
665 1316 729 1374 mei
750 1315 783 1374 in
805 1332 856 1374 me
876 1313 1031 1392 singulari
1053 1313 1281 1374 beneuolencia
1303 1332 1472 1392 nunquam

277 1398 438 1471 dubitaui,
461 1417 518 1457 nec
540 1399 604 1458 mei
626 1399 724 1457 moris
744 1402 795 1458 est
816 1397 921 1458 officio
941 1396 1127 1457 litterarum
1152 1398 1260 1458 metiri
1281 1398 1470 1457 amiciciam.

277 1480 432 1543 Scribunt
456 1485 491 1541 et
516 1482 572 1558 qui
596 1500 712 1560 parum
737 1480 818 1541 bene
842 1480 960 1541 volunt
988 1480 1134 1541 Erasmo.
1177 1481 1207 1540 A
1235 1482 1286 1540 tui
1314 1479 1472 1540 similibus

277 1567 399 1637 amicis,
422 1569 461 1624 vt
481 1565 701 1642 gratissimum
722 1570 773 1624 est
795 1565 904 1624 venire
925 1563 1063 1636 litteras,
1087 1564 1134 1624 ita
1155 1563 1249 1624 facile
1273 1564 1383 1642 patior
1406 1582 1472 1623 non

279 1650 397 1718 venire,
411 1646 563 1707 videlicet
574 1647 615 1707 de
626 1648 735 1707 animo
746 1646 875 1708 illorum
886 1666 1026 1707 securus.
1058 1646 1278 1726 Polyphemus
1288 1647 1472 1725 Augustam
1486 1669 1501 1718 5

279 1731 460 1802 relicturus,
481 1732 668 1810 perscripsit
687 1730 730 1791 ad
752 1749 804 1791 me
823 1732 937 1810 quoin
956 1736 1049 1790 statu
1069 1736 1172 1804 esset;
1195 1749 1261 1810 quo
1279 1730 1423 1791 locorum
1439 1749 1472 1790 se

279 1814 464 1886 contulerit,
483 1815 599 1874 nescio.
643 1813 813 1875 Pollicitus
832 1820 883 1875 est
905 1834 938 1875 se
956 1813 1222 1893 significaturum,
1240 1813 1298 1874 sed
1315 1813 1472 1874 hactenus

279 1918 345 1958 non
367 1898 453 1958 iecit.
499 1897 693 1957 Extorserat
714 1897 825 1958 literas
846 1897 889 1958 ab
910 1898 1022 1957 amicis
1044 1898 1138 1976 quasi
1155 1902 1245 1958 recta
1264 1896 1307 1957 ad
1326 1916 1378 1956 me
1399 1914 1471 1974 pro·

279 1982 434 2053 fecturus,
463 2000 522 2040 nec
551 1981 651 2041 venit.
704 1980 846 2042 Litteras
874 1981 1080 2041 commiserat
1105 1981 1234 2041 cuidam
1260 1979 1473 2040 Dominicano

281 2064 404 2136 Vlmae,
426 2083 510 2143 quae
531 2069 642 2124 tamen
660 2062 747 2124 hona
766 2064 920 2143 quapiam
939 2063 1074 2124 fortuna
1093 2083 1151 2143 per
1170 2064 1375 2124 Dominicum
1393 2062 1473 2123 mihi
1488 2087 1520 2122 ιο

280 2148 427 2208 redditae
453 2153 540 2208 sunt.
585 2146 805 2226 Polyphemus
830 2146 1028 2226 significarat
1052 2154 1086 2208 te
1109 2166 1240 2226 quoque
1265 2147 1472 2226 scripturum,

281 2231 337 2291 sed
357 2230 437 2291 nihil
456 2235 508 2291 est
527 2230 692 2291 redditum
711 2231 754 2291 ab
769 2229 860 2292 Olao.
904 2228 1056 2309 Suspicor
1075 2236 1108 2291 te
1130 2229 1311 2309 pollicitum
1326 2229 1473 2303 scribere,

281 2314 336 2374 sed
352 2313 476 2392 aliquid
491 2313 648 2385 incidisse,
664 2332 730 2392 quo
744 2315 852 2375 minus
866 2313 991 2374 iactum
1006 2315 1050 2374 sit
1064 2313 1153 2392 quod
1166 2318 1239 2374 erat
1253 2314 1287 2374 in
1302 2314 1420 2373 animo.

324 2397 443 2458 Verum
458 2397 519 2468 hic,
535 2398 580 2456 mi
594 2396 736 2470 Nicolae‚
751 2396 833 2459 nihil
847 2402 898 2458 est
912 2396 1001 2475 quod
1015 2416 1159 2458 excuses.
1190 2397 1473 2458 Persuasissimum

281 2480 403 2541 habeto
420 2480 510 2540 istud
530 2486 599 2539 tam
617 2480 792 2541 candidum
812 2480 975 2559 ingenium
992 2499 1154 2559 nusquam
1169 2499 1293 2541 cessare
1312 2481 1345 2540 in
1360 2480 1473 2551 officio,
1490 2502 1521 2552 15

281 2565 410 2643 quoties
432 2583 509 2623 vsus
531 2570 590 2624 est.
633 2563 722 2624 Dum
743 2583 816 2625 mea
837 2566 871 2625 in
893 2570 927 2624 te
947 2564 1053 2625 officia
1074 2563 1182 2624 verbis
1203 2581 1387 2643 exaggeras,
1409 2581 1475 2623 non

282 2646 404 2708 recedis
429 2666 450 2707 a
475 2646 614 2707 candore
640 2652 699 2707 tuo
721 2649 869 2726 genuino.
914 2645 1007 2720 Quod
1033 2648 1060 2707 si
1085 2646 1165 2726 quid
1190 2648 1352 2727 egregium
1377 2646 1418 2705 de
1440 2651 1475 2705 te

282 2732 417 2790 meritus
438 2749 541 2791 essem
563 2731 596 2790 in
618 2732 812 2809 praesencia,
834 2730 916 2791 nihil
934 2729 1026 2791 aliud
1046 2729 1142 2808 ab<s>
1161 2735 1195 2791 te
1214 2731 1334 2809 possim
1353 2735 1474 2808 petere,

281 2815 342 2873 nisi
368 2818 407 2873 vt
431 2833 546 2892 pergas
571 2811 671 2874 Olaus
695 2831 773 2875 esse.
817 2812 889 2874 Hoc
917 2814 1003 2874 enim
1031 2832 1149 2874 nomen
1177 2815 1287 2875 omnia
1311 2813 1474 2873 amiciciae

282 2898 387 2957 officie
418 2895 517 2957 semel
551 2896 798 2976 complectitur;
831 2897 1108 2976 quemadmodum
1137 2897 1190 2959 ille
1219 2915 1284 2958 vno
1320 2895 1475 2957 aduerbio
1488 2920 1522 2957 ιο

283 2980 469 3058 ‘regaliter’
485 2980 628 3059 putabat
642 2983 752 3041 omnia
765 2982 932 3042 contineri.

325 3064 482 3123 Leuinum
497 3083 605 3124 meum
618 3063 761 3144 Reginae
777 3063 898 3125 Mariae
912 3063 1148 3135 commendaui,
1164 3064 1197 3124 in
1212 3064 1304 3124 euius
1318 3062 1475 3124 familiam

282 3146 336 3207 ille
351 3149 432 3207 miro
448 3147 592 3225 quodam
611 3148 731 3208 affectu
747 3148 839 3227 cupit
857 3147 1016 3220 adscribi;
1038 3167 1097 3208 nec
1111 3147 1192 3208 satis
1206 3147 1303 3207 video
1317 3165 1417 3225 quam
1433 3147 1475 3207 ob

282 3250 360 3290 rem.
405 3230 444 3289 Ei
467 3249 589 3308 quaeso
611 3237 649 3291 vt
670 3250 736 3291 non
759 3231 851 3304 desis,
877 3232 905 3292 si
929 3231 1028 3291 modo
1053 3230 1220 3291 videbitur
1243 3229 1379 3290 idoneus
1404 3229 1475 3289 loco

283 3333 379 3391 quem
400 3313 522 3385 ambit;
545 3314 626 3374 mihi
642 3315 685 3375 cb
703 3315 866 3393 ingenium
881 3334 918 3375 ac
933 3313 1046 3375 literas
1060 3313 1192 3374 videtur
1206 3313 1250 3374 ad
1267 3314 1475 3373 secretarium
1490 3337 1522 3386 25

282 3416 401 3456 munus
415 3398 604 3476 appositior.

326 3480 421 3540 Pedis
432 3481 595 3540 cruciatus
607 3499 658 3540 me
673 3481 761 3542 intra
772 3480 919 3542 triduum
930 3479 1072 3560 reliquit,
1084 3479 1141 3541 sed
1152 3481 1306 3541 suecessit
1317 3478 1477 3540 stomachi

282 3562 478 3641 proluuium,
502 3563 590 3640 quod
615 3569 726 3624 tamen
751 3564 839 3625 Deus
865 3563 945 3624 bene
970 3565 1076 3625 cessit.
1120 3562 1291 3624 Caeterum
1316 3562 1395 3624 dum
1420 3581 1478 3641 per

283 3646 479 3706 salutatores
504 3664 569 3706 non
593 3645 669 3707 licet
691 3648 811 3708 seruire
833 3646 1034 3727 corpusculo,
1057 3647 1155 3707 recidi
1177 3648 1210 3706 in
1232 3645 1322 3707 aliud
1343 3646 1476 3719 malum,

283 3729 372 3808 quod
391 3735 426 3789 et
444 3730 549 3807 ipsum
569 3749 621 3790 me
638 3731 752 3790 stetim
769 3730 911 3810 reliquit.
955 3731 1075 3792 Postea
1088 3730 1277 3791 stomachus
1290 3728 1478 3790 meliuscule
1491 3756 1525 3806 30

282 3814 370 3890 cepit
395 3811 514 3872 habere
539 3832 638 3890 quem
664 3813 825 3875 habuerat
848 3819 956 3875 antea.
1000 3812 1102 3893 Spero
1130 3813 1189 3874 has
1217 3812 1313 3874 aedes
1341 3813 1477 3892 posthac

282 3895 361 3955 mihi
376 3895 505 3955 futuras
524 3896 694 3975 aliquanto
709 3899 934 3976 prosperiores.

324 3978 376 4038 Ad
397 3985 430 4038 te
451 3998 516 4039 non
531 3981 643 4058 scripsi
662 3982 800 4060 saepius,
815 3980 904 4060 quod
919 3982 1062 4041 incertus
1076 3999 1178 4040 essem
1193 3999 1236 4040 an
1250 3980 1431 4041 etiamnum
1445 3980 1478 4040 in

284 4061 427 4140 Reginae
449 4061 613 4122 famulitio
635 4064 769 4124 viueres.
813 4063 900 4125 Nam
922 4064 1036 4124 Leuini
1058 4063 1189 4124 litterae
1210 4063 1290 4123 mihi
1314 4082 1385 4123 sero
1406 4063 1477 4124 red-

283 4145 372 4205 ditae
393 4151 479 4205 sunt.
523 4145 598 4206 Non
623 4146 721 4207 semel
746 4149 889 4226 cogitaui
914 4147 954 4208 de
980 4146 1161 4207 Brabantia
1185 4146 1371 4226 repetenda.
1415 4146 1479 4208 Sed
1492 4171 1524 4223 3⁵

283 4230 378 4287 amici
397 4228 531 4306 quidem
551 4229 685 4291 fuerunt
703 4230 859 4292 authores
877 4237 915 4291 vt
934 4231 986 4291 hic
1006 4231 1168 4311 tantisper
1188 4229 1361 4304 haererem,
1376 4229 1478 4291 donec

283 4312 354 4370 istic
370 4331 419 4371 res
434 4331 492 4390 per
505 4311 674 4373 Caesarem
688 4321 796 4374 essent
810 4314 1020 4394 compositae.

325 4394 386 4454 Hic
409 4414 527 4474 magno
549 4402 640 4456 metu
662 4397 792 4458 liberati
814 4417 937 4471 sumus,
959 4397 1114 4459 extinctis
1136 4396 1264 4458 duobus
1285 4395 1479 4457 ecclesiastis

418 4507 457 4553 16.
476 4520 649 4570 exxaggeras
660 4504 725 4556 Ms.
827 4520 869 4571 34.
888 4507 1002 4558 viueraa
1013 4505 1078 4557 MS.
1146 4506 1269 4556 leuinae
1280 4505 1346 4556 MS.

315 4640 340 4687 6.
359 4638 534 4702 perscripsit]
557 4638 684 4703 Perhaps
700 4639 751 4689 the
770 4639 855 4691 letter
906 4641 982 4703 2587.
994 4644 1070 4701 66-9.

282 4704 345 4763 (not
352 4711 465 4764 extant)
473 4705 525 4754 leit
532 4706 602 4755 with
613 4705 713 4755 Choler
723 4707 752 4755 in
764 4707 855 4772 Auge·
941 4721 982 4771 34.
1001 4707 1101 4757 Lauini
1109 4706 1233 4767 litterae]
1240 4705 1299 4756 Not
1305 4711 1416 4756 extant.
1444 4705 1480 4756 In

282 4772 362 4835 burg,
376 4787 421 4820 see
434 4772 508 4836 Epp.
522 4785 596 4834 ²437·
610 4786 685 4834 22-3,
697 4774 771 4836 2438.
784 4787 842 4837 3-4.
907 4790 926 4823 a
940 4773 1026 4824 letter
1039 4780 1071 4824 to
1088 4774 1241 4824 Dantiecus
1257 4773 1288 4823 ol
1302 4786 1317 4835 5
1329 4773 1402 4823 Nov.
1416 4785 1478 4835 1531

318 4852 356 4886 ιο.
375 4839 564 4899 Dominicum]
574 4839 625 4889 We
636 4839 709 4888 have
717 4846 769 4891 not
781 4841 853 4890 been
906 4841 1132 4905 (Czartoryskich
1143 4839 1283 4897 Murcum.
1292 4839 1414 4898 emm,
1423 4839 1479 4890 lus.

281 4904 344 4953 able
353 4904 526 4970 toidentiiy:
542 4906 724 4971 conceivably
730 4907 854 4957 Domini·
908 4909 969 4972 243)
987 4908 1110 4958 levinus
1124 4922 1189 4971 says
1204 4907 1271 4956 that
1283 4907 1319 4957 he
1331 4907 1355 4956 is
1365 4913 1480 4972 expect·

281 4987 331 5020 cus
343 4971 379 5021 de
391 4972 501 5030 Musam,
514 4987 560 5022 see
572 4973 626 5037 Ep.
640 4984 715 5035 2570.
728 4977 791 5034 6911.
908 4975 957 5039 ing
967 4989 986 5024 a
997 4974 1082 5025 letter
1093 4975 1166 5024 from
1175 4972 1311 5024 Eremus
1320 4973 1480 5025 commend·

315 5041 389 5101 25-6.
408 5039 590 5090 secretarium
605 5041 722 5102 munus]
738 5040 780 5092 cf.
798 5039 855 5107 Ep.
906 5041 957 5108 ing
967 5041 1028 5092 him
1037 5047 1070 5092 to
1080 5041 1131 5093 the
1141 5039 1248 5101 Quaen.
