4042 5900
387 685 483 765 2614]
551 685 674 748 FROM
695 686 813 748 JOHN
834 686 1013 750 ALBERT
1035 687 1423 751 WIDMANSTETPER
1518 688 1580 749 445

386 845 506 905 eximia
521 845 554 905 in
568 865 607 906 eo
624 865 693 906 esse
710 845 1006 925 deprehendantur.
1050 846 1136 921 Quid
1154 847 1261 908 dicam
1282 847 1322 908 de
1340 846 1497 926 singulari
1512 848 1581 908 eius

386 928 594 990 humanitate
614 930 878 1008 suauissimisque
893 930 1063 992 moribus?
1106 929 1229 1004 Quibus
1247 950 1358 991 omnes
1376 931 1439 991 sibi
1458 932 1506 992 ita
1525 930 1580 991 de·

387 1013 492 1073 uincit
516 1019 556 1073 vt
581 1032 647 1073 vno
671 1032 726 1072 ore
751 1013 925 1086 affirment,
950 1015 1135 1093 quicunque
1160 1033 1234 1076 cum
1259 1034 1299 1075 eo
1321 1013 1465 1093 aliquam
1492 1015 1581 1075 vitae

386 1097 647 1158 coniunctionem
673 1095 869 1169 babuerunt,
895 1115 928 1157 se
957 1098 992 1157 in
1018 1099 1089 1158 vita
1113 1098 1303 1159 mortalium
1329 1098 1410 1158 nihil
1435 1117 1580 1176 vnquam

386 1178 514 1239 dulcius
536 1187 636 1258 atque
659 1178 773 1239 vtilius
797 1186 951 1259 expertos
976 1180 1076 1241 luisse
1102 1181 1335 1242 consuetudine
1356 1201 1425 1242 sua.
1469 1181 1582 1242 Finxit
1595 1204 1628 1256 35

385 1264 471 1322 enim
494 1282 569 1323 eum
591 1270 711 1323 natura
730 1262 773 1323 ad
793 1281 905 1323 omnes
923 1264 1065 1325 virtutes
1081 1264 1165 1325 adeo
1183 1263 1347 1326 excelsum
1365 1271 1404 1325 vt
1421 1266 1489 1325 sine
1506 1264 1581 1325 doc·

386 1347 474 1406 trina
489 1346 641 1406 videatur
655 1365 803 1407 summus
817 1365 887 1407 esse
901 1349 1064 1426 potuisse:
1087 1348 1207 1426 quibus
1226 1349 1364 1408 accessit
1381 1349 1493 1427 ingens
1510 1367 1581 1408 eru·

386 1429 479 1501 ditio,
495 1430 641 1491 studium
656 1429 858 1503 admirabile,
874 1449 952 1492 vsus
968 1451 1074 1493 rerum
1090 1437 1206 1492 tantus
1220 1438 1382 1511 quantum
1397 1432 1454 1492 alii
1468 1437 1582 1511 optare

386 1515 442 1572 vix
458 1513 580 1573 fuerint
594 1514 676 1573 ausi.

429 1597 500 1657 Iam
515 1603 642 1674 quanta
657 1615 730 1657 cum
742 1616 801 1657 sua
816 1595 913 1658 laude
927 1616 1032 1677 nuper
1046 1597 1154 1658 Roma
1168 1598 1333 1659 discessit!
1356 1617 1430 1659 cum
1446 1598 1583 1659 vidisset
1595 1622 1629 1674 40

386 1680 485 1741 homo
500 1679 774 1759 prudentissimus
788 1686 923 1760 propter
936 1681 1117 1742 multorum
1132 1683 1346 1742 iniustissima
1359 1701 1436 1761 erga
1454 1700 1488 1741 se
1507 1681 1583 1742 odia

386 1763 551 1843 publicam
573 1763 703 1823 caedem
728 1769 828 1841 atque
853 1764 1076 1825 calamitatem
1105 1764 1179 1825 vrbi
1204 1766 1382 1838 imminere,
1407 1766 1434 1825 si
1458 1764 1583 1825 diutius

386 1848 570 1919 mansisset,
593 1853 631 1906 vt
652 1866 693 1907 ex
715 1846 847 1907 eiusad
869 1846 1040 1908 Caesarem
1062 1847 1202 1928 epistola
1223 1850 1360 1928 potuisti
1382 1867 1582 1927 cognoscere.

387 1929 459 2004 Qua
481 1950 560 1991 vero
577 1930 803 2002 sollicitudine,
819 1930 982 1991 industria
998 1938 1035 1992 et
1054 1933 1221 2010 aequitate
1236 1951 1292 1992 eos
1306 1931 1426 2009 quibus
1444 1936 1582 2010 praeest,

387 2014 550 2094 gubernet
573 2019 674 2091 atque
698 2018 842 2086 tueatur,
868 2013 935 2075 lere
960 2034 1057 2076 nemo
1078 2022 1129 2076 est
1154 2016 1211 2093 qui
1238 2017 1380 2075 nesciat:
1416 2016 1509 2076 cuius
1537 2016 1583 2074 rei
1596 2038 1629 2089 45

387 2099 597 2176 praecipuum
607 2103 658 2157 est
666 2103 895 2175 argumentum
906 2098 994 2175 quod
1004 2098 1054 2157 his
1063 2100 1164 2159 etiam
1174 2098 1371 2159 difficillimis
1381 2097 1583 2176 temporibus

388 2182 422 2241 in
437 2179 578 2241 Siciliam
594 2181 749 2258 nauigare
763 2181 938 2241 constituit
952 2187 991 2241 vt
1004 2200 1077 2241 eam
1093 2182 1182 2261 regni
1197 2187 1326 2261 partem
1341 2200 1426 2259 quae
1445 2180 1488 2240 ad
1507 2200 1583 2242 suos

387 2265 531 2343 pertinet
545 2263 701 2324 aduersus
717 2263 875 2324 bellorum
890 2282 974 2342 quse
988 2284 1030 2325 ex
1046 2264 1208 2342 Byzantio
1225 2266 1424 2325 nuntiantur
1443 2270 1584 2325 terrores

387 2349 493 2426 erigat
521 2353 621 2424 atque
647 2346 826 2407 confirmet.
870 2346 997 2408 Omitto
1022 2348 1155 2427 pietatis
1184 2348 1330 2409 studium
1356 2347 1445 2426 quod
1470 2348 1504 2407 in
1529 2347 1583 2408 de·

386 2430 551 2491 tendenda
566 2431 710 2509 Reginae
724 2429 861 2510 Angliae
876 2450 975 2492 causa
988 2432 1156 2511 praestitit
1170 2433 1359 2493 maximum.
1404 2432 1583 2503 Postremo,
1598 2456 1631 2505 50

388 2521 427 2574 vt
451 2513 557 2574 multa
580 2520 791 2593 praeteream,
814 2533 907 2592 quae,
934 2515 970 2574 ni
989 2515 1148 2594 epistolae
1173 2515 1289 2575 modus
1317 2514 1516 2593 prohiberet,
1541 2514 1584 2575 ad

388 2597 569 2658 vberrimas
594 2598 663 2657 eius
687 2596 801 2657 laudes
825 2598 935 2658 afferri
956 2599 1152 2676 potuissent,
1174 2599 1272 2659 velim
1294 2599 1355 2659 tibi
1377 2598 1584 2677 persuadeas,

389 2681 534 2752 Erssme,
549 2700 623 2741 eum
644 2680 685 2740 de
703 2681 809 2760 teipso
828 2700 895 2741 non
914 2682 1023 2742 minus
1041 2681 1190 2742 laborare
1207 2700 1306 2760 quam
1324 2681 1364 2742 de
1384 2681 1491 2741 salute
1510 2700 1583 2760 pro·

388 2765 470 2844 pria,
486 2783 587 2842 quum
603 2764 776 2842 intelligat,
792 2769 893 2842 atque
912 2764 946 2824 id
963 2764 1096 2843 quidem
1114 2784 1148 2825 se
1168 2765 1346 2844 intelligere
1364 2784 1431 2825 non
1448 2764 1584 2825 obscure

388 2848 484 2919 ferat,
500 2848 640 2907 nominis
656 2847 706 2907 tui
721 2848 952 2927 sempiternam
971 2847 1106 2926 gloriam
1124 2867 1199 2908 cum
1219 2848 1383 2909 Ecclesiae
1403 2847 1585 2909 rationibus
1598 2856 1630 2908 55

389 2951 459 2992 esse
487 2932 706 2992 coniunctam.
750 2929 956 3011 Quapropter
983 2951 1056 2993 eam
1085 2931 1347 2993 obtrectatorum
1376 2951 1455 2993 voce
1484 2936 1584 3010 atque

388 3016 519 3094 scriptis
533 3015 618 3075 laedi
633 3034 748 3093 passus
767 3020 913 3088 nonest,
934 3016 1034 3076 immo
1053 3035 1132 3075 vero
1151 3016 1184 3075 id
1203 3015 1338 3076 tandem
1358 3034 1418 3076 sua
1435 3015 1585 3076 doctrina

388 3104 423 3159 et
448 3099 651 3159 authoritate
676 3104 728 3159 est
753 3105 959 3176 assequutus,
985 3105 1025 3159 vt
1050 3098 1245 3160 incolumem
1274 3099 1396 3160 habeas
1421 3098 1510 3178 apud
1535 3100 1584 3159 in-

389 3201 541 3242 numeros
556 3190 649 3242 tuam
664 3182 950 3243 existimationem.
995 3181 1084 3243 Vale.

432 3265 568 3344 Neapoli
583 3265 742 3325 Kalendis
758 3265 896 3326 Martiis.
939 3265 1036 3326 Anno
1051 3282 1233 3326 mnxxxn.
1598 3266 1633 3313 ⁶⁰

721 3517 821 3577 2615.
868 3511 922 3577 Το
945 3511 1095 3576 Manrm
1117 3511 1254 3577 Bucaa.

428 3650 633 3722 Copenhagen
646 3648 710 3704 MS.
726 3649 762 3704 G.
777 3650 818 3704 K.
834 3648 864 3705 S.
878 3663 914 3717 95
928 3649 1005 3714 For,
1020 3649 1042 3703 f.
1060 3662 1123 3718 170.
1335 3648 1527 3719 (Freiburg.)

1314 3737 1330 3775 2
1343 3723 1451 3777 March
1467 3739 1548 3791 1532.

425 3845 482 3906 [An
494 3846 654 3909 autograph
669 3843 865 3909 mgb-dreit:
883 3844 1005 3894 without
1018 3843 1141 3907 heading
1156 3845 1205 3904 (on
1220 3842 1270 3892 the
1281 3845 1334 3900 v⁰.,
1346 3843 1485 3900 however,
1497 3841 1527 3891 ol
1538 3841 1588 3891 the

390 3912 479 3962 blank
502 3910 558 3961 lsai
580 3917 612 3961 at
635 3912 684 3962 the
706 3911 771 3969 end,
796 3911 815 3960 i.
840 3925 895 3976 177,
917 3911 941 3960 is
960 3911 1076 3960 written
1097 3909 1258 3969 ‘Bueero’).
1293 3909 1345 3958 We
1367 3910 1440 3959 have
1460 3907 1588 3958 retained

390 3979 535 4029 Erasmus'
549 3978 767 4044 paragraphing.
802 3978 893 4028 There
908 3978 932 4027 is
948 3977 1069 4042 nothing
1085 3982 1117 4027 to
1134 3976 1212 4026 show
1226 3975 1353 4025 whether
1366 3976 1416 4025 the
1430 3975 1515 4025 letter
1530 3990 1588 4024 was

390 4062 458 4096 ever
474 4052 547 4095 sent.
582 4046 718 4095 Erasmus
735 4045 853 4110 appeals
873 4050 904 4094 to
925 4045 1016 4094 Bucer
1035 4049 1067 4094 to
1087 4049 1164 4094 treet
1184 4044 1207 4093 it
1227 4058 1259 4092 as
1278 4041 1460 4092 confidential
1480 4041 1547 4100 and,
1566 4040 1588 4090 il

391 4114 483 4164 Bucar
495 4113 621 4162 received
633 4113 666 4170 it,
679 4112 715 4162 he
727 4111 835 4177 plainly
846 4110 1005 4176 responded
1017 4117 1048 4160 ιο
1060 4110 1110 4160 the
1121 4110 1233 4175 appeal.

425 4180 485 4230 The
506 4180 668 4229 immediate
690 4180 819 4229 occasion
841 4177 871 4228 oi
891 4179 940 4228 the
962 4177 1201 4241 correspondence
1223 4177 1352 4226 between
1373 4176 1509 4226 Erasmus
1531 4173 1589 4224 aud

390 4247 484 4298 Bucar
499 4262 589 4296 seems
603 4253 634 4296 ιο
650 4247 723 4307 have
737 4246 809 4296 been
823 4246 873 4295 the
890 4244 1067 4309 publication
1082 4244 1112 4294 oi
1126 4244 1275 4294 Sebastisn
1292 4243 1427 4293 Franck's
1442 4242 1588 4299 Chronico,

391 4313 526 4377 chtbsch
557 4314 612 4363 ond
643 4312 862 4376 Gactyctteiod
895 4311 1056 4376 Strssburg,
1095 4311 1303 4361 Herbstmonat
1341 4310 1477 4374 (August)
1515 4322 1588 4373 1531.

391 4381 529 4431 Erasmus
545 4381 574 4429 in
589 4395 607 4429 a
618 4380 704 4429 letter
720 4386 751 4429 ιο
764 4379 875 4443 Capito,
891 4385 943 4429 not
954 4384 1066 4434 extant,
1078 4378 1136 4428 had
1147 4377 1299 4441 suspected
1311 4376 1377 4426 that
1388 4378 1438 4426 the
1450 4377 1588 4441 responsi·

392 4448 476 4510 bility
494 4446 538 4496 ior
555 4448 604 4497 the
622 4447 697 4496 boolr
714 4446 761 4509 lay
778 4446 848 4495 with
863 4446 969 4503 Bucen
988 4444 1046 4495 and
1062 4445 1118 4494 bad
1132 4444 1304 4509 apparently
1319 4450 1351 4494 at
1366 4444 1416 4494 the
1431 4459 1508 4493 same
1519 4444 1589 4494 time

391 4515 476 4565 made
498 4529 516 4563 a
538 4513 703 4577 complaint,
723 4513 814 4562 about
836 4512 874 4562 its
897 4512 1083 4577 publication,
1104 4518 1135 4561 ιο
1155 4512 1205 4561 the
1225 4510 1377 4574 strasburg
1399 4511 1588 4575 magistrates.

393 4580 448 4630 His
465 4579 704 4644 correspondence
719 4580 790 4629 with
805 4580 856 4629 the
869 4580 1050 4643 magistrates
1064 4579 1088 4627 is
1101 4584 1154 4628 not
1171 4583 1283 4634 extant,
1298 4593 1350 4627 nor
1364 4579 1388 4627 is
1403 4577 1453 4626 the
1464 4577 1549 4626 letter
1560 4575 1590 4626 ol

392 4648 485 4698 Bucer
503 4648 593 4697 which
612 4647 670 4696 this
686 4661 818 4696 answers.
854 4646 883 4696 It
900 4644 994 4696 would
1009 4661 1094 4703 seem,
1112 4647 1250 4701 however,
1266 4645 1332 4694 that
1345 4644 1437 4693 Bucar
1450 4642 1590 4693 hsdused
1619 4683 1635 4717 s

392 4715 444 4765 the
464 4714 600 4771 occasion!
614 4720 645 4763 ιο
664 4714 767 4763 review
787 4713 837 4762 the
857 4712 947 4762 whole
967 4712 1078 4776 history
1097 4711 1128 4761 oi
1147 4711 1291 4761 Erasrnus’
1311 4710 1431 4760 relation
1450 4710 1521 4759 with
1540 4711 1590 4759 the

392 4780 597 4845 Evangelicals.
632 4780 768 4829 Erasmus
784 4780 813 4828 in
829 4780 874 4829 his
889 4779 969 4843 reply
980 4777 1143 4828 withdraws
1156 4779 1234 4827 what
1248 4778 1284 4827 he
1297 4777 1354 4826 had
1366 4776 1428 4827 said
1439 4776 1529 4826 about
1541 4776 1590 4826 the

393 4848 562 4911 authorship
576 4845 634 4896 and
651 4846 826 4910 publication
843 4845 874 4895 ol
887 4847 937 4896 the
950 4845 1094 4901 Chronico.
1107 4845 1162 4895 but
1174 4845 1275 4908 taking
1284 4844 1400 4894 Bucer's
1411 4843 1497 4893 letter
1508 4858 1589 4908 para·

393 4915 485 4979 graph
508 4914 547 4978 by
565 4914 726 4978 paragraph
744 4912 791 4974 (cl.
810 4913 829 4962 l.
850 4913 894 4975 41)
911 4913 948 4962 he
965 4912 1091 4975 subjects
1108 4913 1132 4962 it
1150 4918 1181 4961 ιο
1200 4926 1218 4960 a
1235 4909 1359 4961 detailed
1379 4911 1513 4960 criticism
1532 4909 1590 4959 and

392 4987 484 5031 meets
494 4981 610 5031 Bucer's
622 4987 769 5030 overturss
780 4980 809 5028 in
821 4995 858 5028 an
870 4978 1094 5043 unconciliatory
1105 4979 1197 5043 spirit,
1210 4978 1388 5041 everywhere
1398 4976 1591 5042 empbasizing

393 5048 444 5098 the
455 5047 595 5098 doctrinal
606 5047 772 5097 differences
783 5047 911 5096 between
923 5045 1037 5097 himself
1048 5045 1107 5096 and
1117 5046 1167 5097 the
1178 5043 1361 5108 Reiormers.]
