4042 5900
324 673 419 753 2449]
699 669 756 733 To
775 670 914 734 Jsuus
937 669 1138 734 cuserius
1455 669 1515 730 rsa

323 831 468 892 maxima
480 848 523 891 ex
535 834 630 909 parte
642 829 799 910 gloriosae
810 830 958 892 inscitiae
968 830 1104 892 nebulas
1113 830 1282 891 discussit:
1297 829 1419 908 partim
1427 829 1517 908 quod

324 918 458 975 tantum
480 913 659 993 principem
684 912 812 974 habetis
839 915 934 975 istius
955 913 1164 994 pulcherrimi
1188 912 1313 992 negocii
1336 910 1517 991 professum

324 1002 493 1070 rectorem,
508 1015 575 1058 non
589 998 697 1058 minue
711 996 889 1059 humanum
904 1016 943 1058 ac
957 997 1133 1076 benignum
1151 1015 1250 1075 quam
1264 1000 1444 1074 potentem,
1461 996 1517 1074 qui

326 1079 458 1141 videtur
471 1078 533 1139 hoo
547 1081 678 1159 penitus
692 1079 811 1141 habere
825 1086 1042 1160 perspectum,
1054 1085 1216 1159 quantum
1226 1078 1301 1139 hinc
1312 1097 1387 1140 vere
1397 1077 1518 1158 gloriae

324 1164 392 1223 suis
413 1164 622 1235 ornamentis,
639 1169 802 1242 quantum
822 1163 978 1225 utilitatis
998 1164 1150 1225 uniuersa
1171 1162 1287 1223 ditioni
1309 1163 1353 1222 sit
1373 1180 1516 1223 accessu·
1531 1174 1563 1225 25

325 1265 408 1307 rum.
451 1246 653 1307 Louaniense
666 1246 837 1326 collegium
853 1252 1003 1308 autorem
1022 1246 1124 1307 habet
1142 1245 1379 1324 Hieronymum
1393 1244 1517 1305 anlei·

325 1329 426 1402 dium,
456 1330 563 1390 virum
591 1329 791 1409 amplissime
814 1329 949 1391 fortuna
971 1330 1116 1409 dignum,
1142 1347 1206 1407 que
1230 1347 1296 1390 non
1310 1327 1466 1389 defuisset
1491 1328 1519 1388 si

326 1414 437 1473 viuere
451 1412 613 1473 licuisset:
636 1412 693 1474 sed
710 1411 847 1474 decessit
860 1419 896 1474 et
908 1414 1090 1474 autoritate
1103 1418 1139 1474 et
1152 1431 1187 1473 re
1200 1411 1363 1483 mediocri,
1378 1410 1461 1472 adeo
1480 1416 1519 1471 vt

326 1495 444 1557 salaria
453 1496 509 1555 vix
518 1494 642 1556 alendis
653 1496 888 1575 professoribus
898 1498 990 1576 paria
1001 1497 1077 1558 sint.
1113 1494 1207 1556 Illius
1218 1499 1331 1556 tamen
1345 1494 1519 1556 memoriae

326 1577 419 1639 nulla
434 1580 515 1640 satis
534 1578 632 1658 digna
650 1580 757 1658 gratia
776 1580 909 1659 rependi
928 1585 1050 1659 potest,
1072 1580 1129 1657 qui
1150 1577 1306 1657 quicquid
1327 1583 1400 1639 erat
1417 1576 1517 1638 facul·
1531 1591 1565 1642 30

326 1666 446 1734 tatum,
462 1661 495 1723 id
509 1663 698 1724 vniuersum
706 1664 736 1723 ei
744 1664 876 1742 negocio
887 1663 1063 1724 dedicauit.
1100 1661 1185 1736 Quin
1193 1666 1227 1722 et
1237 1660 1319 1723 illud
1328 1660 1519 1722 cordatioris

326 1745 452 1806 consilii
466 1745 607 1818 videtur,
622 1744 711 1824 quod
722 1746 817 1806 isthic
829 1745 969 1807 duarum
978 1745 1077 1808 modo
1091 1745 1274 1824 linguarum
1283 1743 1519 1824 professoribus

328 1827 529 1889 destinatum
550 1829 595 1889 sit
616 1828 826 1908 stipendium,
846 1827 967 1890 Grecae
986 1836 1022 1890 et
1041 1828 1231 1901 Hebraicae,
1254 1827 1519 1907 quandoquidem

327 1911 447 1972 Latina
466 1911 659 1991 iampridem
680 1913 725 1972 sic
741 1911 883 1973 effloruit
901 1918 941 1973 vt
959 1912 1114 1992 peculiari
1133 1910 1313 1991 professore
1330 1929 1396 1972 non
1414 1916 1518 1990 egeat.

327 1994 400 2055 Iam
415 1993 497 2055 illud
510 1996 617 2074 regiae
636 1994 845 2074 benignitatis
861 2001 923 2069 est,
939 1996 1028 2075 quod
1042 1996 1174 2073 utrique
1188 1994 1318 2075 linguae
1332 1993 1425 2056 binos
1445 2012 1518 2074 pro·
1533 2008 1566 2060 35

326 2077 463 2139 fossores
477 2077 670 2157 designauit,
685 2078 784 2157 idque
798 2078 916 2141 salario
928 2080 1122 2157 neutiquam
1136 2077 1222 2151 exili,
1238 2096 1303 2157 quo
1312 2096 1380 2139 non
1388 2082 1520 2138 tantum

328 2160 507 2233 commode,
532 2180 647 2222 verum
670 2163 771 2223 etiam
792 2181 866 2223 cum
890 2162 1051 2242 dignitate
1073 2180 1194 2223 munus
1219 2160 1405 2241 delegatum
1430 2160 1520 2221 obire

328 2251 460 2324 queant.
497 2244 568 2305 Isto
581 2245 720 2318 nomine,
735 2246 780 2306 mi
795 2245 950 2319 Tussane,
964 2245 1071 2307 multo
1080 2244 1256 2307 feliciorem
1264 2245 1372 2306 iudico
1380 2242 1521 2305 Galliam

329 2347 429 2406 quam
449 2329 476 2388 si
501 2334 574 2389 tota
597 2328 696 2389 Italia
713 2334 843 2390 vestrae
862 2329 979 2390 ditioni
998 2329 1113 2390 fuisset
1131 2329 1297 2389 adiuncta.
1341 2326 1520 2388 Pulcherri-

328 2430 417 2472 mam
442 2410 595 2489 Spartam
620 2413 728 2473 sortiti
752 2413 839 2485 estis,
860 2411 942 2473 nihil
964 2417 1113 2491 superest
1134 2412 1196 2473 nisi
1221 2416 1260 2472 vt
1282 2430 1355 2472 eam
1380 2430 1440 2491 pro
1462 2428 1569 2480 suaso

328 2496 465 2573 quisque
479 2493 639 2556 facultate
652 2497 803 2556 certatim
817 2497 990 2557 exornetis.

372 2577 422 2638 De
432 2583 491 2639 tuo
502 2597 578 2658 erga
592 2597 644 2639 me
655 2578 775 2651 studio,
790 2577 872 2639 nihil
886 2597 968 2658 opus
982 2584 1022 2639 vt
1031 2584 1092 2639 aut
1102 2579 1171 2657 ipse
1181 2576 1407 2638 iusiurandum
1417 2576 1523 2637 vllum

329 2662 518 2740 interponas
528 2667 589 2722 aut
600 2680 787 2740 quenquam
796 2680 984 2741 sponsorem
992 2661 1158 2722 adhibeas.
1188 2660 1233 2722 Vt
1241 2662 1328 2721 enim
1337 2659 1524 2740 priscisillis

330 2744 511 2805 sufficiebat
519 2744 670 2817 formula,
681 2746 767 2804 inter
776 2745 878 2806 bonos
888 2745 970 2805 bene
979 2746 1067 2824 agier
1076 2749 1222 2824 oportet:
1238 2745 1286 2804 ita
1294 2742 1522 2805 interChrieti-

331 2846 410 2889 anos
438 2827 519 2887 nihil
548 2827 776 2905 requirendum
803 2835 934 2908 praeter
956 2828 1039 2889 duas
1063 2827 1216 2907 syllabas,
1238 2827 1290 2888 vni
1309 2833 1343 2888 et
1365 2826 1430 2888 οὐκ.
1474 2825 1569 2897 De45

330 2908 444 2973 Budeo
461 2911 698 2973 reconciliando
717 2910 806 2991 quod
825 2910 947 2985 scribis,
967 2930 1043 2981 amo
1060 2910 1192 2991 quidem
1211 2910 1426 2973 humanitatis
1445 2915 1523 2972 tuae

331 2993 555 3056 sedulitatem:
571 2995 792 3057 verumnolim
802 2995 1349 3075 hocessepersuasumeruditorum
1358 2995 1523 3066 centuriis,

332 3098 384 3139 me
398 3097 473 3138 cum
488 3078 602 3139 Budeo
616 3078 736 3139 redisse
747 3080 781 3139 in
794 3080 944 3158 gratiam,
956 3080 1089 3158 quicum
1100 3078 1181 3139 mihi
1194 3077 1285 3139 nulla
1298 3077 1363 3139 fuit
1378 3096 1524 3156 vnquam

331 3161 491 3233 simultas,
509 3180 568 3222 neo
586 3181 731 3241 vnquam
749 3162 863 3223 futura
881 3164 933 3235 sit,
951 3163 1014 3223 nisi
1031 3181 1162 3242 prorsus
1180 3161 1265 3222 hanc
1281 3166 1427 3222 mentem
1444 3160 1524 3221 mihi

331 3243 411 3305 deus
425 3243 543 3323 aliquis
558 3245 693 3306 adimat.
736 3244 837 3306 Nulla
850 3251 902 3306 est
915 3247 1001 3307 inter
1016 3244 1171 3307 mortales
1185 3250 1256 3306 tam
1270 3243 1421 3305 omnibus
1434 3244 1523 3304 nexi·
1537 3263 1572 3312 5ο

331 3327 393 3388 bue
421 3329 557 3389 astricta
585 3330 740 3401 amicicia,
769 3330 848 3408 quin
878 3348 951 3390 eam
979 3328 1157 3408 aliquando
1184 3327 1345 3389 nubecula
1373 3328 1526 3407 quapiam

332 3410 469 3472 offuscet
490 3410 534 3472 ad
556 3417 694 3490 tempus.
738 3411 843 3473 Nemo
867 3412 948 3473 mihi
971 3413 1134 3491 persuasit
1157 3417 1218 3472 aut
1240 3429 1452 3490 persuasurus
1474 3415 1526 3471 est

331 3513 476 3572 vnquam
491 3494 650 3567 Budeum‚
666 3495 830 3557 hominem
844 3514 910 3557 non
924 3496 1032 3556 minus
1047 3495 1227 3556 humanum
1238 3513 1338 3573 quam
1349 3493 1525 3566 eruditum,

332 3576 490 3639 offensum
512 3576 611 3638 fuisse
633 3597 706 3640 meo
726 3576 944 3639 Ciceroniano.
987 3576 1022 3640 Si
1043 3578 1123 3657 quid
1139 3578 1204 3638 fuit
1223 3577 1419 3650 offensionis,
1441 3575 1526 3637 male

332 3660 441 3740 lingue
465 3660 656 3722 veneficium
677 3662 751 3722 fuit.
794 3662 935 3736 Antores
955 3661 1082 3740 aliquot
1103 3660 1147 3722 ad
1167 3679 1220 3721 me
1241 3659 1344 3721 delati
1362 3665 1449 3732 sunt,
1469 3659 1527 3720 sed
1539 3678 1572 3730 55

331 3749 464 3805 nonest
479 3744 540 3804 ocii
555 3750 687 3805 tantum
704 3750 743 3804 vt
762 3750 860 3806 vacet
879 3744 1065 3805 auscultare
1085 3742 1314 3816 delationibus,
1334 3744 1525 3823 praesertIm

332 3847 434 3905 quum
449 3828 513 3887 iam
529 3846 627 3888 senex
641 3828 705 3889 alio
720 3847 898 3908 properem.
941 3828 1012 3907 Ego
1025 3845 1193 3906 nunquam
1206 3826 1304 3888 aliter
1316 3828 1483 3887 animatus
1493 3827 1527 3886 in

332 3910 483 3971 Budeum
506 3909 555 3971 fui
578 3930 677 3990 quam
701 3910 796 3972 decet
820 3913 854 3972 in
879 3910 1043 3973 hominem
1068 3910 1218 3990 probum,
1240 3910 1406 3971 eruditum
1429 3914 1465 3970 et
1486 3908 1527 3970 de

332 3993 451 4054 litteris
464 3994 589 4074 egregie
603 3995 765 4056 meritum.
809 3993 996 4056 Consultius
1011 4001 1124 4056 autem
1143 3995 1250 4054 visum
1269 3997 1320 4054 est
1333 3993 1427 4053 illum
1447 3993 1527 4053 meis

333 4076 452 4138 litteris
466 4096 533 4138 non
551 4077 724 4157 appellare.
768 4077 854 4139 Nam
876 4079 903 4139 si
924 4079 997 4156 quis
1019 4077 1165 4139 densita
1184 4078 1329 4137 mutauit
1350 4075 1437 4137 illius
1458 4076 1526 4136 ani·
1540 4086 1574 4135 60

333 4180 434 4234 mum,
457 4167 497 4222 vt
519 4179 579 4239 pro
603 4160 763 4223 beneuolo
785 4162 963 4241 susceperit
985 4160 1147 4233 hostilem,
1165 4179 1232 4222 non
1253 4164 1304 4221 est
1323 4159 1527 4220 innocentiae

333 4245 486 4322 cuiquam
499 4263 568 4305 esse
583 4244 770 4324 supplicem.
814 4244 848 4306 Si
863 4244 939 4305 talis
953 4250 1004 4305 est
1019 4244 1163 4316 offensio,
1179 4242 1292 4323 quales
1311 4243 1418 4305 solent
1432 4260 1528 4321 saepe

334 4328 419 4387 inter
437 4328 569 4400 amicos,
592 4328 746 4390 incolumi
768 4334 880 4389 tamen
901 4326 1031 4389 foedere
1054 4328 1244 4406 gratiarum,
1268 4325 1418 4399 incidere,
1441 4324 1528 4387 illius

333 4415 406 4470 erat
428 4410 645 4490 expostulare,
670 4430 780 4472 meum
803 4429 950 4491 purgare.
994 4409 1190 4489 Quanquam
1219 4429 1278 4471 nec
1301 4410 1353 4470 hic
1375 4426 1529 4487 grauarer

332 4492 576 4572 aliquantulum
587 4494 627 4555 de
641 4513 714 4556 meo
728 4496 797 4556 iure
807 4494 971 4567 decedere,
984 4495 1012 4555 si
1022 4499 1112 4554 certo
1121 4494 1234 4554 scirem
1244 4492 1324 4573 quid
1334 4492 1382 4553 illi
1393 4492 1527 4553 doleret.
1541 4502 1575 4564 65

333 4575 374 4637 Id
389 4596 491 4656 quum
505 4596 564 4638 nec
579 4578 726 4641 diuinare
740 4579 870 4660 possim,
886 4596 999 4639 vereor
1019 4596 1060 4637 ne
1079 4577 1107 4637 si
1127 4582 1253 4638 tentem
1273 4594 1428 4656 generoso
1445 4593 1530 4655 equo

367 4716 409 4765 23·
427 4703 651 4756 rectoremMS.:
669 4704 835 4756 autorem-I.
885 4717 927 4768 31.
945 4701 1104 4754 inedias:
1122 4702 1220 4754 hocK.
1268 4717 1311 4767 32·
1328 4701 1529 4754 isthiocdd.K.

333 4769 614 4901 :szfgidlu'eritd
666 4769 1179 4837 51.quineamMS.:quamnonJ.
1225 4769 1435 4821 to.iteom.J.
1486 4770 1529 4819 62.

369 4984 410 5033 3²·
428 4971 550 5021 duarum
569 4969 664 5032 modo]
685 4970 736 5020 See
755 4969 810 5035 Ep.
831 4972 907 5035 2456.
990 4981 1034 5034 35.
1052 4968 1275 5035 binosJSeeEp.
1287 4967 1469 5035 2456introd.

337 5051 428 5103 11-14.
