4042 5900
508 655 570 715 210
834 652 1033 715 LETTERS
1054 652 1109 716 OF
1130 649 1335 715 ERASMUS
1608 654 1706 731 [1531

507 832 638 875 mensus
653 819 704 874 est
719 812 854 885 coelum,
864 817 899 874 et
912 831 1023 892 pugno
1037 811 1285 892 comprehendit
1298 816 1431 873 terram.
1461 810 1540 885 Quis
1555 831 1708 891 vnquam

446 916 581 981 15501111¹
596 897 713 958 Esaiae
727 895 835 957 locum
850 895 894 957 ad
913 897 1016 958 istum
1036 896 1273 975 interpretatus
1295 901 1346 956 est
1367 895 1512 968 modum,
1527 901 1567 956 vt
1588 896 1707 959 sileam

506 980 606 1060 quod,
622 986 660 1041 vt
683 999 743 1041 suo
763 986 949 1041 commento
968 980 1077 1041 lecum
1096 978 1229 1051 faceret,
1253 979 1388 1040 vitiauit
1408 980 1616 1058 scripturam,
1632 1000 1706 1060 pro,

506 1063 640 1125 delimo
662 1070 766 1134 terrae
789 1064 895 1124 citans
917 1082 954 1123 as
979 1062 1066 1123 cenni
1090 1061 1166 1122 limo
1186 1068 1292 1122 terrae.
1336 1062 1511 1123 Praetereo
1531 1063 1622 1141 quod
1642 1083 1706 1143 pro

507 1153 641 1226 quatuor
661 1146 774 1207 mundi
793 1146 899 1224 plagis
916 1147 1012 1226 ponit
1030 1152 1164 1225 quotuor
1180 1144 1293 1206 mundi
1309 1145 1422 1207 stellae.
1465 1144 1512 1207 Vt
1528 1152 1640 1207 arctos
1658 1149 1707 1209 sit

507 1229 612 1303 stelle,
628 1249 731 1310 quum
745 1231 856 1309 potius
871 1230 917 1290 sit
931 1229 1050 1308 sydus;
1073 1230 1147 1308 quis
1162 1247 1308 1308 vnquam
1326 1227 1412 1289 dixit
1433 1230 1603 1303 orientem,
1620 1232 1706 1292 occi·

446 1334 494 1382 1⁶0
507 1314 650 1386 dentem,
662 1319 723 1374 aut
733 1313 900 1375 meridiem
911 1332 980 1374 esse
996 1312 1152 1374 stellam?
1182 1310 1268 1373 Sunt
1281 1313 1316 1372 in
1330 1331 1369 1373 eo
1382 1311 1502 1386 libello,
1514 1314 1567 1374 cui
1581 1314 1707 1375 titulus
1728 1341 1730 1344 ·

507 1397 556 1458 De
570 1397 740 1458 montibus
759 1395 850 1475 Syna
871 1402 907 1457 et
926 1394 1013 1469 Sion,
1028 1402 1160 1475 praeter
1181 1395 1334 1456 dictionis
1355 1395 1493 1475 liguram
1511 1396 1577 1457 alia
1594 1397 1707 1459 multa

506 1500 591 1560 quae
613 1500 680 1542 non
705 1480 865 1560 resipiant
887 1485 1002 1559 pectus
1025 1478 1189 1558 Cypriani,
1213 1478 1300 1540 vnde
1325 1498 1392 1540 non
1415 1485 1538 1541 temere
1562 1499 1583 1540 a
1606 1481 1707 1542 nobis

506 1570 699 1625 numeratus
723 1569 775 1625 est
799 1565 885 1623 inter
906 1582 1052 1642 eaquae
1073 1562 1122 1622 illi
1143 1563 1215 1622 viro
1238 1561 1323 1623 lalso
1347 1562 1566 1624 ascribuntur.
1610 1563 1707 1626 Haec

506 1647 607 1727 igitur
626 1648 654 1708 si
671 1666 730 1708 nec
750 1653 788 1707 tu
808 1646 984 1726 improbas,
1000 1652 1039 1706 vt
1053 1646 1177 1724 opinor,
1193 1663 1294 1724 quare
1309 1645 1494 1725 Augustino
1515 1649 1705 1725 patrocina-

445 1748 493 1809 165
507 1736 563 1792 tur
576 1730 664 1791 illius
676 1731 861 1791 autoritas?
883 1729 1079 1808 Quanquam
1091 1728 1234 1790 arbitror
1244 1730 1309 1790 ista
1320 1747 1360 1789 ne
1371 1728 1557 1807 Augustino
1568 1731 1706 1808 quidem

506 1814 590 1875 serio
618 1813 787 1893 placuisse,
811 1833 829 1874 e
857 1814 977 1893 quibus
1002 1811 1199 1893 particulam
1223 1812 1489 1874 verecundiorem
1511 1813 1706 1893 decerptam

505 1896 597 1958 dedit
611 1896 745 1958 auribus
758 1896 881 1976 populi.

547 1979 643 2040 Nunc
658 1979 825 2059 paulisper
839 1998 966 2041 mecum
982 1979 1082 2039 velim
1098 1978 1281 2040 consideres
1296 1985 1491 2058 argumenta
1501 1985 1571 2052 tua,
1581 1981 1706 2058 quibus

505 2062 652 2125 refellere
667 2064 795 2124 conaris
810 2082 865 2124 eos
879 2062 998 2143 quibus
1014 2062 1075 2125 hoc
1090 2067 1312 2123 commentum
1327 2062 1459 2124 videtur
1473 2062 1645 2142 frigidum,
1668 2062 1706 2126 Si

445 2173 493 2224 170
506 2145 596 2218 haec,
612 2148 730 2225 inquis,
745 2146 863 2226 lrigida
885 2152 973 2218 sunt,
995 2166 1082 2226 quur
1103 2145 1218 2207 eodem
1239 2145 1338 2206 modo
1359 2165 1425 2206 non
1446 2145 1568 2226 frigent
1589 2149 1706 2209 omnia

505 2248 591 2308 quae
606 2250 626 2291 a
641 2230 782 2292 Platone
796 2231 831 2290 in
845 2227 980 2307 Cratylo
995 2231 1119 2309 scripta
1134 2234 1238 2289 sunt?
1260 2248 1346 2307 quur
1359 2235 1394 2290 et
1409 2230 1564 2291 Varronis
1573 2236 1703 2309 etymo-

506 2312 611 2392 logiae
624 2333 692 2375 non
705 2313 898 2393 frigebunt?
920 2314 978 2391 qui
992 2315 1093 2374 etiam
1109 2311 1297 2373 nominibus
1311 2311 1443 2373 Graecis
1458 2319 1594 2392 etymon
1609 2313 1703 2377 Lati·

506 2415 586 2457 num
605 2398 726 2458 nititur
745 2397 1001 2458 accommodare.
1045 2396 1087 2457 In
1106 2415 1173 2474 qua
1192 2414 1227 2455 re
1246 2396 1389 2456 maxime
1410 2397 1663 2476 reprehenditur
1681 2419 1705 2459 a

505 2477 618 2542 Seruio
633 2480 795 2552 Donatus,
811 2481 899 2558 quod
914 2481 941 2541 is
957 2480 1102 2541 Leneum
1116 2477 1283 2540 Bacchum
1298 2478 1374 2540 vult
1388 2499 1409 2540 a
1421 2479 1573 2541 leniendo
1588 2481 1703 2544 animo

445 2589 491 2640 17⁵
505 2564 579 2625 diei.
609 2562 767 2626 Obtester
780 2563 991 2643 prudentiam
1008 2569 1111 2634 tuam,
1127 2561 1312 2641 Augustino
1326 2562 1523 2636 doctissime,
1538 2582 1582 2624 an
1594 2565 1703 2627 simile

506 2648 674 2727 quippiam
689 2666 829 2726 requam
843 2647 983 2708 tradidit
997 2646 1051 2706 vel
1065 2647 1100 2706 in
1114 2644 1239 2706 Cratilo
1253 2645 1360 2719 Plato,
1376 2646 1429 2707 vel
1444 2647 1478 2706 in
1493 2647 1703 2728 etymologiis

506 2730 618 2804 Varro,
639 2736 678 2791 vt
700 2729 844 2809 singulas
861 2730 991 2790 litteras
1012 2749 1071 2809 per
1093 2729 1236 2808 singulas
1258 2729 1419 2790 dictiones
1440 2731 1703 2810 interpretetur?

506 2813 585 2887 Quis
599 2833 746 2892 vnquam
761 2820 911 2875 veterum
926 2812 1224 2874 Grammaticorum
1244 2819 1314 2873 tam
1335 2814 1441 2874 ociose
1461 2820 1605 2893 nugatus
1624 2821 1702 2878 est?

504 2895 574 2958 Aut
588 2899 661 2977 quis
676 2916 744 2959 non
759 2897 864 2959 rideat
879 2895 1026 2958 studium
1042 2895 1249 2975 quorundam
1271 2899 1499 2970 recentiorum,
1516 2915 1598 2975 quos
1618 2898 1702 2962 haec

444 2993 491 3042 180
504 2981 680 3060 plusquam
703 2983 814 3061 inepta
831 3001 910 3042 cura
932 2980 1121 3051 delectauit,
1137 2986 1177 3041 vt
1196 2980 1356 3041 dictiones
1378 2980 1505 3059 aliquot
1524 2981 1703 3044 litteratim

504 3065 824 3144 interpretarentur?
860 3063 979 3136 Veluti,
997 3064 1079 3125 deus
1100 3063 1183 3124 dans
1202 3069 1370 3124 aeternam
1385 3065 1489 3125 vitam
1507 3066 1584 3138 suis,
1599 3071 1635 3126 et
1657 3067 1702 3128 ad

504 3148 692 3210 huiusmodi
721 3149 848 3209 somnia
880 3167 1048 3209 sacrarum
1078 3147 1265 3208 litterarum
1295 3148 1487 3209 testimonia
1515 3168 1700 3212 accommo-

504 3232 645 3293 darent?
667 3231 823 3293 Videmus
838 3230 915 3292 olim
931 3230 1067 3310 singulis
1082 3231 1203 3291 litteris
1217 3230 1383 3291 interdum
1398 3231 1497 3292 luisse
1512 3231 1702 3311 designatas
1758 3284 1760 3286 ,

504 3315 649 3394 singulas
675 3315 844 3387 dictiones,
870 3321 918 3386 vt,
945 3313 1099 3388 S.P.Q.R.
1125 3312 1266 3374 Senatus
1288 3315 1494 3394 populusque
1516 3315 1699 3380 Romanus.

443 3406 490 3469 185
504 3399 549 3460 Et
563 3399 645 3460 ΡΜ.
662 3399 741 3460 Plus
756 3400 874 3459 minus.
920 3398 965 3459 Et
979 3416 1044 3477 p.p.
1060 3403 1156 3476 pater
1170 3398 1307 3477 patriae.
1347 3398 1396 3458 De
1414 3399 1533 3475 quibus
1547 3400 1700 3462 nonnihil

503 3483 650 3562 prodidit
670 3482 806 3544 Probus.
851 3480 915 3542 Sed
934 3501 1032 3542 nemo
1052 3487 1121 3542 tam
1140 3482 1272 3559 ineptus
1292 3488 1435 3561 nugator
1455 3481 1529 3554 luit,
1544 3489 1584 3543 vt
1603 3490 1701 3562 pater

503 3572 691 3645 exponeret,
704 3584 839 3646 pascens
854 3565 1008 3626 animalia
1022 3569 1137 3625 tenera
1151 3584 1225 3626 aere
1239 3572 1345 3626 reete:
1385 3571 1444 3626 aut
1463 3572 1579 3639 mater,
1593 3585 1699 3628 mam-

502 3667 591 3710 mam
606 3649 860 3711 accommodans
876 3649 998 3709 teneris
1013 3647 1215 3709 eiulautibus
1230 3649 1402 3709 roscidam.

544 3732 643 3793 Vides
658 3739 821 3811 quantum
837 3733 968 3793 intersit
982 3732 1070 3792 inter
1084 3731 1318 3811 etymologiam
1330 3738 1364 3792 et
1379 3732 1441 3793 hoc
1456 3732 1699 3811 interpretandi

442 3832 491 3880 190
503 3834 605 3894 genus
628 3816 717 3894 quod
740 3814 948 3894 improbaui?
973 3813 1038 3876 Sed
1059 3815 1135 3876 vide
1157 3821 1320 3895 quantum
1342 3815 1403 3876 tibi
1424 3814 1553 3877 donem.
1597 3816 1699 3897 Finge

503 3898 585 3959 nihil
600 3900 766 3972 interesse,
782 3918 862 3960 num
877 3899 1029 3979 protinus
1040 3898 1208 3977 lrigebunt
1223 3918 1336 3960 omnes
1351 3898 1577 3976 etymologiae,
1588 3900 1615 3960 si
1630 3919 1699 3961 vna

502 3987 604 4060 atque
619 3982 725 4044 altera
739 3982 861 4061 friget?
903 3981 1029 4043 Eadem
1047 3983 1176 4043 ratione
1190 3982 1331 4061 colliges,
1347 3984 1375 4043 si
1390 3982 1507 4043 Festus
1522 3982 1699 4062 Pompeius

502 4067 633 4126 vnicam
649 4066 827 4127 dictionem
842 4067 995 4145 exposuit
1009 4085 1191 4145 perperam,
1209 4073 1245 4126 et
1260 4067 1287 4126 si
1302 4066 1374 4144 quis
1393 4085 1493 4126 vnum
1515 4067 1698 4146 scripturae

537 4179 593 4228 157.
613 4166 795 4218 Praetereod
803 4185 810 4216 r
829 4167 979 4217 Praeterea
990 4186 1015 4217 α.
1086 4170 1142 4217 161.
1160 4167 1337 4217 montibusJ
1345 4185 1351 4217 =
1369 4173 1500 4218 montes.
1571 4172 1627 4232 164.
1645 4169 1698 4220 im·

501 4233 1045 4365 arrer-
1384 4235 1698 4366 agr-,aerea

502 4367 577 4427 Quin
587 4366 617 4416 J.
683 4370 740 4417 166.
759 4369 831 4418 serio
841 4383 894 4417 em.
905 4367 936 4417 J.
988 4367 1201 4431 particulam:
1219 4367 1389 4433 particulam
1400 4367 1525 4418 modo-l.
1580 4383 1636 4432 173.
1654 4371 1697 4421 ni·

501 4434 575 4484 titur
585 4433 766 4484 accomodare
779 4452 810 4483 a:
831 4434 1027 4485 accommodat
1038 4433 1068 4484 J.
1139 4447 1229 4499 174-5.
1247 4434 1330 4485 vult.
1346 4471 1352 4483 .
1367 4470 1374 4484 .
1387 4435 1441 4485 dici
1454 4453 1485 4484 a:
1505 4435 1560 4485 dici
1575 4441 1662 4500 putat
1678 4454 1698 4488 e

501 4499 632 4550 leniendo
649 4501 745 4550 annno
762 4500 792 4550 J.
881 4513 938 4563 175.
956 4501 1118 4551 doctissime
1136 4517 1189 4551 em.
1209 4501 1241 4551 J.
1336 4514 1392 4564 177.
1410 4503 1615 4567 interpretetur
1635 4503 1680 4553 aJ
1689 4523 1696 4554 ε

501 4567 722 4632 interpretemur
744 4567 781 4616 K.
859 4581 915 4630 179.
933 4567 1032 4618 uideat
1049 4586 1079 4617 a:
1108 4567 1214 4619 rideret
1235 4568 1265 4618 J.
1344 4570 1400 4618 181.
1417 4570 1643 4633 interpretentur
1664 4570 1696 4621 J.

501 4633 588 4684 Velut
599 4633 630 4684 J.
701 4636 790 4696 182-3.
808 4634 1022 4685 accommedent
1033 4634 1064 4684 J.
1134 4636 1191 4698 183.
1209 4635 1374 4685 VidimusJ.
1443 4637 1500 4700 187.
1518 4637 1695 4687 animaliaa:

500 4700 671 4751 amanter-l.
756 4700 1406 4760 191.nihil...numa:nonnihil...nonJ.
1488 4717 1544 4765 193.
1562 4706 1697 4767 exposuit

500 4783 687 4833 perperamc:
705 4782 854 4832 perperam
861 4768 1185 4832 exposuit,alissomnes
1191 4769 1687 4834 perperamiuisseinterpretatumJ
1689 4809 1696 4822 .

536 4879 592 4940 158.
610 4877 717 4938 stelles]
740 4875 864 4941 Cyprien
883 4876 1024 4941 professes
1040 4883 1072 4928 to
1122 4876 1305 4929 hesinrnind
1315 4877 1372 4927 Job
1383 4892 1408 4938 9.
1420 4893 1446 4938 9,
1459 4879 1501 4940 38.
1513 4892 1589 4940 31-2.

501 4943 627 4994 discover
654 4944 713 4994 this
738 4943 812 4993 from
837 4943 976 5007 scripture
1002 4945 1071 5006 (‘in·
1156 4946 1213 4994 186.
1232 4943 1352 5006 Probus]
1376 4945 1427 4994 See
1449 4945 1523 5004 Keil,
1547 4945 1578 4996 0.
1602 4946 1634 4996 L.
1656 4947 1695 4998 iv.

500 5009 631 5060 uenimus
645 5010 674 5061 in
689 5009 880 5075 scripturis’)=
898 5009 934 5059 he
948 5012 1072 5077 perhaps
1122 5014 1247 5074 265-352.
