<?xml version="1.0" encoding="UTF-8"?>
<!DOCTYPE html PUBLIC "-//W3C//DTD XHTML 1.0 Transitional//EN"
    "http://www.w3.org/TR/xhtml1/DTD/xhtml1-transitional.dtd">
<html xmlns="http://www.w3.org/1999/xhtml" xml:lang="en" lang="en">
 <head>
  <title>
</title>
<meta http-equiv="Content-Type" content="text/html;charset=utf-8" />
  <meta name='ocr-system' content='tesseract 3.04.00' />
  <meta name='ocr-capabilities' content='ocr_page ocr_carea ocr_par ocr_line ocrx_word'/>
</head>
<body>
  <div class='ocr_page' id='page_1' title='image "./opusepistolarum02garrgoog_0151.png"; bbox 0 0 4042 5900; ppageno 0'>
   <div class='ocr_carea' id='block_1_1' title="bbox 317 679 1514 764">
    <p class='ocr_par' dir='ltr' id='par_1_1' title="bbox 317 679 1514 764">
     <span class='ocr_line' id='line_1_1' title="bbox 317 679 1514 764; baseline 0.001 -21"><span class='ocrx_word' id='word_1_1' title='bbox 317 685 413 764; x_wconf 86' lang='lat'><strong>2424]</strong></span> <span class='ocrx_word' id='word_1_2' title='bbox 610 680 734 745; x_wconf 83' lang='lat' dir='ltr'>raon</span> <span class='ocrx_word' id='word_1_3' title='bbox 755 679 939 745; x_wconf 70' lang='lat' dir='ltr'>meones</span> <span class='ocrx_word' id='word_1_4' title='bbox 961 680 1218 746; x_wconf 75' lang='lat' dir='ltr'>naimarus</span> <span class='ocrx_word' id='word_1_5' title='bbox 1455 685 1514 745; x_wconf 81' lang='lat'>117</span> 
     </span>
    </p>
   </div>
   <div class='ocr_carea' id='block_1_2' title="bbox 315 840 1579 4839">
    <p class='ocr_par' dir='ltr' id='par_1_2' title="bbox 315 840 1578 2504">
     <span class='ocr_line' id='line_1_2' title="bbox 315 840 1513 923; baseline 0.001 -20"><span class='ocrx_word' id='word_1_6' title='bbox 315 842 386 903; x_wconf 87' lang='lat' dir='ltr'>fieri</span> <span class='ocrx_word' id='word_1_7' title='bbox 408 843 530 923; x_wconf 88' lang='lat' dir='ltr'>potuit,</span> <span class='ocrx_word' id='word_1_8' title='bbox 551 846 591 902; x_wconf 88' lang='lat' dir='ltr'>vt</span> <span class='ocrx_word' id='word_1_9' title='bbox 612 861 633 903; x_wconf 91' lang='lat' dir='ltr'>a</span> <span class='ocrx_word' id='word_1_10' title='bbox 662 848 752 904; x_wconf 77' lang='lat' dir='ltr'>teoto</span> <span class='ocrx_word' id='word_1_11' title='bbox 777 843 928 904; x_wconf 87' lang='lat' dir='ltr'>veritatis</span> <span class='ocrx_word' id='word_1_12' title='bbox 957 841 1190 921; x_wconf 88' lang='lat' dir='ltr'>perpendiculo</span> <span class='ocrx_word' id='word_1_13' title='bbox 1217 842 1263 903; x_wconf 87' lang='lat' dir='ltr'>sio</span> <span class='ocrx_word' id='word_1_14' title='bbox 1292 840 1513 904; x_wconf 84' lang='lat' dir='ltr'>deflecterent.</span> 
     </span>
     <span class='ocr_line' id='line_1_3' title="bbox 315 924 1514 1005; baseline -0.001 -18"><span class='ocrx_word' id='word_1_15' title='bbox 315 924 381 987; x_wconf 89' lang='lat' dir='ltr'>Sed</span> <span class='ocrx_word' id='word_1_16' title='bbox 400 926 467 987; x_wconf 92' lang='lat' dir='ltr'>iam</span> <span class='ocrx_word' id='word_1_17' title='bbox 487 924 719 999; x_wconf 78' lang='lat' dir='ltr'><strong>vociferentur,</strong></span> <span class='ocrx_word' id='word_1_18' title='bbox 734 924 917 998; x_wconf 86' lang='lat' dir='ltr'>clamitent,</span> <span class='ocrx_word' id='word_1_19' title='bbox 933 924 1060 987; x_wconf 92' lang='lat' dir='ltr'>ooelum</span> <span class='ocrx_word' id='word_1_20' title='bbox 1078 924 1199 987; x_wconf 89' lang='lat' dir='ltr'>feriant</span> <span class='ocrx_word' id='word_1_21' title='bbox 1216 924 1306 1004; x_wconf 92' lang='lat' dir='ltr'>quod</span> <span class='ocrx_word' id='word_1_22' title='bbox 1323 926 1514 1005; x_wconf 81' lang='lat' dir='ltr'>propensior</span> 
     </span>
     <span class='ocr_line' id='line_1_4' title="bbox 315 1008 1515 1089; baseline 0.001 -20"><span class='ocrx_word' id='word_1_23' title='bbox 315 1010 350 1069; x_wconf 92' lang='lat' dir='ltr'>in</span> <span class='ocrx_word' id='word_1_24' title='bbox 370 1008 544 1070; x_wconf 83' lang='lat' dir='ltr'>Erasmum</span> <span class='ocrx_word' id='word_1_25' title='bbox 561 1008 675 1070; x_wconf 87' lang='lat' dir='ltr'>videor</span> <span class='ocrx_word' id='word_1_26' title='bbox 693 1008 844 1070; x_wconf 75' lang='lat' dir='ltr'>fortassis</span> <span class='ocrx_word' id='word_1_27' title='bbox 863 1010 965 1070; x_wconf 89' lang='lat' dir='ltr'>etiam</span> <span class='ocrx_word' id='word_1_28' title='bbox 980 1027 1081 1087; x_wconf 86' lang='lat' dir='ltr'>quam</span> <span class='ocrx_word' id='word_1_29' title='bbox 1095 1027 1156 1089; x_wconf 91' lang='lat' dir='ltr'>par</span> <span class='ocrx_word' id='word_1_30' title='bbox 1172 1010 1234 1081; x_wconf 90' lang='lat' dir='ltr'>sit;</span> <span class='ocrx_word' id='word_1_31' title='bbox 1256 1009 1296 1069; x_wconf 90' lang='lat' dir='ltr'>iis</span> <span class='ocrx_word' id='word_1_32' title='bbox 1310 1014 1427 1070; x_wconf 85' lang='lat' dir='ltr'>eontra</span> <span class='ocrx_word' id='word_1_33' title='bbox 1441 1028 1515 1071; x_wconf 91' lang='lat' dir='ltr'>meo</span> 
     </span>
     <span class='ocr_line' id='line_1_5' title="bbox 315 1091 1515 1171; baseline 0 -18"><span class='ocrx_word' id='word_1_34' title='bbox 315 1093 387 1153; x_wconf 90' lang='lat' dir='ltr'>iure</span> <span class='ocrx_word' id='word_1_35' title='bbox 405 1092 556 1165; x_wconf 90' lang='lat' dir='ltr'>reclamo,</span> <span class='ocrx_word' id='word_1_36' title='bbox 568 1111 627 1154; x_wconf 88' lang='lat' dir='ltr'>our</span> <span class='ocrx_word' id='word_1_37' title='bbox 642 1093 676 1152; x_wconf 93' lang='lat' dir='ltr'>in</span> <span class='ocrx_word' id='word_1_38' title='bbox 687 1091 861 1153; x_wconf 83' lang='lat' dir='ltr'>Erasmum</span> <span class='ocrx_word' id='word_1_39' title='bbox 878 1093 1023 1171; x_wconf 90' lang='lat' dir='ltr'>iniquius</span> <span class='ocrx_word' id='word_1_40' title='bbox 1034 1111 1140 1171; x_wconf 89' lang='lat' dir='ltr'>aequo</span> <span class='ocrx_word' id='word_1_41' title='bbox 1155 1093 1201 1153; x_wconf 91' lang='lat' dir='ltr'>sio</span> <span class='ocrx_word' id='word_1_42' title='bbox 1216 1091 1455 1165; x_wconf 84' lang='lat' dir='ltr'>deblaoterant,</span> <span class='ocrx_word' id='word_1_43' title='bbox 1468 1094 1515 1153; x_wconf 87' lang='lat' dir='ltr'>sio</span> 
     </span>
     <span class='ocr_line' id='line_1_6' title="bbox 315 1174 1577 1320; baseline 0 0"><span class='ocrx_word' id='word_1_44' title='bbox 315 1174 1248 1320; x_wconf 54' lang='lat' dir='ltr'>313aldith&amp;‘lffnltlttutdltlffilthss</span> <span class='ocrx_word' id='word_1_45' title='bbox 1266 1176 1513 1320; x_wconf 49' lang='lat' dir='ltr'>{thalli</span> <span class='ocrx_word' id='word_1_46' title='bbox 1527 1194 1577 1246; x_wconf 82' lang='lat'>²⁴⁰</span> 
     </span>
     <span class='ocr_line' id='line_1_7' title="bbox 317 1340 1514 1422; baseline 0.001 -20"><span class='ocrx_word' id='word_1_47' title='bbox 317 1341 363 1403; x_wconf 82' lang='lat' dir='ltr'>Et</span> <span class='ocrx_word' id='word_1_48' title='bbox 379 1343 429 1404; x_wconf 90' lang='lat' dir='ltr'>ita</span> <span class='ocrx_word' id='word_1_49' title='bbox 448 1347 559 1404; x_wconf 90' lang='lat' dir='ltr'>tamen</span> <span class='ocrx_word' id='word_1_50' title='bbox 576 1343 611 1402; x_wconf 93' lang='lat' dir='ltr'>in</span> <span class='ocrx_word' id='word_1_51' title='bbox 630 1343 669 1402; x_wconf 92' lang='lat' dir='ltr'>iis</span> <span class='ocrx_word' id='word_1_52' title='bbox 690 1340 788 1403; x_wconf 89' lang='lat' dir='ltr'>faueo</span> <span class='ocrx_word' id='word_1_53' title='bbox 801 1348 919 1422; x_wconf 85' lang='lat' dir='ltr'>vtpote</span> <span class='ocrx_word' id='word_1_54' title='bbox 939 1361 1024 1421; x_wconf 89' lang='lat' dir='ltr'>quae</span> <span class='ocrx_word' id='word_1_55' title='bbox 1038 1340 1170 1403; x_wconf 84' lang='lat' dir='ltr'>Christo</span> <span class='ocrx_word' id='word_1_56' title='bbox 1183 1340 1369 1420; x_wconf 83' lang='lat' dir='ltr'>Christique</span> <span class='ocrx_word' id='word_1_57' title='bbox 1383 1343 1514 1404; x_wconf 91' lang='lat' dir='ltr'>nomine</span> 
     </span>
     <span class='ocr_line' id='line_1_8' title="bbox 317 1424 1514 1506; baseline 0.001 -21"><span class='ocrx_word' id='word_1_58' title='bbox 317 1426 451 1486; x_wconf 91' lang='lat' dir='ltr'>minime</span> <span class='ocrx_word' id='word_1_59' title='bbox 470 1425 605 1505; x_wconf 91' lang='lat' dir='ltr'>indigna</span> <span class='ocrx_word' id='word_1_60' title='bbox 623 1431 808 1499; x_wconf 85' lang='lat' dir='ltr'>censentur,</span> <span class='ocrx_word' id='word_1_61' title='bbox 823 1444 908 1504; x_wconf 84' lang='lat' dir='ltr'>quae</span> <span class='ocrx_word' id='word_1_62' title='bbox 928 1431 982 1487; x_wconf 90' lang='lat' dir='ltr'>tot</span> <span class='ocrx_word' id='word_1_63' title='bbox 996 1424 1201 1487; x_wconf 86' lang='lat' dir='ltr'>orthodoxae</span> <span class='ocrx_word' id='word_1_64' title='bbox 1215 1424 1369 1486; x_wconf 86' lang='lat' dir='ltr'>eeclesiae</span> <span class='ocrx_word' id='word_1_65' title='bbox 1384 1425 1514 1506; x_wconf 84' lang='lat' dir='ltr'>placitis</span> 
     </span>
     <span class='ocr_line' id='line_1_9' title="bbox 316 1508 1514 1588; baseline 0 -19"><span class='ocrx_word' id='word_1_66' title='bbox 316 1511 384 1570; x_wconf 91' lang='lat' dir='ltr'>iam</span> <span class='ocrx_word' id='word_1_67' title='bbox 406 1508 484 1570; x_wconf 93' lang='lat' dir='ltr'>olim</span> <span class='ocrx_word' id='word_1_68' title='bbox 503 1508 636 1570; x_wconf 90' lang='lat' dir='ltr'>decreta</span> <span class='ocrx_word' id='word_1_69' title='bbox 654 1514 743 1582; x_wconf 91' lang='lat' dir='ltr'>sunt,</span> <span class='ocrx_word' id='word_1_70' title='bbox 759 1527 843 1587; x_wconf 88' lang='lat' dir='ltr'>quae</span> <span class='ocrx_word' id='word_1_71' title='bbox 862 1527 982 1588; x_wconf 91' lang='lat' dir='ltr'>magno</span> <span class='ocrx_word' id='word_1_72' title='bbox 1000 1514 1190 1570; x_wconf 88' lang='lat' dir='ltr'>sanctorum</span> <span class='ocrx_word' id='word_1_73' title='bbox 1204 1513 1339 1588; x_wconf 90' lang='lat' dir='ltr'>patrum</span> <span class='ocrx_word' id='word_1_74' title='bbox 1352 1526 1514 1569; x_wconf 85' lang='lat' dir='ltr'>consensu</span> 
     </span>
     <span class='ocr_line' id='line_1_10' title="bbox 316 1590 1576 1671; baseline 0 -18"><span class='ocrx_word' id='word_1_75' title='bbox 316 1598 472 1671; x_wconf 89' lang='lat' dir='ltr'>stataque</span> <span class='ocrx_word' id='word_1_76' title='bbox 500 1591 664 1671; x_wconf 90' lang='lat' dir='ltr'>religionis</span> <span class='ocrx_word' id='word_1_77' title='bbox 693 1591 922 1653; x_wconf 85' lang='lat' dir='ltr'>obseruatione</span> <span class='ocrx_word' id='word_1_78' title='bbox 951 1594 1079 1653; x_wconf 87' lang='lat' dir='ltr'>sancita</span> <span class='ocrx_word' id='word_1_79' title='bbox 1106 1611 1127 1652; x_wconf 98' lang='lat' dir='ltr'>a</span> <span class='ocrx_word' id='word_1_80' title='bbox 1155 1591 1333 1652; x_wconf 89' lang='lat' dir='ltr'>maioribus</span> <span class='ocrx_word' id='word_1_81' title='bbox 1360 1590 1514 1653; x_wconf 86' lang='lat' dir='ltr'>eeclesiae</span> <span class='ocrx_word' id='word_1_82' title='bbox 1527 1609 1576 1661; x_wconf 82' lang='lat'>245</span> 
     </span>
     <span class='ocr_line' id='line_1_11' title="bbox 316 1674 1513 1755; baseline 0.001 -19"><span class='ocrx_word' id='word_1_83' title='bbox 316 1674 477 1736; x_wconf 73' lang='lat' dir='ltr'>hactonus</span> <span class='ocrx_word' id='word_1_84' title='bbox 510 1674 716 1748; x_wconf 87' lang='lat' dir='ltr'>defluxerint,</span> <span class='ocrx_word' id='word_1_85' title='bbox 745 1693 787 1735; x_wconf 91' lang='lat' dir='ltr'>ne</span> <span class='ocrx_word' id='word_1_86' title='bbox 819 1674 899 1754; x_wconf 94' lang='lat' dir='ltr'>quid</span> <span class='ocrx_word' id='word_1_87' title='bbox 927 1676 1060 1736; x_wconf 91' lang='lat' dir='ltr'>interim</span> <span class='ocrx_word' id='word_1_88' title='bbox 1092 1676 1228 1755; x_wconf 90' lang='lat' dir='ltr'>pietatis</span> <span class='ocrx_word' id='word_1_89' title='bbox 1256 1674 1337 1735; x_wconf 93' lang='lat' dir='ltr'>mihi</span> <span class='ocrx_word' id='word_1_90' title='bbox 1365 1674 1513 1737; x_wconf 84' lang='lat' dir='ltr'>decedat.</span> 
     </span>
     <span class='ocr_line' id='line_1_12' title="bbox 316 1757 1513 1838; baseline 0 -19"><span class='ocrx_word' id='word_1_91' title='bbox 316 1757 413 1832; x_wconf 78' lang='lat' dir='ltr'>Quod</span> <span class='ocrx_word' id='word_1_92' title='bbox 441 1759 468 1819; x_wconf 91' lang='lat' dir='ltr'>si</span> <span class='ocrx_word' id='word_1_93' title='bbox 493 1759 567 1837; x_wconf 91' lang='lat' dir='ltr'>quis</span> <span class='ocrx_word' id='word_1_94' title='bbox 591 1757 635 1818; x_wconf 93' lang='lat' dir='ltr'>ab</span> <span class='ocrx_word' id='word_1_95' title='bbox 660 1758 700 1818; x_wconf 90' lang='lat' dir='ltr'>iis</span> <span class='ocrx_word' id='word_1_96' title='bbox 725 1757 891 1820; x_wconf 91' lang='lat' dir='ltr'>diuersum</span> <span class='ocrx_word' id='word_1_97' title='bbox 920 1757 1097 1838; x_wconf 88' lang='lat' dir='ltr'>praedicet,</span> <span class='ocrx_word' id='word_1_98' title='bbox 1125 1758 1256 1819; x_wconf 89' lang='lat' dir='ltr'>etiamsi</span> <span class='ocrx_word' id='word_1_99' title='bbox 1281 1757 1513 1837; x_wconf 85' lang='lat' dir='ltr'>Hieronymus,</span> 
     </span>
     <span class='ocr_line' id='line_1_13' title="bbox 315 1840 1515 1921; baseline 0 -19"><span class='ocrx_word' id='word_1_100' title='bbox 315 1842 531 1920; x_wconf 77' lang='lat' dir='ltr'>Augustinus,</span> <span class='ocrx_word' id='word_1_101' title='bbox 551 1840 754 1913; x_wconf 83' lang='lat' dir='ltr'>Ambrosius,</span> <span class='ocrx_word' id='word_1_102' title='bbox 775 1840 940 1914; x_wconf 80' lang='lat' dir='ltr'>Erasmus,</span> <span class='ocrx_word' id='word_1_103' title='bbox 963 1843 1031 1902; x_wconf 93' lang='lat' dir='ltr'>imo</span> <span class='ocrx_word' id='word_1_104' title='bbox 1049 1842 1119 1921; x_wconf 90' lang='lat' dir='ltr'>ipse</span> <span class='ocrx_word' id='word_1_105' title='bbox 1140 1840 1223 1902; x_wconf 90' lang='lat' dir='ltr'>lucis</span> <span class='ocrx_word' id='word_1_106' title='bbox 1247 1840 1402 1920; x_wconf 84' lang='lat' dir='ltr'>Angelus,</span> <span class='ocrx_word' id='word_1_107' title='bbox 1425 1841 1515 1902; x_wconf 91' lang='lat' dir='ltr'>haud</span> 
     </span>
     <span class='ocr_line' id='line_1_14' title="bbox 316 1923 1515 2004; baseline -0.001 -18"><span class='ocrx_word' id='word_1_108' title='bbox 316 1943 485 2004; x_wconf 87' lang='lat' dir='ltr'>quaquam</span> <span class='ocrx_word' id='word_1_109' title='bbox 498 1923 716 1986; x_wconf 85' lang='lat' dir='ltr'>exauditurus</span> <span class='ocrx_word' id='word_1_110' title='bbox 730 1925 801 1985; x_wconf 86' lang='lat' dir='ltr'>sim.</span> <span class='ocrx_word' id='word_1_111' title='bbox 844 1923 960 2003; x_wconf 88' lang='lat' dir='ltr'>Neque</span> <span class='ocrx_word' id='word_1_112' title='bbox 975 1930 1088 1985; x_wconf 87' lang='lat' dir='ltr'>tamen</span> <span class='ocrx_word' id='word_1_113' title='bbox 1103 1923 1205 1985; x_wconf 87' lang='lat' dir='ltr'>vllam</span> <span class='ocrx_word' id='word_1_114' title='bbox 1223 1925 1355 1985; x_wconf 88' lang='lat' dir='ltr'>interim</span> <span class='ocrx_word' id='word_1_115' title='bbox 1371 1923 1515 1986; x_wconf 78' lang='lat' dir='ltr'>arbitror</span> 
     </span>
     <span class='ocr_line' id='line_1_15' title="bbox 316 2006 1578 2087; baseline 0.003 -18"><span class='ocrx_word' id='word_1_116' title='bbox 316 2007 503 2069; x_wconf 85' lang='lat' dir='ltr'>doctrinam</span> <span class='ocrx_word' id='word_1_117' title='bbox 518 2026 753 2087; x_wconf 87' lang='lat' dir='ltr'>vsquequaque</span> <span class='ocrx_word' id='word_1_118' title='bbox 768 2007 957 2070; x_wconf 88' lang='lat' dir='ltr'>absolutam</span> <span class='ocrx_word' id='word_1_119' title='bbox 972 2008 1104 2087; x_wconf 92' lang='lat' dir='ltr'>suisque</span> <span class='ocrx_word' id='word_1_120' title='bbox 1118 2008 1228 2069; x_wconf 91' lang='lat' dir='ltr'>neruis</span> <span class='ocrx_word' id='word_1_121' title='bbox 1239 2006 1377 2068; x_wconf 89' lang='lat' dir='ltr'>liberam</span> <span class='ocrx_word' id='word_1_122' title='bbox 1389 2007 1514 2086; x_wconf 89' lang='lat' dir='ltr'>absque</span> <span class='ocrx_word' id='word_1_123' title='bbox 1527 2024 1578 2073; x_wconf 97' lang='grc'>250</span> 
     </span>
     <span class='ocr_line' id='line_1_16' title="bbox 316 2090 1515 2171; baseline 0 -20"><span class='ocrx_word' id='word_1_124' title='bbox 316 2091 505 2171; x_wconf 86' lang='lat' dir='ltr'>linguarum</span> <span class='ocrx_word' id='word_1_125' title='bbox 524 2091 651 2171; x_wconf 88' lang='lat' dir='ltr'>peritia,</span> <span class='ocrx_word' id='word_1_126' title='bbox 667 2092 748 2169; x_wconf 93' lang='lat' dir='ltr'>quin</span> <span class='ocrx_word' id='word_1_127' title='bbox 769 2091 898 2171; x_wconf 89' lang='lat' dir='ltr'>saepius</span> <span class='ocrx_word' id='word_1_128' title='bbox 917 2110 1069 2152; x_wconf 89' lang='lat' dir='ltr'>maneam</span> <span class='ocrx_word' id='word_1_129' title='bbox 1086 2091 1182 2152; x_wconf 85' lang='lat' dir='ltr'>iuxta</span> <span class='ocrx_word' id='word_1_130' title='bbox 1198 2110 1236 2151; x_wconf 88' lang='lat' dir='ltr'>ao</span> <span class='ocrx_word' id='word_1_131' title='bbox 1251 2090 1404 2152; x_wconf 91' lang='lat' dir='ltr'>mutilam</span> <span class='ocrx_word' id='word_1_132' title='bbox 1423 2090 1515 2152; x_wconf 91' lang='lat' dir='ltr'>reddi</span> 
     </span>
     <span class='ocr_line' id='line_1_17' title="bbox 316 2172 1515 2254; baseline 0 -18"><span class='ocrx_word' id='word_1_133' title='bbox 316 2194 431 2236; x_wconf 85' lang='lat' dir='ltr'>aarum</span> <span class='ocrx_word' id='word_1_134' title='bbox 452 2174 595 2236; x_wconf 85' lang='lat' dir='ltr'>deffectu</span> <span class='ocrx_word' id='word_1_135' title='bbox 616 2180 718 2253; x_wconf 91' lang='lat' dir='ltr'>atque</span> <span class='ocrx_word' id='word_1_136' title='bbox 739 2175 878 2235; x_wconf 88' lang='lat' dir='ltr'>inscitia.</span> <span class='ocrx_word' id='word_1_137' title='bbox 922 2172 1013 2247; x_wconf 85' lang='lat' dir='ltr'>Quae</span> <span class='ocrx_word' id='word_1_138' title='bbox 1038 2193 1113 2235; x_wconf 92' lang='lat' dir='ltr'>cum</span> <span class='ocrx_word' id='word_1_139' title='bbox 1137 2173 1210 2235; x_wconf 88' lang='lat' dir='ltr'>aliis</span> <span class='ocrx_word' id='word_1_140' title='bbox 1230 2173 1419 2254; x_wconf 88' lang='lat' dir='ltr'>disciplinis,</span> <span class='ocrx_word' id='word_1_141' title='bbox 1441 2180 1515 2236; x_wconf 90' lang='lat' dir='ltr'>tum</span> 
     </span>
     <span class='ocr_line' id='line_1_18' title="bbox 316 2256 1515 2338; baseline -0.001 -19"><span class='ocrx_word' id='word_1_142' title='bbox 316 2257 372 2319; x_wconf 88' lang='lat' dir='ltr'>vel</span> <span class='ocrx_word' id='word_1_143' title='bbox 391 2259 533 2319; x_wconf 87' lang='lat' dir='ltr'>maxime</span> <span class='ocrx_word' id='word_1_144' title='bbox 555 2259 655 2318; x_wconf 89' lang='lat' dir='ltr'>sacris</span> <span class='ocrx_word' id='word_1_145' title='bbox 672 2258 751 2337; x_wconf 91' lang='lat' dir='ltr'>ipsis</span> <span class='ocrx_word' id='word_1_146' title='bbox 767 2256 871 2318; x_wconf 88' lang='lat' dir='ltr'>literis</span> <span class='ocrx_word' id='word_1_147' title='bbox 889 2258 1057 2337; x_wconf 87' lang='lat' dir='ltr'>ipsiusque</span> <span class='ocrx_word' id='word_1_148' title='bbox 1076 2257 1301 2338; x_wconf 76' lang='lat' dir='ltr'>philosophias</span> <span class='ocrx_word' id='word_1_149' title='bbox 1317 2257 1515 2318; x_wconf 84' lang='lat' dir='ltr'>christianae</span> 
     </span>
     <span class='ocr_line' id='line_1_19' title="bbox 316 2340 1514 2421; baseline 0 -19"><span class='ocrx_word' id='word_1_150' title='bbox 316 2340 565 2421; x_wconf 85' lang='lat' dir='ltr'>professoribus,</span> <span class='ocrx_word' id='word_1_151' title='bbox 591 2344 752 2402; x_wconf 91' lang='lat' dir='ltr'>maiorum</span> <span class='ocrx_word' id='word_1_152' title='bbox 774 2342 876 2402; x_wconf 88' lang='lat' dir='ltr'>etiam</span> <span class='ocrx_word' id='word_1_153' title='bbox 901 2340 1045 2414; x_wconf 88' lang='lat' dir='ltr'>calculis,</span> <span class='ocrx_word' id='word_1_154' title='bbox 1074 2340 1164 2402; x_wconf 85' lang='lat' dir='ltr'>haud</span> <span class='ocrx_word' id='word_1_155' title='bbox 1191 2359 1297 2420; x_wconf 89' lang='lat' dir='ltr'>paruo</span> <span class='ocrx_word' id='word_1_156' title='bbox 1319 2346 1399 2402; x_wconf 92' lang='lat' dir='ltr'>sunt</span> <span class='ocrx_word' id='word_1_157' title='bbox 1423 2340 1514 2402; x_wconf 87' lang='lat' dir='ltr'>adiu·</span> 
     </span>
     <span class='ocr_line' id='line_1_20' title="bbox 316 2423 1577 2504; baseline 0.003 -18"><span class='ocrx_word' id='word_1_158' title='bbox 316 2430 441 2486; x_wconf 88' lang='lat' dir='ltr'>mento.</span> <span class='ocrx_word' id='word_1_159' title='bbox 476 2424 621 2485; x_wconf 82' lang='lat' dir='ltr'>Tantum</span> <span class='ocrx_word' id='word_1_160' title='bbox 636 2423 732 2486; x_wconf 91' lang='lat' dir='ltr'>abest</span> <span class='ocrx_word' id='word_1_161' title='bbox 745 2430 785 2485; x_wconf 85' lang='lat' dir='ltr'>vt</span> <span class='ocrx_word' id='word_1_162' title='bbox 799 2425 917 2504; x_wconf 89' lang='lat' dir='ltr'>pietati</span> <span class='ocrx_word' id='word_1_163' title='bbox 931 2424 1091 2503; x_wconf 87' lang='lat' dir='ltr'>bonisque</span> <span class='ocrx_word' id='word_1_164' title='bbox 1105 2424 1252 2486; x_wconf 93' lang='lat' dir='ltr'>moribus</span> <span class='ocrx_word' id='word_1_165' title='bbox 1265 2423 1492 2485; x_wconf 91' lang='lat' dir='ltr'>aduersentur.</span> <span class='ocrx_word' id='word_1_166' title='bbox 1528 2440 1577 2490; x_wconf 85' lang='grc'>255</span> 
     </span>
    </p>

    <p class='ocr_par' dir='ltr' id='par_1_3' title="bbox 316 2506 1579 4338">
     <span class='ocr_line' id='line_1_21' title="bbox 361 2506 1516 2588; baseline 0 -19"><span class='ocrx_word' id='word_1_167' title='bbox 361 2508 482 2588; x_wconf 83' lang='lat' dir='ltr'>Magna</span> <span class='ocrx_word' id='word_1_168' title='bbox 492 2514 580 2569; x_wconf 90' lang='lat' dir='ltr'>oerte</span> <span class='ocrx_word' id='word_1_169' title='bbox 591 2527 643 2568; x_wconf 91' lang='lat' dir='ltr'>res</span> <span class='ocrx_word' id='word_1_170' title='bbox 653 2513 713 2581; x_wconf 88' lang='lat' dir='ltr'>est,</span> <span class='ocrx_word' id='word_1_171' title='bbox 725 2513 761 2568; x_wconf 91' lang='lat' dir='ltr'>et</span> <span class='ocrx_word' id='word_1_172' title='bbox 771 2506 948 2587; x_wconf 88' lang='lat' dir='ltr'>praeclara,</span> <span class='ocrx_word' id='word_1_173' title='bbox 960 2506 1112 2580; x_wconf 91' lang='lat' dir='ltr'>eruditio,</span> <span class='ocrx_word' id='word_1_174' title='bbox 1125 2509 1229 2569; x_wconf 89' lang='lat' dir='ltr'>maior</span> <span class='ocrx_word' id='word_1_175' title='bbox 1243 2509 1359 2588; x_wconf 88' lang='lat' dir='ltr'>pietas,</span> <span class='ocrx_word' id='word_1_176' title='bbox 1370 2510 1516 2569; x_wconf 85' lang='lat' dir='ltr'>maxima</span> 
     </span>
     <span class='ocr_line' id='line_1_22' title="bbox 317 2590 1516 2671; baseline 0.001 -19"><span class='ocrx_word' id='word_1_177' title='bbox 317 2598 432 2653; x_wconf 88' lang='lat' dir='ltr'>autem</span> <span class='ocrx_word' id='word_1_178' title='bbox 452 2592 480 2652; x_wconf 93' lang='lat' dir='ltr'>si</span> <span class='ocrx_word' id='word_1_179' title='bbox 494 2592 612 2671; x_wconf 89' lang='lat' dir='ltr'>pietati</span> <span class='ocrx_word' id='word_1_180' title='bbox 629 2609 822 2669; x_wconf 90' lang='lat' dir='ltr'>morumque</span> <span class='ocrx_word' id='word_1_181' title='bbox 836 2590 996 2671; x_wconf 77' lang='lat' dir='ltr'>probitati</span> <span class='ocrx_word' id='word_1_182' title='bbox 1010 2592 1177 2652; x_wconf 91' lang='lat' dir='ltr'>communi</span> <span class='ocrx_word' id='word_1_183' title='bbox 1191 2590 1324 2652; x_wconf 87' lang='lat' dir='ltr'>vinculo</span> <span class='ocrx_word' id='word_1_184' title='bbox 1340 2593 1516 2654; x_wconf 87' lang='lat' dir='ltr'>coniuncta</span> 
     </span>
     <span class='ocr_line' id='line_1_23' title="bbox 316 2673 1514 2754; baseline 0.001 -19"><span class='ocrx_word' id='word_1_185' title='bbox 316 2675 420 2735; x_wconf 88' lang='lat' dir='ltr'>fuerit</span> <span class='ocrx_word' id='word_1_186' title='bbox 437 2674 589 2736; x_wconf 89' lang='lat' dir='ltr'>eruditio.</span> <span class='ocrx_word' id='word_1_187' title='bbox 633 2673 816 2735; x_wconf 90' lang='lat' dir='ltr'>Plurimum</span> <span class='ocrx_word' id='word_1_188' title='bbox 838 2693 917 2735; x_wconf 90' lang='lat' dir='ltr'>sane</span> <span class='ocrx_word' id='word_1_189' title='bbox 937 2673 999 2735; x_wconf 91' lang='lat' dir='ltr'>tibi</span> <span class='ocrx_word' id='word_1_190' title='bbox 1020 2674 1139 2735; x_wconf 90' lang='lat' dir='ltr'>debere</span> <span class='ocrx_word' id='word_1_191' title='bbox 1152 2673 1314 2736; x_wconf 77' lang='lat' dir='ltr'>fatebitur</span> <span class='ocrx_word' id='word_1_192' title='bbox 1327 2676 1514 2754; x_wconf 82' lang='lat' dir='ltr'>posteritas,</span> 
     </span>
     <span class='ocr_line' id='line_1_24' title="bbox 317 2756 1516 2837; baseline 0 -19"><span class='ocrx_word' id='word_1_193' title='bbox 317 2758 511 2837; x_wconf 88' lang='lat' dir='ltr'>fateturque</span> <span class='ocrx_word' id='word_1_194' title='bbox 526 2760 664 2837; x_wconf 92' lang='lat' dir='ltr'>ingenue</span> <span class='ocrx_word' id='word_1_195' title='bbox 676 2763 809 2818; x_wconf 84' lang='lat' dir='ltr'>nostrae</span> <span class='ocrx_word' id='word_1_196' title='bbox 820 2758 941 2820; x_wconf 86' lang='lat' dir='ltr'>aetatis</span> <span class='ocrx_word' id='word_1_197' title='bbox 952 2757 1127 2819; x_wconf 88' lang='lat' dir='ltr'>doctorum</span> <span class='ocrx_word' id='word_1_198' title='bbox 1139 2763 1271 2830; x_wconf 88' lang='lat' dir='ltr'>coetus;</span> <span class='ocrx_word' id='word_1_199' title='bbox 1293 2760 1415 2837; x_wconf 89' lang='lat' dir='ltr'>partim</span> <span class='ocrx_word' id='word_1_200' title='bbox 1427 2756 1516 2836; x_wconf 91' lang='lat' dir='ltr'>quod</span> 
     </span>
     <span class='ocr_line' id='line_1_25' title="bbox 319 2839 1579 2922; baseline 0 -19"><span class='ocrx_word' id='word_1_201' title='bbox 319 2842 427 2903; x_wconf 87' lang='lat' dir='ltr'>bonae</span> <span class='ocrx_word' id='word_1_202' title='bbox 445 2840 560 2902; x_wconf 86' lang='lat' dir='ltr'>literae</span> <span class='ocrx_word' id='word_1_203' title='bbox 577 2841 718 2902; x_wconf 88' lang='lat' dir='ltr'>antehac</span> <span class='ocrx_word' id='word_1_204' title='bbox 738 2841 772 2901; x_wconf 93' lang='lat' dir='ltr'>in</span> <span class='ocrx_word' id='word_1_205' title='bbox 787 2840 932 2902; x_wconf 90' lang='lat' dir='ltr'>tenebris</span> <span class='ocrx_word' id='word_1_206' title='bbox 951 2840 1179 2903; x_wconf 83' lang='lat' dir='ltr'>delitescentes</span> <span class='ocrx_word' id='word_1_207' title='bbox 1196 2860 1235 2902; x_wconf 98' lang='lat' dir='ltr'>ac</span> <span class='ocrx_word' id='word_1_208' title='bbox 1249 2839 1351 2903; x_wconf 91' lang='lat' dir='ltr'>ferme</span> <span class='ocrx_word' id='word_1_209' title='bbox 1366 2840 1516 2922; x_wconf 91' lang='lat' dir='ltr'>sepultae</span> <span class='ocrx_word' id='word_1_210' title='bbox 1528 2845 1579 2893; x_wconf 82' lang='lat'>2⁶0</span> 
     </span>
     <span class='ocr_line' id='line_1_26' title="bbox 319 2923 1515 2998; baseline -0.001 -11"><span class='ocrx_word' id='word_1_211' title='bbox 319 2923 463 2987; x_wconf 79' lang='lat' dir='ltr'>Hercule</span> <span class='ocrx_word' id='word_1_212' title='bbox 480 2923 616 2998; x_wconf 84' lang='lat' dir='ltr'>Gallico,</span> <span class='ocrx_word' id='word_1_213' title='bbox 630 2930 691 2986; x_wconf 91' lang='lat' dir='ltr'>aut</span> <span class='ocrx_word' id='word_1_214' title='bbox 708 2925 737 2986; x_wconf 93' lang='lat' dir='ltr'>si</span> <span class='ocrx_word' id='word_1_215' title='bbox 750 2926 856 2987; x_wconf 90' lang='lat' dir='ltr'>mauis</span> <span class='ocrx_word' id='word_1_216' title='bbox 871 2923 1011 2998; x_wconf 89' lang='lat' dir='ltr'>Batauo,</span> <span class='ocrx_word' id='word_1_217' title='bbox 1027 2924 1089 2987; x_wconf 90' lang='lat' dir='ltr'>hoc</span> <span class='ocrx_word' id='word_1_218' title='bbox 1103 2931 1155 2986; x_wconf 89' lang='lat' dir='ltr'>est</span> <span class='ocrx_word' id='word_1_219' title='bbox 1169 2925 1308 2987; x_wconf 86' lang='lat' dir='ltr'>Erasmo</span> <span class='ocrx_word' id='word_1_220' title='bbox 1321 2924 1403 2986; x_wconf 89' lang='lat' dir='ltr'>duce</span> <span class='ocrx_word' id='word_1_221' title='bbox 1423 2944 1515 2987; x_wconf 90' lang='lat' dir='ltr'>rena·</span> 
     </span>
     <span class='ocr_line' id='line_1_27' title="bbox 319 3007 1516 3089; baseline 0 -19"><span class='ocrx_word' id='word_1_222' title='bbox 319 3015 457 3070; x_wconf 87' lang='lat' dir='ltr'>scantur</span> <span class='ocrx_word' id='word_1_223' title='bbox 464 3008 573 3071; x_wconf 91' lang='lat' dir='ltr'>denuo</span> <span class='ocrx_word' id='word_1_224' title='bbox 583 3014 816 3088; x_wconf 81' lang='lat' dir='ltr'>emerguntque</span> <span class='ocrx_word' id='word_1_225' title='bbox 825 3027 953 3088; x_wconf 89' lang='lat' dir='ltr'>semper</span> <span class='ocrx_word' id='word_1_226' title='bbox 962 3007 1149 3089; x_wconf 91' lang='lat' dir='ltr'>politiores;</span> <span class='ocrx_word' id='word_1_227' title='bbox 1170 3010 1293 3089; x_wconf 87' lang='lat' dir='ltr'>partim</span> <span class='ocrx_word' id='word_1_228' title='bbox 1303 3015 1415 3070; x_wconf 89' lang='lat' dir='ltr'>autem</span> <span class='ocrx_word' id='word_1_229' title='bbox 1427 3008 1516 3088; x_wconf 92' lang='lat' dir='ltr'>quod</span> 
     </span>
     <span class='ocr_line' id='line_1_28' title="bbox 319 3091 1515 3172; baseline -0.001 -18"><span class='ocrx_word' id='word_1_230' title='bbox 319 3093 492 3171; x_wconf 68' lang='lat' dir='ltr'>Vtriusque</span> <span class='ocrx_word' id='word_1_231' title='bbox 506 3091 698 3153; x_wconf 89' lang='lat' dir='ltr'>literaturae</span> <span class='ocrx_word' id='word_1_232' title='bbox 712 3093 864 3171; x_wconf 89' lang='lat' dir='ltr'>cognitio,</span> <span class='ocrx_word' id='word_1_233' title='bbox 879 3092 1073 3172; x_wconf 90' lang='lat' dir='ltr'>iampridem</span> <span class='ocrx_word' id='word_1_234' title='bbox 1088 3092 1178 3153; x_wconf 91' lang='lat' dir='ltr'>haud</span> <span class='ocrx_word' id='word_1_235' title='bbox 1196 3094 1245 3155; x_wconf 90' lang='lat' dir='ltr'>ita</span> <span class='ocrx_word' id='word_1_236' title='bbox 1263 3092 1378 3154; x_wconf 88' lang='lat' dir='ltr'>multis</span> <span class='ocrx_word' id='word_1_237' title='bbox 1391 3094 1515 3172; x_wconf 88' lang='lat' dir='ltr'>peruia,</span> 
     </span>
     <span class='ocr_line' id='line_1_29' title="bbox 318 3174 1516 3255; baseline 0.001 -19"><span class='ocrx_word' id='word_1_238' title='bbox 318 3177 425 3254; x_wconf 88' lang='lat' dir='ltr'>magis</span> <span class='ocrx_word' id='word_1_239' title='bbox 445 3176 613 3255; x_wconf 87' lang='lat' dir='ltr'>magisque</span> <span class='ocrx_word' id='word_1_240' title='bbox 630 3193 696 3236; x_wconf 95' lang='lat' dir='ltr'>non</span> <span class='ocrx_word' id='word_1_241' title='bbox 716 3176 785 3236; x_wconf 91' lang='lat' dir='ltr'>sine</span> <span class='ocrx_word' id='word_1_242' title='bbox 804 3194 924 3255; x_wconf 87' lang='lat' dir='ltr'>magno</span> <span class='ocrx_word' id='word_1_243' title='bbox 943 3175 1153 3254; x_wconf 89' lang='lat' dir='ltr'>quorundum</span> <span class='ocrx_word' id='word_1_244' title='bbox 1171 3175 1388 3254; x_wconf 81' lang='grc' dir='ltr'>ματαιολόγων</span> <span class='ocrx_word' id='word_1_245' title='bbox 1404 3174 1516 3238; x_wconf 94' lang='lat' dir='ltr'>dolore</span> 
     </span>
     <span class='ocr_line' id='line_1_30' title="bbox 319 3257 1578 3339; baseline 0.003 -19"><span class='ocrx_word' id='word_1_246' title='bbox 319 3258 559 3337; x_wconf 83' lang='lat' dir='ltr'>refloresoa[nlt</span> <span class='ocrx_word' id='word_1_247' title='bbox 570 3257 872 3338; x_wconf 90' lang='lat' dir='ltr'>repullule[n]tque‚</span> <span class='ocrx_word' id='word_1_248' title='bbox 884 3259 1030 3320; x_wconf 88' lang='lat' dir='ltr'>maximo</span> <span class='ocrx_word' id='word_1_249' title='bbox 1045 3259 1133 3320; x_wconf 92' lang='lat' dir='ltr'>orbis</span> <span class='ocrx_word' id='word_1_250' title='bbox 1144 3259 1317 3339; x_wconf 88' lang='lat' dir='ltr'>applausu,</span> <span class='ocrx_word' id='word_1_251' title='bbox 1329 3259 1517 3338; x_wconf 86' lang='lat' dir='ltr'>vsqueadeo</span> <span class='ocrx_word' id='word_1_252' title='bbox 1529 3263 1578 3324; x_wconf 82' lang='grc'>265</span> 
     </span>
     <span class='ocr_line' id='line_1_31' title="bbox 319 3340 1516 3421; baseline 0.001 -18"><span class='ocrx_word' id='word_1_253' title='bbox 319 3348 360 3403; x_wconf 85' lang='lat' dir='ltr'>vt</span> <span class='ocrx_word' id='word_1_254' title='bbox 380 3341 566 3421; x_wconf 90' lang='lat' dir='ltr'>linguarum</span> <span class='ocrx_word' id='word_1_255' title='bbox 588 3340 742 3421; x_wconf 91' lang='lat' dir='ltr'>quioquid</span> <span class='ocrx_word' id='word_1_256' title='bbox 764 3348 837 3403; x_wconf 92' lang='lat' dir='ltr'>tum</span> <span class='ocrx_word' id='word_1_257' title='bbox 858 3360 992 3421; x_wconf 76' lang='lat' dir='ltr'>graecae</span> <span class='ocrx_word' id='word_1_258' title='bbox 1014 3348 1087 3403; x_wconf 91' lang='lat' dir='ltr'>tum</span> <span class='ocrx_word' id='word_1_259' title='bbox 1108 3342 1232 3404; x_wconf 87' lang='lat' dir='ltr'>latinae</span> <span class='ocrx_word' id='word_1_260' title='bbox 1253 3342 1408 3404; x_wconf 90' lang='lat' dir='ltr'>studiosis</span> <span class='ocrx_word' id='word_1_261' title='bbox 1428 3362 1516 3404; x_wconf 92' lang='lat' dir='ltr'>nuno</span> 
     </span>
     <span class='ocr_line' id='line_1_32' title="bbox 319 3424 1515 3506; baseline 0.001 -20"><span class='ocrx_word' id='word_1_262' title='bbox 319 3444 390 3486; x_wconf 86' lang='lat' dir='ltr'>esse</span> <span class='ocrx_word' id='word_1_263' title='bbox 411 3425 571 3498; x_wconf 86' lang='lat' dir='ltr'>videmus,</span> <span class='ocrx_word' id='word_1_264' title='bbox 590 3424 625 3485; x_wconf 91' lang='lat' dir='ltr'>id</span> <span class='ocrx_word' id='word_1_265' title='bbox 647 3430 757 3486; x_wconf 91' lang='lat' dir='ltr'>totum</span> <span class='ocrx_word' id='word_1_266' title='bbox 778 3424 841 3486; x_wconf 89' lang='lat' dir='ltr'>tibi</span> <span class='ocrx_word' id='word_1_267' title='bbox 861 3426 919 3486; x_wconf 88' lang='lat' dir='ltr'>vni</span> <span class='ocrx_word' id='word_1_268' title='bbox 940 3432 1135 3506; x_wconf 85' lang='lat' dir='ltr'>accaeptum</span> <span class='ocrx_word' id='word_1_269' title='bbox 1154 3427 1239 3487; x_wconf 89' lang='lat' dir='ltr'>miro</span> <span class='ocrx_word' id='word_1_270' title='bbox 1255 3444 1415 3487; x_wconf 87' lang='lat' dir='ltr'>consensu</span> <span class='ocrx_word' id='word_1_271' title='bbox 1434 3426 1515 3487; x_wconf 89' lang='lat' dir='ltr'>reie-</span> 
     </span>
     <span class='ocr_line' id='line_1_33' title="bbox 320 3507 1516 3586; baseline 0.002 -18"><span class='ocrx_word' id='word_1_272' title='bbox 320 3513 409 3569; x_wconf 81' lang='lat' dir='ltr'>runt.</span> <span class='ocrx_word' id='word_1_273' title='bbox 462 3507 549 3569; x_wconf 87' lang='lat' dir='ltr'>Nem</span> <span class='ocrx_word' id='word_1_274' title='bbox 575 3507 664 3586; x_wconf 90' lang='lat' dir='ltr'>quod</span> <span class='ocrx_word' id='word_1_275' title='bbox 693 3507 771 3569; x_wconf 92' lang='lat' dir='ltr'>olim</span> <span class='ocrx_word' id='word_1_276' title='bbox 800 3507 933 3569; x_wconf 89' lang='lat' dir='ltr'>barbari</span> <span class='ocrx_word' id='word_1_277' title='bbox 961 3509 1142 3570; x_wconf 82' lang='lat' dir='ltr'>insolenter</span> <span class='ocrx_word' id='word_1_278' title='bbox 1169 3510 1267 3570; x_wconf 87' lang='lat' dir='ltr'>nimis</span> <span class='ocrx_word' id='word_1_279' title='bbox 1295 3508 1405 3570; x_wconf 92' lang='lat' dir='ltr'>nobile</span> <span class='ocrx_word' id='word_1_280' title='bbox 1433 3509 1516 3571; x_wconf 93' lang='lat' dir='ltr'>illud</span> 
     </span>
     <span class='ocr_line' id='line_1_34' title="bbox 320 3590 1515 3670; baseline 0.002 -18"><span class='ocrx_word' id='word_1_281' title='bbox 320 3591 491 3652; x_wconf 87' lang='lat' dir='ltr'>Musarum</span> <span class='ocrx_word' id='word_1_282' title='bbox 516 3590 701 3652; x_wconf 89' lang='lat' dir='ltr'>Palladium</span> <span class='ocrx_word' id='word_1_283' title='bbox 726 3610 846 3670; x_wconf 89' lang='lat' dir='ltr'>magna</span> <span class='ocrx_word' id='word_1_284' title='bbox 871 3591 1047 3670; x_wconf 88' lang='lat' dir='ltr'>tyrannide</span> <span class='ocrx_word' id='word_1_285' title='bbox 1072 3593 1264 3653; x_wconf 89' lang='lat' dir='ltr'>inuaserant</span> <span class='ocrx_word' id='word_1_286' title='bbox 1287 3611 1326 3653; x_wconf 85' lang='lat' dir='ltr'>ec</span> <span class='ocrx_word' id='word_1_287' title='bbox 1351 3598 1422 3653; x_wconf 92' lang='lat' dir='ltr'>tam</span> <span class='ocrx_word' id='word_1_288' title='bbox 1447 3594 1515 3654; x_wconf 85' lang='lat' dir='ltr'>vio-</span> 
     </span>
     <span class='ocr_line' id='line_1_35' title="bbox 319 3673 1579 3755; baseline 0.003 -20"><span class='ocrx_word' id='word_1_289' title='bbox 319 3674 427 3735; x_wconf 93' lang='lat' dir='ltr'>lenter</span> <span class='ocrx_word' id='word_1_290' title='bbox 443 3680 646 3754; x_wconf 89' lang='lat' dir='ltr'>occuparant</span> <span class='ocrx_word' id='word_1_291' title='bbox 664 3680 703 3735; x_wconf 86' lang='lat' dir='ltr'>vt</span> <span class='ocrx_word' id='word_1_292' title='bbox 720 3673 957 3754; x_wconf 90' lang='lat' dir='ltr'>propemodum</span> <span class='ocrx_word' id='word_1_293' title='bbox 974 3674 1157 3755; x_wconf 88' lang='lat' dir='ltr'>collapsum</span> <span class='ocrx_word' id='word_1_294' title='bbox 1176 3677 1306 3736; x_wconf 89' lang='lat' dir='ltr'>ruinam</span> <span class='ocrx_word' id='word_1_295' title='bbox 1325 3676 1515 3749; x_wconf 86' lang='lat' dir='ltr'>minaretur,</span> <span class='ocrx_word' id='word_1_296' title='bbox 1529 3690 1579 3741; x_wconf 86' lang='lat'>270</span> 
     </span>
     <span class='ocr_line' id='line_1_36' title="bbox 320 3756 1515 3837; baseline 0 -18"><span class='ocrx_word' id='word_1_297' title='bbox 320 3763 422 3836; x_wconf 84' lang='lat' dir='ltr'>atque</span> <span class='ocrx_word' id='word_1_298' title='bbox 444 3757 517 3819; x_wconf 90' lang='lat' dir='ltr'>ideo</span> <span class='ocrx_word' id='word_1_299' title='bbox 540 3757 641 3818; x_wconf 89' lang='lat' dir='ltr'>Musis</span> <span class='ocrx_word' id='word_1_300' title='bbox 662 3758 741 3837; x_wconf 90' lang='lat' dir='ltr'>ipsis</span> <span class='ocrx_word' id='word_1_301' title='bbox 762 3757 947 3819; x_wconf 92' lang='lat' dir='ltr'>timendum</span> <span class='ocrx_word' id='word_1_302' title='bbox 968 3756 1070 3819; x_wconf 91' lang='lat' dir='ltr'>fuerit</span> <span class='ocrx_word' id='word_1_303' title='bbox 1090 3777 1132 3818; x_wconf 94' lang='lat' dir='ltr'>ne</span> <span class='ocrx_word' id='word_1_304' title='bbox 1154 3757 1260 3819; x_wconf 90' lang='lat' dir='ltr'>bonae</span> <span class='ocrx_word' id='word_1_305' title='bbox 1279 3757 1395 3819; x_wconf 86' lang='lat' dir='ltr'>literae</span> <span class='ocrx_word' id='word_1_306' title='bbox 1416 3760 1450 3819; x_wconf 93' lang='lat' dir='ltr'>in</span> <span class='ocrx_word' id='word_1_307' title='bbox 1467 3761 1515 3819; x_wconf 90' lang='lat' dir='ltr'>in·</span> 
     </span>
     <span class='ocr_line' id='line_1_37' title="bbox 320 3840 1516 3921; baseline 0.002 -19"><span class='ocrx_word' id='word_1_308' title='bbox 320 3842 457 3903; x_wconf 82' lang='lat' dir='ltr'>teritum</span> <span class='ocrx_word' id='word_1_309' title='bbox 471 3840 706 3904; x_wconf 84' lang='lat' dir='ltr'>relaberentur.</span> <span class='ocrx_word' id='word_1_310' title='bbox 718 3840 760 3901; x_wconf 89' lang='lat' dir='ltr'>ab</span> <span class='ocrx_word' id='word_1_311' title='bbox 776 3840 907 3902; x_wconf 91' lang='lat' dir='ltr'>illorum</span> <span class='ocrx_word' id='word_1_312' title='bbox 922 3841 1075 3902; x_wconf 87' lang='lat' dir='ltr'>menibus</span> <span class='ocrx_word' id='word_1_313' title='bbox 1088 3840 1317 3921; x_wconf 90' lang='lat' dir='ltr'>gloriosissime</span> <span class='ocrx_word' id='word_1_314' title='bbox 1331 3841 1516 3915; x_wconf 79' lang='lat' dir='ltr'>vindicasti,</span> 
     </span>
     <span class='ocr_line' id='line_1_38' title="bbox 320 3923 1517 4005; baseline 0.002 -20"><span class='ocrx_word' id='word_1_315' title='bbox 320 3924 381 3985; x_wconf 93' lang='lat' dir='ltr'>hos</span> <span class='ocrx_word' id='word_1_316' title='bbox 402 3923 504 3998; x_wconf 90' lang='lat' dir='ltr'>fucos,</span> <span class='ocrx_word' id='word_1_317' title='bbox 520 3925 676 4003; x_wconf 86' lang='lat' dir='ltr'>ignauum</span> <span class='ocrx_word' id='word_1_318' title='bbox 697 3943 776 3985; x_wconf 91' lang='lat' dir='ltr'>sane</span> <span class='ocrx_word' id='word_1_319' title='bbox 797 3943 906 4004; x_wconf 86' lang='lat' dir='ltr'>pecus,</span> <span class='ocrx_word' id='word_1_320' title='bbox 926 3944 947 3985; x_wconf 87' lang='lat' dir='ltr'>a</span> <span class='ocrx_word' id='word_1_321' title='bbox 968 3943 1061 3985; x_wconf 83' lang='lat' dir='ltr'>sacro</span> <span class='ocrx_word' id='word_1_322' title='bbox 1079 3943 1181 4005; x_wconf 91' lang='lat' dir='ltr'>apum</span> <span class='ocrx_word' id='word_1_323' title='bbox 1202 3923 1350 3986; x_wconf 85' lang='lat' dir='ltr'>mollario</span> <span class='ocrx_word' id='word_1_324' title='bbox 1371 3925 1517 3987; x_wconf 85' lang='lat' dir='ltr'>studiose</span> 
     </span>
     <span class='ocr_line' id='line_1_39' title="bbox 321 4006 1515 4089; baseline 0.002 -21"><span class='ocrx_word' id='word_1_325' title='bbox 321 4008 488 4069; x_wconf 87' lang='lat' dir='ltr'>abaroens.</span> <span class='ocrx_word' id='word_1_326' title='bbox 532 4006 674 4069; x_wconf 91' lang='lat' dir='ltr'>Pulchra</span> <span class='ocrx_word' id='word_1_327' title='bbox 696 4007 920 4069; x_wconf 84' lang='lat' dir='ltr'>mediusfidius</span> <span class='ocrx_word' id='word_1_328' title='bbox 941 4009 1091 4081; x_wconf 85' lang='lat' dir='ltr'>victoria,</span> <span class='ocrx_word' id='word_1_329' title='bbox 1113 4027 1181 4069; x_wconf 95' lang='lat' dir='ltr'>non</span> <span class='ocrx_word' id='word_1_330' title='bbox 1202 4008 1420 4089; x_wconf 90' lang='lat' dir='ltr'>improbanda</span> <span class='ocrx_word' id='word_1_331' title='bbox 1443 4008 1515 4070; x_wconf 89' lang='lat' dir='ltr'>lite·</span> 
     </span>
     <span class='ocr_line' id='line_1_40' title="bbox 320 4090 1578 4170; baseline 0.002 -18"><span class='ocrx_word' id='word_1_332' title='bbox 320 4110 433 4152; x_wconf 90' lang='lat' dir='ltr'>rarum</span> <span class='ocrx_word' id='word_1_333' title='bbox 456 4090 625 4162; x_wconf 86' lang='lat' dir='ltr'>velitatio;</span> <span class='ocrx_word' id='word_1_334' title='bbox 658 4109 743 4169; x_wconf 86' lang='lat' dir='ltr'>quae</span> <span class='ocrx_word' id='word_1_335' title='bbox 768 4110 871 4170; x_wconf 92' lang='lat' dir='ltr'>quum</span> <span class='ocrx_word' id='word_1_336' title='bbox 894 4091 929 4151; x_wconf 93' lang='lat' dir='ltr'>in</span> <span class='ocrx_word' id='word_1_337' title='bbox 955 4091 1028 4152; x_wconf 91' lang='lat' dir='ltr'>aliis</span> <span class='ocrx_word' id='word_1_338' title='bbox 1052 4091 1287 4153; x_wconf 89' lang='lat' dir='ltr'>certaminibus</span> <span class='ocrx_word' id='word_1_339' title='bbox 1313 4092 1373 4153; x_wconf 90' lang='lat' dir='ltr'>soli</span> <span class='ocrx_word' id='word_1_340' title='bbox 1398 4092 1517 4154; x_wconf 87' lang='lat' dir='ltr'>victori</span> <span class='ocrx_word' id='word_1_341' title='bbox 1529 4105 1578 4156; x_wconf 84' lang='grc'>275</span> 
     </span>
     <span class='ocr_line' id='line_1_41' title="bbox 320 4173 1517 4254; baseline 0.002 -19"><span class='ocrx_word' id='word_1_342' title='bbox 320 4174 466 4254; x_wconf 89' lang='lat' dir='ltr'>palmam</span> <span class='ocrx_word' id='word_1_343' title='bbox 487 4173 624 4246; x_wconf 89' lang='lat' dir='ltr'>tribuat,</span> <span class='ocrx_word' id='word_1_344' title='bbox 642 4175 676 4234; x_wconf 92' lang='lat' dir='ltr'>in</span> <span class='ocrx_word' id='word_1_345' title='bbox 698 4173 759 4235; x_wconf 91' lang='lat' dir='ltr'>hoo</span> <span class='ocrx_word' id='word_1_346' title='bbox 777 4175 879 4235; x_wconf 91' lang='lat' dir='ltr'>etiam</span> <span class='ocrx_word' id='word_1_347' title='bbox 897 4174 1043 4236; x_wconf 90' lang='lat' dir='ltr'>literario</span> <span class='ocrx_word' id='word_1_348' title='bbox 1063 4193 1237 4254; x_wconf 84' lang='lat' dir='ltr'>congressu</span> <span class='ocrx_word' id='word_1_349' title='bbox 1257 4176 1315 4254; x_wconf 93' lang='lat' dir='ltr'>qui</span> <span class='ocrx_word' id='word_1_350' title='bbox 1333 4175 1517 4237; x_wconf 90' lang='lat' dir='ltr'>succumbit</span> 
     </span>
     <span class='ocr_line' id='line_1_42' title="bbox 320 4256 1273 4338; baseline 0.002 -20"><span class='ocrx_word' id='word_1_351' title='bbox 320 4277 339 4318; x_wconf 91' lang='lat' dir='ltr'>e</span> <span class='ocrx_word' id='word_1_352' title='bbox 354 4258 479 4319; x_wconf 86' lang='lat' dir='ltr'>victore</span> <span class='ocrx_word' id='word_1_353' title='bbox 494 4256 690 4336; x_wconf 89' lang='lat' dir='ltr'>trophaeum</span> <span class='ocrx_word' id='word_1_354' title='bbox 705 4256 806 4319; x_wconf 88' lang='lat' dir='ltr'>refert</span> <span class='ocrx_word' id='word_1_355' title='bbox 820 4259 1015 4337; x_wconf 86' lang='lat' dir='ltr'>neutiquam</span> <span class='ocrx_word' id='word_1_356' title='bbox 1029 4258 1273 4338; x_wconf 88' lang='lat' dir='ltr'>poenitendum.</span> 
     </span>
    </p>

    <p class='ocr_par' dir='ltr' id='par_1_4' title="bbox 319 4340 1579 4839">
     <span class='ocr_line' id='line_1_43' title="bbox 363 4340 1516 4421; baseline 0.001 -20"><span class='ocrx_word' id='word_1_357' title='bbox 363 4340 541 4402; x_wconf 83' lang='lat' dir='ltr'>Facessant</span> <span class='ocrx_word' id='word_1_358' title='bbox 560 4342 672 4419; x_wconf 87' lang='lat' dir='ltr'>itaque</span> <span class='ocrx_word' id='word_1_359' title='bbox 692 4340 849 4402; x_wconf 91' lang='lat' dir='ltr'>morosuli</span> <span class='ocrx_word' id='word_1_360' title='bbox 864 4340 911 4402; x_wconf 92' lang='lat' dir='ltr'>illi</span> <span class='ocrx_word' id='word_1_361' title='bbox 926 4340 1039 4414; x_wconf 90' lang='lat' dir='ltr'>ciliosi,</span> <span class='ocrx_word' id='word_1_362' title='bbox 1053 4341 1219 4404; x_wconf 88' lang='lat' dir='ltr'>facessant</span> <span class='ocrx_word' id='word_1_363' title='bbox 1234 4343 1378 4421; x_wconf 88' lang='lat' dir='ltr'>inquam,</span> <span class='ocrx_word' id='word_1_364' title='bbox 1394 4361 1432 4404; x_wconf 89' lang='lat' dir='ltr'>ao</span> <span class='ocrx_word' id='word_1_365' title='bbox 1449 4343 1516 4403; x_wconf 87' lang='lat' dir='ltr'>iam</span> 
     </span>
     <span class='ocr_line' id='line_1_44' title="bbox 320 4422 1516 4506; baseline 0.002 -23"><span class='ocrx_word' id='word_1_366' title='bbox 320 4422 417 4504; x_wconf 89' lang='lat' dir='ltr'>plane</span> <span class='ocrx_word' id='word_1_367' title='bbox 433 4423 586 4486; x_wconf 85' lang='lat' dir='ltr'>crocodili</span> <span class='ocrx_word' id='word_1_368' title='bbox 607 4424 712 4485; x_wconf 88' lang='lat' dir='ltr'>instar</span> <span class='ocrx_word' id='word_1_369' title='bbox 726 4425 895 4497; x_wconf 91' lang='lat' dir='ltr'>musitent,</span> <span class='ocrx_word' id='word_1_370' title='bbox 910 4424 1049 4486; x_wconf 87' lang='lat' dir='ltr'>faueant</span> <span class='ocrx_word' id='word_1_371' title='bbox 1062 4425 1182 4506; x_wconf 87' lang='lat' dir='ltr'>linguis</span> <span class='ocrx_word' id='word_1_372' title='bbox 1201 4424 1378 4506; x_wconf 86' lang='lat' dir='ltr'>linguaque</span> <span class='ocrx_word' id='word_1_373' title='bbox 1393 4424 1516 4486; x_wconf 87' lang='lat' dir='ltr'>bellare</span> 
     </span>
     <span class='ocr_line' id='line_1_45' title="bbox 320 4506 1579 4589; baseline 0.002 -22"><span class='ocrx_word' id='word_1_374' title='bbox 320 4512 449 4568; x_wconf 87' lang='lat' dir='ltr'>cessant</span> <span class='ocrx_word' id='word_1_375' title='bbox 470 4508 528 4586; x_wconf 92' lang='lat' dir='ltr'>qui</span> <span class='ocrx_word' id='word_1_376' title='bbox 542 4506 595 4567; x_wconf 88' lang='lat' dir='ltr'>vel</span> <span class='ocrx_word' id='word_1_377' title='bbox 614 4508 756 4568; x_wconf 84' lang='lat' dir='ltr'>maxime</span> <span class='ocrx_word' id='word_1_378' title='bbox 775 4507 920 4587; x_wconf 79' lang='lat' dir='ltr'>eHngues</span> <span class='ocrx_word' id='word_1_379' title='bbox 938 4515 1027 4570; x_wconf 91' lang='lat' dir='ltr'>sunt.</span> <span class='ocrx_word' id='word_1_380' title='bbox 1071 4508 1111 4570; x_wconf 95' lang='lat' dir='ltr'>In</span> <span class='ocrx_word' id='word_1_381' title='bbox 1125 4510 1214 4588; x_wconf 88' lang='lat' dir='ltr'>ipsas</span> <span class='ocrx_word' id='word_1_382' title='bbox 1232 4527 1347 4589; x_wconf 87' lang='lat' dir='ltr'>precor</span> <span class='ocrx_word' id='word_1_383' title='bbox 1363 4508 1516 4570; x_wconf 88' lang='lat' dir='ltr'>desinant</span> <span class='ocrx_word' id='word_1_384' title='bbox 1529 4520 1579 4571; x_wconf 82' lang='lat'>280</span> 
     </span>
     <span class='ocr_line' id='line_1_46' title="bbox 320 4590 1516 4671; baseline 0.001 -20"><span class='ocrx_word' id='word_1_385' title='bbox 320 4590 433 4652; x_wconf 88' lang='lat' dir='ltr'>literas</span> <span class='ocrx_word' id='word_1_386' title='bbox 461 4609 593 4670; x_wconf 84' lang='lat' dir='ltr'>graecas</span> <span class='ocrx_word' id='word_1_387' title='bbox 621 4592 670 4652; x_wconf 90' lang='lat' dir='ltr'>ita</span> <span class='ocrx_word' id='word_1_388' title='bbox 697 4590 829 4664; x_wconf 88' lang='lat' dir='ltr'>insilire,</span> <span class='ocrx_word' id='word_1_389' title='bbox 858 4592 907 4652; x_wconf 90' lang='lat' dir='ltr'>ita</span> <span class='ocrx_word' id='word_1_390' title='bbox 935 4592 1096 4669; x_wconf 90' lang='lat' dir='ltr'>quiritari,</span> <span class='ocrx_word' id='word_1_391' title='bbox 1125 4592 1312 4671; x_wconf 89' lang='lat' dir='ltr'>obgannire,</span> <span class='ocrx_word' id='word_1_392' title='bbox 1341 4591 1516 4665; x_wconf 87' lang='lat' dir='ltr'>oblatrare,</span> 
     </span>
     <span class='ocr_line' id='line_1_47' title="bbox 321 4674 1515 4755; baseline 0.002 -21"><span class='ocrx_word' id='word_1_393' title='bbox 321 4674 495 4753; x_wconf 89' lang='lat' dir='ltr'>obgrunire</span> <span class='ocrx_word' id='word_1_394' title='bbox 506 4696 513 4746; x_wconf 95' lang='lat'>;</span> <span class='ocrx_word' id='word_1_395' title='bbox 544 4693 627 4752; x_wconf 91' lang='lat' dir='ltr'>quas</span> <span class='ocrx_word' id='word_1_396' title='bbox 641 4674 669 4734; x_wconf 94' lang='lat' dir='ltr'>si</span> <span class='ocrx_word' id='word_1_397' title='bbox 682 4676 838 4754; x_wconf 86' lang='lat' dir='ltr'>consequi</span> <span class='ocrx_word' id='word_1_398' title='bbox 846 4693 907 4736; x_wconf 87' lang='lat' dir='ltr'>suo</span> <span class='ocrx_word' id='word_1_399' title='bbox 921 4674 1010 4736; x_wconf 89' lang='lat' dir='ltr'>malo</span> <span class='ocrx_word' id='word_1_400' title='bbox 1020 4694 1087 4737; x_wconf 91' lang='lat' dir='ltr'>non</span> <span class='ocrx_word' id='word_1_401' title='bbox 1098 4675 1274 4750; x_wconf 87' lang='lat' dir='ltr'>valuerint,</span> <span class='ocrx_word' id='word_1_402' title='bbox 1286 4674 1367 4736; x_wconf 92' lang='lat' dir='ltr'>nihil</span> <span class='ocrx_word' id='word_1_403' title='bbox 1377 4680 1429 4736; x_wconf 88' lang='lat' dir='ltr'>est</span> <span class='ocrx_word' id='word_1_404' title='bbox 1442 4693 1515 4755; x_wconf 91' lang='lat' dir='ltr'>pro·</span> 
     </span>
     <span class='ocr_line' id='line_1_48' title="bbox 319 4756 1518 4839; baseline 0.003 -22"><span class='ocrx_word' id='word_1_405' title='bbox 319 4763 435 4837; x_wconf 87' lang='lat' dir='ltr'>pterea</span> <span class='ocrx_word' id='word_1_406' title='bbox 449 4756 539 4836; x_wconf 93' lang='lat' dir='ltr'>quod</span> <span class='ocrx_word' id='word_1_407' title='bbox 552 4757 626 4818; x_wconf 91' lang='lat' dir='ltr'>illas</span> <span class='ocrx_word' id='word_1_408' title='bbox 640 4756 836 4837; x_wconf 88' lang='lat' dir='ltr'>illarumque</span> <span class='ocrx_word' id='word_1_409' title='bbox 851 4756 993 4819; x_wconf 81' lang='lat' dir='ltr'>cultores</span> <span class='ocrx_word' id='word_1_410' title='bbox 1007 4765 1078 4820; x_wconf 89' lang='lat' dir='ltr'>tam</span> <span class='ocrx_word' id='word_1_411' title='bbox 1092 4759 1252 4820; x_wconf 89' lang='lat' dir='ltr'>intestino</span> <span class='ocrx_word' id='word_1_412' title='bbox 1276 4764 1518 4839; x_wconf 87' lang='lat' dir='ltr'>prosequantur</span> 
     </span>
    </p>
   </div>
   <div class='ocr_carea' id='block_1_3' title="bbox 354 4968 1516 5102">
    <p class='ocr_par' dir='ltr' id='par_1_5' title="bbox 354 4968 1516 5102">
     <span class='ocr_line' id='line_1_49' title="bbox 354 4968 1516 5034; baseline 0.003 -15"><span class='ocrx_word' id='word_1_413' title='bbox 354 4983 413 5033; x_wconf 85' lang='lat'><strong>²7³·</strong></span> <span class='ocrx_word' id='word_1_414' title='bbox 431 4969 578 5034; x_wconf 59' lang='lat' dir='ltr'>granum]</span> <span class='ocrx_word' id='word_1_415' title='bbox 591 4969 673 5034; x_wconf 87' lang='lat' dir='ltr'>Verg.</span> <span class='ocrx_word' id='word_1_416' title='bbox 685 4968 717 5019; x_wconf 74' lang='lat' dir='ltr'>G.</span> <span class='ocrx_word' id='word_1_417' title='bbox 730 4984 755 5033; x_wconf 84' lang='lat'>4.</span> <span class='ocrx_word' id='word_1_418' title='bbox 771 4970 828 5020; x_wconf 80' lang='lat'>168.</span> <span class='ocrx_word' id='word_1_419' title='bbox 945 4982 978 5031; x_wconf 84' lang='lat'>25</span> <span class='ocrx_word' id='word_1_420' title='bbox 989 4969 1055 5033; x_wconf 83' lang='lat'><strong>(37).</strong></span> <span class='ocrx_word' id='word_1_421' title='bbox 1067 4970 1115 5031; x_wconf 84' lang='lat'>89:</span> <span class='ocrx_word' id='word_1_422' title='bbox 1134 4971 1238 5020; x_wconf 84' lang='lat' dir='ltr'>‘vnum</span> <span class='ocrx_word' id='word_1_423' title='bbox 1248 4969 1302 5021; x_wconf 88' lang='lat' dir='ltr'>hoo</span> <span class='ocrx_word' id='word_1_424' title='bbox 1312 4969 1419 5022; x_wconf 82' lang='lat' dir='ltr'>animal</span> <span class='ocrx_word' id='word_1_425' title='bbox 1429 4975 1516 5023; x_wconf 67' lang='lat' dir='ltr'>terra</span> 
     </span>
     <span class='ocr_line' id='line_1_50' title="bbox 354 5034 1307 5102; baseline 0.001 -15"><span class='ocrx_word' id='word_1_426' title='bbox 354 5051 413 5102; x_wconf 86' lang='lat'><strong>²79·</strong></span> <span class='ocrx_word' id='word_1_427' title='bbox 431 5035 573 5099; x_wconf 86' lang='lat' dir='ltr'>crocodili]</span> <span class='ocrx_word' id='word_1_428' title='bbox 595 5036 638 5088; x_wconf 80' lang='lat' dir='ltr'>Of.</span> <span class='ocrx_word' id='word_1_429' title='bbox 658 5035 742 5101; x_wconf 85' lang='lat' dir='ltr'>Pliny</span> <span class='ocrx_word' id='word_1_430' title='bbox 758 5034 796 5088; x_wconf 84' lang='lat' dir='ltr'>N.</span> <span class='ocrx_word' id='word_1_431' title='bbox 814 5034 851 5087; x_wconf 82' lang='lat' dir='ltr'>H.</span> <span class='ocrx_word' id='word_1_432' title='bbox 868 5038 894 5088; x_wconf 83' lang='grc'>8.</span> <span class='ocrx_word' id='word_1_433' title='bbox 944 5035 1307 5102; x_wconf 74' lang='lat' dir='ltr'>strehngnaevsucaret‘.</span> 
     </span>
    </p>
   </div>
   <div class='ocr_carea' id='block_1_4' title="bbox 0 0 2036 5900">
    <p class='ocr_par' dir='ltr' id='par_1_6' title="bbox 0 0 2036 5900">
     <span class='ocr_line' id='line_1_51' title="bbox 0 0 2036 5900; baseline 0 0"><span class='ocrx_word' id='word_1_434' title='bbox 0 0 2036 5900; x_wconf 95' lang='lat' dir='ltr'> </span> 
     </span>
    </p>
   </div>
  </div>
 </body>
</html>
