4042 5900
517 646 578 708 140
865 643 1365 709 iusuaasoraassuos
1618 650 1713 727 [1531

452 826 502 877 295
514 806 648 884 rapiant
661 804 781 883 quibus
795 804 852 865 illo
865 811 917 866 est
930 823 1031 884 opus:
1052 809 1088 866 et
1102 806 1156 866 oui
1169 805 1304 866 tandem
1318 823 1385 866 non
1399 810 1451 866 est
1465 810 1571 886 opus?
1592 812 1633 867 vt
1646 807 1714 869 iam

515 888 577 949 hoc
591 887 699 949 multo
713 888 816 967 magis
831 888 875 949 sit
889 888 1000 949 fauere
1016 886 1086 962 sibi,
1101 907 1202 967 quam
1217 888 1359 950 Bebelio.

557 970 620 1032 Sed
641 977 680 1032 vt
701 971 745 1032 ad
766 978 800 1033 te
821 971 961 1044 redeam,
984 971 1161 1033 clarissime
1182 973 1317 1046 iuuenis,
1340 973 1407 1034 scio
1429 978 1463 1033 te
1484 974 1519 1032 iii
1540 972 1601 1034 hoc
1624 973 1712 1035 Peri·

514 1056 660 1134 patetico
674 1053 808 1115 solitum
825 1054 966 1115 libenter
982 1061 1170 1134 περιπατεῖν,
1184 1054 1340 1116 libentius
1356 1057 1457 1116 etiam
1479 1055 1711 1118 obambulatu-

514 1157 597 1211 rum,
628 1156 730 1217 quum
759 1139 869 1199 omnia
893 1138 1143 1217 deprehenderis
1170 1139 1370 1218 purgatiora.
1415 1139 1556 1201 Proinde
1584 1146 1624 1199 vt
1649 1139 1713 1201 huc

452 1245 502 1294 3αο
514 1220 641 1282 hortari
662 1227 696 1281 te
717 1240 826 1282 serum
845 1222 997 1295 arbitror,
1020 1223 1068 1283 ite
1089 1228 1128 1282 vt
1148 1240 1263 1301 pergas
1282 1222 1425 1283 excitare
1445 1241 1512 1283 non
1532 1222 1714 1284 admodum

514 1310 598 1384 puto
612 1306 840 1377 necessarium,
858 1306 915 1383 qui
934 1310 988 1366 tot
1005 1304 1164 1403 exemplis
1184 1304 1370 1366 domesticis
1393 1305 1537 1385 undique
1556 1307 1714 1386 pungeris

514 1387 790 1467 extimulerisque,
815 1393 855 1448 vt
878 1390 1030 1467 quamuis
1053 1390 1181 1468 pigrum
1205 1408 1244 1448 ac
1268 1388 1555 1450 somniculosum'
1545 1390 1714 1468 ingenium

514 1473 618 1551 possit
632 1471 674 1532 ad
690 1472 870 1550 sapientiae
884 1471 1031 1532 studium
1041 1473 1189 1532 excitari.
1232 1470 1316 1532 Hic
1307 1491 1377 1552 ipse
1387 1471 1582 1533 Aristoteles
1592 1472 1715 1533 dixisse

514 1554 628 1627 fertur,
644 1554 706 1614 sibi
717 1561 814 1634 turpe
822 1574 892 1615 esse
900 1554 993 1615 silere
1001 1555 1158 1634 loquente
1166 1555 1370 1617 Xenocrate:
1386 1554 1481 1635 longe
1492 1574 1571 1616 vero
1582 1557 1714 1635 turpius

452 1660 501 1711 3⁰5
514 1637 577 1699 tibi
600 1637 701 1698 fuerit
723 1656 790 1699 non
812 1637 1044 1717 philosophari,
1066 1657 1169 1717 quum
1189 1638 1303 1699 videas
1324 1640 1466 1718 optimas
1487 1657 1615 1700 sorores
1636 1645 1714 1700 tuas

515 1720 743 1800 Margaretam,
764 1720 931 1794 Amisiam,
953 1719 1105 1782 Oeciliam
1127 1728 1198 1782 tam
1219 1721 1333 1783 sedulo
1354 1728 1489 1801 tamque
1513 1722 1653 1784 feliciter
1676 1723 1714 1782 iii

514 1805 684 1883 utriusque
699 1804 829 1883 linguae
839 1804 1053 1884 scriptoribus
1064 1806 1195 1866 versari.
1231 1804 1427 1884 Quanquam
1436 1807 1584 1867 omnium
1594 1807 1713 1866 acerri-

514 1905 606 1948 mum
620 1887 663 1947 ad
678 1906 808 1948 omnem
823 1889 982 1948 virtutem
997 1887 1105 1949 calcar
1125 1907 1196 1949 esse
1215 1887 1314 1949 debet
1332 1890 1383 1949 vir
1402 1889 1553 1950 omnibus
1567 1890 1713 1950 numeris

514 1970 687 2032 absolutus
700 1976 795 2050 pater
809 1976 887 2031 tuus
907 1970 1051 2032 Thomas
1071 1970 1192 2045 Morus,
1210 1974 1267 2050 qui
1281 1973 1385 2051 magis
1403 1978 1437 2032 te
1451 1974 1565 2052 genuit
1578 1973 1713 2033 institu-

452 2076 502 2126 310
514 2055 603 2115 tione
618 2073 718 2133 quam
732 2060 861 2127 natura,
874 2056 926 2115 et
916 2073 952 2115 in
960 2073 1027 2133 quo
1037 2054 1173 2115 velutin
1184 2054 1316 2134 speculo
1323 2055 1415 2116 vides
1423 2074 1493 2116 esse
1504 2056 1712 2117 verissimum

395 2132 397 2138 ’
514 2137 603 2216 quod
618 2137 724 2198 dicere
738 2137 855 2198 solitus
869 2144 921 2198 est
934 2137 1137 2211 Aristoteles,
1153 2137 1318 2198 κάλλιστον
1334 2137 1457 2216 ἐφόδων
1473 2137 1551 2199 εἶναι
1567 2144 1613 2217 τῷ
1629 2138 1713 2218 γήρᾳ

514 2219 664 2281 παιδείαν.
707 2217 874 2299 Siquidem
899 2220 961 2282 hoc
985 2241 1106 2301 magna
1130 2241 1172 2281 ex
1196 2227 1291 2319 parte
1316 2221 1414 2283 debet
1441 2222 1545 2283 literis
1569 2222 1660 2301 quod
1680 2224 1713 2283 ei

513 2305 732 2382 munerique
746 2323 812 2365 non
825 2303 916 2364 aliud
930 2303 983 2365 vel
996 2304 1177 2365 secundum
1191 2306 1312 2385 regiam
1324 2306 1518 2384 dignitatem
1529 2306 1711 2385 augustius,

514 2387 568 2448 vel
586 2387 630 2448 ad
652 2387 734 2447 bene
755 2387 933 2467 gerendum
954 2387 1126 2461 difficilius,
1148 2407 1216 2449 non
1237 2388 1335 2449 modo
1357 2408 1515 2468 paresne,
1538 2408 1655 2450 verum
1676 2395 1712 2450 et

452 2493 501 2543 31⁵
514 2489 681 2550 superesse
695 2476 814 2549 potest.
858 2470 953 2544 Quod
967 2477 1081 2531 tamen
1092 2472 1209 2549 ipsum,
1219 2472 1281 2531 nisi
1290 2490 1423 2550 prorsus
1433 2473 1547 2551 ignoro
1555 2478 1711 2533 naturam

514 2553 610 2627 illius,
631 2553 839 2633 perlubenter
857 2559 1067 2614 recusaturus
1084 2560 1166 2631 erat,
1185 2554 1213 2614 si
1230 2553 1283 2614 vel
1300 2553 1383 2633 phas
1397 2554 1557 2616 iudicaret
1571 2574 1711 2634 usquam

513 2656 580 2699 non
599 2656 724 2698 morem
745 2655 855 2715 gerere
877 2636 975 2715 Regis
997 2638 1115 2715 optimi
1136 2635 1312 2709 voluntati,
1334 2637 1386 2698 vel
1401 2640 1492 2717 pium
1505 2639 1711 2700 existimaret

513 2721 640 2800 patriae
655 2720 869 2782 concordibus
883 2719 1046 2798 suffragiis
1060 2740 1098 2781 ao
1113 2719 1245 2799 publica
1259 2739 1339 2781 voce
1359 2720 1422 2782 huc
1444 2722 1577 2782 vocanti
1596 2740 1709 2801 perne·

513 2822 589 2883 gare
603 2804 804 2882 obsequium.
841 2802 925 2876 Quin
938 2808 974 2863 et
987 2802 1070 2864 illud
1083 2803 1182 2864 debet
1195 2802 1429 2883 philosophiae,
1444 2804 1534 2883 quod
1544 2823 1604 2865 nec
1613 2810 1711 2866 tanta

451 2908 502 2959 320
514 2886 655 2967 dignitas
665 2885 835 2948 tantillum
844 2887 892 2948 illi
900 2886 1030 2948 addidit
1039 2886 1200 2968 supercilii
1211 2906 1271 2948 nec
1280 2889 1487 2968 negociorum
1493 2887 1638 2968 vndique
1648 2889 1707 2949 cir-

514 2971 920 3050 cumstrepentiumvndae
929 2972 1104 3050 quicquam
1114 2971 1709 3050 depristinacomitatediminuerunt.

556 3054 658 3115 Video
673 3054 865 3115 iamdudum
879 3054 1053 3133 epistolam
1068 3055 1222 3116 excedere
1237 3055 1381 3129 modum,
1400 3054 1458 3116 sed
1477 3055 1645 3116 dimittam
1665 3061 1710 3128 te,

514 3138 542 3198 si
555 3138 617 3197 tibi
632 3137 739 3198 adhuc
753 3157 856 3199 vnum
871 3137 1117 3198 Aristotelicum
1131 3138 1373 3218 apophthegma
1392 3158 1593 3200 recensuere.
1636 3137 1710 3200 cui-

513 3220 591 3281 dam
615 3222 754 3281 iactanti
775 3240 844 3281 sese
865 3221 954 3300 quod
975 3221 1104 3300 amplae
1124 3221 1324 3301 celebrisque
1346 3224 1492 3283 ciuitatis
1513 3228 1599 3283 esset
1618 3223 1710 3295 ciuis,

451 3333 500 3385 325
514 3303 600 3377 Noli,
615 3305 732 3383 inquit,
747 3305 832 3365 istuc
852 3311 1009 3384 spectare,
1030 3305 1089 3365 sed
1107 3304 1254 3385 expende
1274 3325 1355 3366 num
1372 3305 1493 3366 illustri
1512 3307 1648 3366 ciuitate
1667 3306 1711 3366 sis

513 3387 640 3466 dignus.
684 3386 804 3448 Itidem
819 3395 858 3448 tu
872 3406 1013 3466 quoque,
1028 3389 1074 3449 mi
1088 3388 1236 3461 Ioannes,
1252 3390 1369 3450 merito
1388 3389 1520 3467 gloriari
1534 3390 1657 3468 poteris
1676 3395 1710 3448 te

513 3470 574 3615 ffili
595 3475 702 3615 patrei
711 3477 918 3550 prognatum,
941 3473 977 3545 si,
997 3471 1086 3551 quod
1102 3472 1193 3544 facis,
1216 3472 1322 3532 adniti
1341 3491 1456 3552 pergas
1478 3477 1517 3533 vt
1537 3470 1596 3533 tali
1615 3476 1711 3552 patre

593 3573 631 3615 us
645 3573 679 3613 vi
702 3573 785 3615 eare.

547 3573 680 3698 g1¹)1atuin
705 3638 795 3717 apud
819 3637 1015 3716 Friburgum
1042 3636 1218 3716 Brisgoiae,
1244 3639 1287 3700 iii.
1314 3638 1390 3699 Kal.
1415 3638 1561 3699 Martias.
1613 3638 1710 3699 Anno

451 3750 502 3800 330
514 3720 648 3793 domini,
663 3737 834 3783 M.D.xxx1.

778 3895 925 3979 24332⁴⁸⁴
972 3891 1079 3957 Fron
1096 3889 1214 3957 Sinon
1231 3889 1444 3956 (iniussus.

550 4012 686 4084 Grynaei
699 4011 904 4084 Epistolaep.
921 4027 984 4067 121.
1440 4011 1575 4078 <Basle.)

1340 4096 1383 4153 <c
1397 4087 1558 4156 February
1573 4092 1672 4154 1531.)

546 4189 627 4251 [This
644 4189 730 4239 letter
746 4189 804 4240 and
821 4190 859 4239 its
876 4205 985 4240 auswer
1001 4205 1055 4240 can
1072 4190 1107 4240 be
1126 4188 1356 4266 approximately
1371 4188 1458 4238 dated
1478 4188 1517 4251 by
1533 4202 1596 4237 com
1635 4187 1711 4236 rison

513 4256 583 4308 with
594 4256 670 4321 Epp.
683 4270 759 4320 2412,
771 4271 846 4320 2422.
882 4257 907 4306 A
919 4257 1031 4307 further
1042 4256 1197 4306 indication
1208 4256 1238 4306 oi
1253 4255 1342 4305 date
1334 4271 1358 4304 is
1374 4254 1521 4305 furnished
1536 4253 1575 4318 by
1608 4255 1709 4317 ,28-33

513 4323 605 4374 which
621 4325 699 4373 show
717 4324 783 4373 that
799 4324 850 4373 the
867 4323 941 4373 title·
982 4323 1063 4388 geoi
1079 4322 1191 4373 Bebel’s
1208 4321 1344 4372 Aristotle
1361 4337 1419 4371 was
1440 4321 1556 4385 already
1573 4321 1709 4387 printing.

513 4390 573 4441 The
581 4389 722 4456 colophon
732 4394 764 4439 to
775 4390 826 4440 the
837 4339 1067 4441 Aristotl⁰beara
1078 4389 1145 4439 date
1159 4403 1190 4452 13
1201 4388 1369 4453 'thargelion
1381 4388 1480 4453 (May),
1493 4401 1573 4452 153i;
1591 4387 1649 4438 and
1660 4386 1710 4437 the

515 4458 631 4522 pretaee
643 4405 709 4523 (pEp.
723 4456 821 4521 2432)
813 4472 837 4505 is
849 4457 937 4507 dated
949 4457 1150 4521 27Feb.1531
1152 4455 1163 4518 ]

762 4548 839 4600 2432.
857 4563 924 4613 323-
924 4566 949 4614 4.
967 4547 1086 4598 Ciiidam
1098 4548 1278 4612 scripsimus.
1296 4547 1448 4607 Quidama
1431 4567 1456 4597 α.

546 4674 621 4724 2432.
640 4688 700 4737 3ο3.
729 4673 907 4735 Aristoteles]
935 4673 1085 4738 Apophtli„
1170 4686 1228 4736 311.
1248 4670 1710 4737 Adstoteles]Apophth.‚Lib.vii‚

514 4740 576 4792 Lib.
589 4741 638 4800 vii,
651 4742 771 4792 Aristot.
787 4755 810 4791 ι.
1137 4740 1256 4790 Aristot.
1268 4753 1310 4804 ²7·

548 4810 605 4871 306.
624 4807 771 4870 Aloisiam]
828 4807 929 4857 Moie’s
982 4806 1087 4857 second
1170 4819 1230 4869 313.
1248 4807 1370 4867 muneri]
1446 4806 1524 4857 More
1596 4805 1711 4855 became

514 4874 655 4939 daughter
693 4889 752 4925 was
790 4873 892 4924 named
929 4872 1086 4924 Elisabeth.
1137 4872 1295 4923 cbancellor
1305 4887 1338 4934 25
1350 4873 1414 4923 Oet.
1429 4885 1503 4935 1529.

514 4940 650 4991 Erasmus
663 4942 762 4992 makes
775 4956 794 4991 a
806 4939 912 4992 similar
924 4941 1046 4992 mistake
1058 4941 1088 4990 in
1171 4953 1230 5003 323.
1248 4940 1471 5001 Aristotelicum]
1483 4939 1635 5004 Apophth„
1647 4938 1710 4990 Lib.

514 5006 569 5073 Ep.
581 5021 640 5069 999.
656 5021 712 5073 175.
1138 5007 1187 5067 vii,
1199 5007 1319 5058 Aristot.
1335 5008 1375 5058 18.
