<?xml version="1.0" encoding="UTF-8"?>
<!DOCTYPE html PUBLIC "-//W3C//DTD XHTML 1.0 Transitional//EN"
    "http://www.w3.org/TR/xhtml1/DTD/xhtml1-transitional.dtd">
<html xmlns="http://www.w3.org/1999/xhtml" xml:lang="en" lang="en">
 <head>
  <title>
</title>
<meta http-equiv="Content-Type" content="text/html;charset=utf-8" />
  <meta name='ocr-system' content='tesseract 3.04.00' />
  <meta name='ocr-capabilities' content='ocr_page ocr_carea ocr_par ocr_line ocrx_word'/>
</head>
<body>
  <div class='ocr_page' id='page_1' title='image "./opusepistolarum02garrgoog_0222.png"; bbox 0 0 4042 5900; ppageno 0'>
   <div class='ocr_carea' id='block_1_1' title="bbox 525 662 1716 743">
    <p class='ocr_par' dir='ltr' id='par_1_1' title="bbox 525 662 1716 743">
     <span class='ocr_line' id='line_1_1' title="bbox 525 662 1716 743; baseline 0.002 -19"><span class='ocrx_word' id='word_1_1' title='bbox 525 663 586 725; x_wconf 84' lang='lat' dir='ltr'><strong>ras</strong></span> <span class='ocrx_word' id='word_1_2' title='bbox 849 662 1047 727; x_wconf 74' lang='lat' dir='ltr'><strong>narrans</strong></span> <span class='ocrx_word' id='word_1_3' title='bbox 1069 663 1125 727; x_wconf 87' lang='lat' dir='ltr'><strong>or</strong></span> <span class='ocrx_word' id='word_1_4' title='bbox 1145 662 1350 727; x_wconf 75' lang='lat' dir='ltr'><strong>ansanus</strong></span> <span class='ocrx_word' id='word_1_5' title='bbox 1621 666 1716 743; x_wconf 86' lang='lat'>[1531</span> 
     </span>
    </p>
   </div>
   <div class='ocr_carea' id='block_1_2' title="bbox 478 823 1721 1821">
    <p class='ocr_par' dir='ltr' id='par_1_2' title="bbox 523 823 1719 986">
     <span class='ocr_line' id='line_1_2' title="bbox 524 823 1719 903; baseline 0.002 -19"><span class='ocrx_word' id='word_1_6' title='bbox 524 823 650 896; x_wconf 90' lang='lat' dir='ltr'><strong>tiorem,</strong></span> <span class='ocrx_word' id='word_1_7' title='bbox 665 842 855 902; x_wconf 90' lang='lat' dir='ltr'><strong>quanquam</strong></span> <span class='ocrx_word' id='word_1_8' title='bbox 868 824 1022 885; x_wconf 87' lang='lat' dir='ltr'><strong>existimo</strong></span> <span class='ocrx_word' id='word_1_9' title='bbox 1036 842 1315 903; x_wconf 89' lang='lat' dir='ltr'><strong>superuacaneum</strong></span> <span class='ocrx_word' id='word_1_10' title='bbox 1332 842 1434 896; x_wconf 88' lang='lat' dir='ltr'><strong>orare,</strong></span> <span class='ocrx_word' id='word_1_11' title='bbox 1450 842 1507 885; x_wconf 93' lang='lat' dir='ltr'><strong>oro</strong></span> <span class='ocrx_word' id='word_1_12' title='bbox 1521 829 1644 898; x_wconf 88' lang='lat' dir='ltr'><strong>tamen,</strong></span> <span class='ocrx_word' id='word_1_13' title='bbox 1658 843 1719 886; x_wconf 91' lang='lat' dir='ltr'><strong>nec</strong></span> 
     </span>
     <span class='ocr_line' id='line_1_3' title="bbox 523 904 1368 986; baseline 0.001 -19"><span class='ocrx_word' id='word_1_14' title='bbox 523 904 567 967; x_wconf 94' lang='lat' dir='ltr'><strong>ob</strong></span> <span class='ocrx_word' id='word_1_15' title='bbox 581 905 672 967; x_wconf 93' lang='lat' dir='ltr'><strong>aliud</strong></span> <span class='ocrx_word' id='word_1_16' title='bbox 686 906 749 967; x_wconf 87' lang='lat' dir='ltr'><strong>nisi</strong></span> <span class='ocrx_word' id='word_1_17' title='bbox 762 907 851 986; x_wconf 94' lang='lat' dir='ltr'><strong>quod</strong></span> <span class='ocrx_word' id='word_1_18' title='bbox 865 907 900 968; x_wconf 91' lang='lat' dir='ltr'><strong>id</strong></span> <span class='ocrx_word' id='word_1_19' title='bbox 913 925 1117 986; x_wconf 89' lang='lat' dir='ltr'><strong>summopere</strong></span> <span class='ocrx_word' id='word_1_20' title='bbox 1131 908 1236 986; x_wconf 90' lang='lat' dir='ltr'><strong>cupio.</strong></span> <span class='ocrx_word' id='word_1_21' title='bbox 1279 906 1368 968; x_wconf 92' lang='lat' dir='ltr'><strong>Vale.</strong></span> 
     </span>
    </p>

    <p class='ocr_par' dir='ltr' id='par_1_3' title="bbox 565 989 1719 1071">
     <span class='ocr_line' id='line_1_4' title="bbox 565 989 1719 1071; baseline 0.003 -21"><span class='ocrx_word' id='word_1_22' title='bbox 565 989 664 1069; x_wconf 89' lang='lat' dir='ltr'>Apud</span> <span class='ocrx_word' id='word_1_23' title='bbox 683 989 876 1070; x_wconf 85' lang='lat' dir='ltr'><strong>Friburgum</strong></span> <span class='ocrx_word' id='word_1_24' title='bbox 896 991 1041 1070; x_wconf 91' lang='lat' dir='ltr'><strong>Brisgoie</strong></span> <span class='ocrx_word' id='word_1_25' title='bbox 1061 990 1144 1071; x_wconf 88' lang='lat' dir='ltr'><strong>prid.</strong></span> <span class='ocrx_word' id='word_1_26' title='bbox 1165 990 1214 1051; x_wconf 93' lang='lat' dir='ltr'><strong>Id.</strong></span> <span class='ocrx_word' id='word_1_27' title='bbox 1235 989 1332 1051; x_wconf 86' lang='lat' dir='ltr'><strong>Mart.</strong></span> <span class='ocrx_word' id='word_1_28' title='bbox 1353 991 1415 1052; x_wconf 91' lang='lat' dir='ltr'><strong>An.</strong></span> <span class='ocrx_word' id='word_1_29' title='bbox 1435 1009 1456 1051; x_wconf 91' lang='lat' dir='ltr'><strong>a</strong></span> <span class='ocrx_word' id='word_1_30' title='bbox 1475 989 1608 1052; x_wconf 86' lang='lat' dir='ltr'><strong>Christo</strong></span> <span class='ocrx_word' id='word_1_31' title='bbox 1627 997 1719 1054; x_wconf 87' lang='lat' dir='ltr'><strong>nato.</strong></span> 
     </span>
    </p>

    <p class='ocr_par' dir='ltr' id='par_1_4' title="bbox 478 1087 616 1149">
     <span class='ocr_line' id='line_1_5' title="bbox 478 1087 616 1149; baseline 0 -16"><span class='ocrx_word' id='word_1_32' title='bbox 478 1091 511 1143; x_wconf 83' lang='lat'><strong>75</strong></span> <span class='ocrx_word' id='word_1_33' title='bbox 525 1087 616 1149; x_wconf 84' lang='lat'><strong>1531.</strong></span> 
     </span>
    </p>

    <p class='ocr_par' dir='ltr' id='par_1_5' title="bbox 523 1155 1721 1485">
     <span class='ocr_line' id='line_1_6' title="bbox 566 1155 1721 1230; baseline 0.003 -14"><span class='ocrx_word' id='word_1_34' title='bbox 566 1156 611 1217; x_wconf 91' lang='lat' dir='ltr'><strong>Vt</strong></span> <span class='ocrx_word' id='word_1_35' title='bbox 624 1155 757 1217; x_wconf 89' lang='lat' dir='ltr'><strong>liberius</strong></span> <span class='ocrx_word' id='word_1_36' title='bbox 767 1156 809 1217; x_wconf 89' lang='lat' dir='ltr'><strong>ad</strong></span> <span class='ocrx_word' id='word_1_37' title='bbox 818 1163 852 1218; x_wconf 93' lang='lat' dir='ltr'><strong>te</strong></span> <span class='ocrx_word' id='word_1_38' title='bbox 862 1157 1035 1219; x_wconf 78' lang='lat' dir='ltr'><strong>scriberem</strong></span> <span class='ocrx_word' id='word_1_39' title='bbox 1049 1158 1083 1217; x_wconf 91' lang='lat' dir='ltr'><strong>in</strong></span> <span class='ocrx_word' id='word_1_40' title='bbox 1094 1176 1193 1218; x_wconf 90' lang='lat' dir='ltr'><strong>causa</strong></span> <span class='ocrx_word' id='word_1_41' title='bbox 1203 1156 1269 1218; x_wconf 89' lang='lat' dir='ltr'><strong>fuit</strong></span> <span class='ocrx_word' id='word_1_42' title='bbox 1277 1156 1425 1217; x_wconf 88' lang='lat' dir='ltr'><strong>Andreas</strong></span> <span class='ocrx_word' id='word_1_43' title='bbox 1435 1155 1577 1230; x_wconf 82' lang='lat' dir='ltr'><strong>Conritz‚</strong></span> <span class='ocrx_word' id='word_1_44' title='bbox 1590 1159 1721 1219; x_wconf 86' lang='lat' dir='ltr'><strong>iuuenis</strong></span> 
     </span>
     <span class='ocr_line' id='line_1_7' title="bbox 523 1239 1721 1319; baseline 0.002 -19"><span class='ocrx_word' id='word_1_45' title='bbox 523 1239 719 1317; x_wconf 76' lang='lat' dir='ltr'><strong>imaginibus</strong></span> <span class='ocrx_word' id='word_1_46' title='bbox 733 1240 849 1313; x_wconf 85' lang='lat' dir='ltr'><strong>clarus,</strong></span> <span class='ocrx_word' id='word_1_47' title='bbox 865 1247 900 1301; x_wconf 91' lang='lat' dir='ltr'><strong>et</strong></span> <span class='ocrx_word' id='word_1_48' title='bbox 913 1242 947 1301; x_wconf 94' lang='lat' dir='ltr'><strong>in</strong></span> <span class='ocrx_word' id='word_1_49' title='bbox 960 1241 1221 1319; x_wconf 86' lang='lat' dir='ltr'><strong>iurisperitorum</strong></span> <span class='ocrx_word' id='word_1_50' title='bbox 1236 1240 1339 1301; x_wconf 89' lang='lat' dir='ltr'><strong>literis</strong></span> <span class='ocrx_word' id='word_1_51' title='bbox 1349 1239 1521 1319; x_wconf 91' lang='lat' dir='ltr'><strong>diligenter</strong></span> <span class='ocrx_word' id='word_1_52' title='bbox 1531 1260 1570 1302; x_wconf 89' lang='lat' dir='ltr'><strong>ac</strong></span> <span class='ocrx_word' id='word_1_53' title='bbox 1580 1240 1721 1302; x_wconf 84' lang='lat' dir='ltr'><strong>feliciter</strong></span> 
     </span>
     <span class='ocr_line' id='line_1_8' title="bbox 523 1321 1721 1403; baseline 0.003 -20"><span class='ocrx_word' id='word_1_54' title='bbox 523 1324 750 1384; x_wconf 73' lang='lat' dir='ltr'><strong>excercitatus.</strong></span> <span class='ocrx_word' id='word_1_55' title='bbox 779 1323 943 1385; x_wconf 90' lang='lat' dir='ltr'><strong>Mihicum</strong></span> <span class='ocrx_word' id='word_1_56' title='bbox 953 1323 1056 1385; x_wconf 81' lang='lat' dir='ltr'><strong>fratre</strong></span> <span class='ocrx_word' id='word_1_57' title='bbox 1067 1343 1127 1384; x_wconf 88' lang='lat' dir='ltr'><strong>suo</strong></span> <span class='ocrx_word' id='word_1_58' title='bbox 1136 1321 1369 1403; x_wconf 77' lang='lat' dir='ltr'><strong>christophoro</strong></span> <span class='ocrx_word' id='word_1_59' title='bbox 1377 1322 1556 1386; x_wconf 88' lang='lat' dir='ltr'><strong>domestico</strong></span> <span class='ocrx_word' id='word_1_60' title='bbox 1564 1326 1721 1386; x_wconf 89' lang='lat' dir='ltr'><strong>conuictu</strong></span> 
     </span>
     <span class='ocr_line' id='line_1_9' title="bbox 524 1407 1720 1485; baseline 0.002 -19"><span class='ocrx_word' id='word_1_61' title='bbox 524 1411 624 1467; x_wconf 91' lang='lat' dir='ltr'><strong>notus</strong></span> <span class='ocrx_word' id='word_1_62' title='bbox 639 1412 871 1485; x_wconf 74' lang='lat' dir='ltr'><strong>spectatusque</strong></span> <span class='ocrx_word' id='word_1_63' title='bbox 885 1412 945 1480; x_wconf 87' lang='lat' dir='ltr'><strong>est,</strong></span> <span class='ocrx_word' id='word_1_64' title='bbox 961 1412 1063 1485; x_wconf 88' lang='lat' dir='ltr'><strong>atque</strong></span> <span class='ocrx_word' id='word_1_65' title='bbox 1076 1408 1178 1468; x_wconf 89' lang='lat' dir='ltr'><strong>etiam</strong></span> <span class='ocrx_word' id='word_1_66' title='bbox 1192 1425 1303 1467; x_wconf 91' lang='lat' dir='ltr'><strong>mense</strong></span> <span class='ocrx_word' id='word_1_67' title='bbox 1317 1409 1499 1469; x_wconf 86' lang='lat' dir='ltr'><strong>communis</strong></span> <span class='ocrx_word' id='word_1_68' title='bbox 1513 1407 1657 1485; x_wconf 90' lang='lat' dir='ltr'><strong>salisque</strong></span> <span class='ocrx_word' id='word_1_69' title='bbox 1672 1427 1720 1468; x_wconf 94' lang='lat' dir='ltr'><strong>re-</strong></span> 
     </span>
    </p>

    <p class='ocr_par' dir='ltr' id='par_1_6' title="bbox 478 1487 1721 1821">
     <span class='ocr_line' id='line_1_10' title="bbox 478 1487 1721 1569; baseline 0.002 -18"><span class='ocrx_word' id='word_1_70' title='bbox 478 1493 512 1542; x_wconf 83' lang='lat' dir='ltr'><strong>so</strong></span> <span class='ocrx_word' id='word_1_71' title='bbox 524 1487 642 1569; x_wconf 89' lang='lat' dir='ltr'><strong>ligione</strong></span> <span class='ocrx_word' id='word_1_72' title='bbox 656 1489 852 1551; x_wconf 86' lang='lat' dir='ltr'><strong>foederatus.</strong></span> <span class='ocrx_word' id='word_1_73' title='bbox 889 1490 975 1551; x_wconf 84' lang='lat' dir='ltr'><strong>Eum</strong></span> <span class='ocrx_word' id='word_1_74' title='bbox 989 1490 1132 1551; x_wconf 81' lang='lat' dir='ltr'><strong>arbitror</strong></span> <span class='ocrx_word' id='word_1_75' title='bbox 1145 1495 1181 1552; x_wconf 91' lang='lat' dir='ltr'><strong>et</strong></span> <span class='ocrx_word' id='word_1_76' title='bbox 1195 1490 1256 1551; x_wconf 91' lang='lat' dir='ltr'><strong>tibi</strong></span> <span class='ocrx_word' id='word_1_77' title='bbox 1270 1495 1387 1552; x_wconf 93' lang='lat' dir='ltr'><strong>notum</strong></span> <span class='ocrx_word' id='word_1_78' title='bbox 1401 1510 1490 1552; x_wconf 88' lang='lat' dir='ltr'><strong>esse:</strong></span> <span class='ocrx_word' id='word_1_79' title='bbox 1506 1496 1566 1551; x_wconf 89' lang='lat' dir='ltr'><strong>aut</strong></span> <span class='ocrx_word' id='word_1_80' title='bbox 1580 1492 1609 1551; x_wconf 87' lang='lat' dir='ltr'><strong>si</strong></span> <span class='ocrx_word' id='word_1_81' title='bbox 1618 1496 1721 1553; x_wconf 89' lang='lat' dir='ltr'><strong>notus</strong></span> 
     </span>
     <span class='ocr_line' id='line_1_11' title="bbox 524 1574 1425 1654; baseline 0.002 -21"><span class='ocrx_word' id='word_1_82' title='bbox 524 1578 664 1647; x_wconf 87' lang='lat' dir='ltr'><strong>nonest,</strong></span> <span class='ocrx_word' id='word_1_83' title='bbox 679 1592 781 1652; x_wconf 91' lang='lat' dir='ltr'><strong>queso</strong></span> <span class='ocrx_word' id='word_1_84' title='bbox 796 1579 830 1634; x_wconf 93' lang='lat' dir='ltr'><strong>te</strong></span> <span class='ocrx_word' id='word_1_85' title='bbox 844 1579 883 1635; x_wconf 91' lang='lat' dir='ltr'><strong>vt</strong></span> <span class='ocrx_word' id='word_1_86' title='bbox 897 1593 938 1634; x_wconf 90' lang='lat' dir='ltr'><strong>ne</strong></span> <span class='ocrx_word' id='word_1_87' title='bbox 952 1574 1063 1653; x_wconf 88' lang='lat' dir='ltr'><strong>pigeat</strong></span> <span class='ocrx_word' id='word_1_88' title='bbox 1076 1592 1268 1652; x_wconf 82' lang='lat' dir='ltr'><strong>cognoscere</strong></span> <span class='ocrx_word' id='word_1_89' title='bbox 1282 1575 1425 1654; x_wconf 89' lang='lat' dir='ltr'><strong>propius.</strong></span> 
     </span>
     <span class='ocr_line' id='line_1_12' title="bbox 1431 1656 1678 1719; baseline 0.004 -1"><span class='ocrx_word' id='word_1_90' title='bbox 1431 1657 1577 1718; x_wconf 88' lang='lat' dir='ltr'><strong>Rursum</strong></span> <span class='ocrx_word' id='word_1_91' title='bbox 1592 1656 1678 1719; x_wconf 86' lang='lat' dir='ltr'><strong>vala.</strong></span> 
     </span>
     <span class='ocr_line' id='line_1_13' title="bbox 932 1739 1678 1821; baseline 0.003 -21"><span class='ocrx_word' id='word_1_92' title='bbox 932 1739 1007 1801; x_wconf 88' lang='lat' dir='ltr'><strong>Des.</strong></span> <span class='ocrx_word' id='word_1_93' title='bbox 1024 1740 1179 1801; x_wconf 87' lang='lat' dir='ltr'><strong>Erasmus</strong></span> <span class='ocrx_word' id='word_1_94' title='bbox 1194 1741 1272 1802; x_wconf 86' lang='lat' dir='ltr'><strong>Rot.</strong></span> <span class='ocrx_word' id='word_1_95' title='bbox 1288 1759 1361 1801; x_wconf 92' lang='lat' dir='ltr'><strong>mea</strong></span> <span class='ocrx_word' id='word_1_96' title='bbox 1375 1760 1476 1801; x_wconf 91' lang='lat' dir='ltr'><strong>manu</strong></span> <span class='ocrx_word' id='word_1_97' title='bbox 1490 1739 1678 1821; x_wconf 86' lang='lat' dir='ltr'><strong>subscripsi.</strong></span> 
     </span>
    </p>
   </div>
   <div class='ocr_carea' id='block_1_3' title="bbox 565 1847 990 1928">
    <p class='ocr_par' dir='ltr' id='par_1_7' title="bbox 565 1847 990 1928">
     <span class='ocr_line' id='line_1_14' title="bbox 565 1847 990 1928; baseline 0.002 -19"><span class='ocrx_word' id='word_1_98' title='bbox 565 1848 693 1910; x_wconf 81' lang='lat' dir='ltr'><strong>Clarias.</strong></span> <span class='ocrx_word' id='word_1_99' title='bbox 709 1848 749 1910; x_wconf 90' lang='lat' dir='ltr'><strong>D.</strong></span> <span class='ocrx_word' id='word_1_100' title='bbox 766 1847 852 1909; x_wconf 91' lang='lat' dir='ltr'><strong>Iulio</strong></span> <span class='ocrx_word' id='word_1_101' title='bbox 866 1847 990 1928; x_wconf 89' lang='lat' dir='ltr'><strong>Pflugg.</strong></span> 
     </span>
    </p>
   </div>
   <div class='ocr_carea' id='block_1_4' title="bbox 746 2033 1496 2102">
    <p class='ocr_par' dir='ltr' id='par_1_8' title="bbox 746 2033 1496 2102">
     <span class='ocr_line' id='line_1_15' title="bbox 746 2033 1496 2102; baseline 0 -2"><span class='ocrx_word' id='word_1_102' title='bbox 746 2040 846 2102; x_wconf 81' lang='lat'><strong>2452.</strong></span> <span class='ocrx_word' id='word_1_103' title='bbox 892 2035 945 2101; x_wconf 86' lang='lat' dir='ltr'><strong>To</strong></span> <span class='ocrx_word' id='word_1_104' title='bbox 968 2035 1079 2100; x_wconf 79' lang='lat' dir='ltr'><strong>Duxn</strong></span> <span class='ocrx_word' id='word_1_105' title='bbox 1103 2033 1254 2101; x_wconf 80' lang='lat' dir='ltr'><strong>Gronau</strong></span> <span class='ocrx_word' id='word_1_106' title='bbox 1278 2052 1323 2101; x_wconf 83' lang='lat' dir='ltr'><strong>or</strong></span> <span class='ocrx_word' id='word_1_107' title='bbox 1346 2033 1496 2102; x_wconf 76' lang='lat' dir='ltr'><strong>Ssxour</strong></span> 
     </span>
    </p>
   </div>
   <div class='ocr_carea' id='block_1_5' title="bbox 560 2161 1681 2310">
    <p class='ocr_par' dir='ltr' id='par_1_9' title="bbox 560 2161 1681 2310">
     <span class='ocr_line' id='line_1_16' title="bbox 560 2161 1634 2236; baseline 0.001 -17"><span class='ocrx_word' id='word_1_108' title='bbox 560 2163 765 2236; x_wconf 84' lang='lat' dir='ltr'><strong>Copenhagen</strong></span> <span class='ocrx_word' id='word_1_109' title='bbox 777 2162 841 2218; x_wconf 75' lang='lat' dir='ltr'><strong>tis.</strong></span> <span class='ocrx_word' id='word_1_110' title='bbox 856 2162 892 2218; x_wconf 87' lang='lat' dir='ltr'><strong>G.</strong></span> <span class='ocrx_word' id='word_1_111' title='bbox 907 2164 948 2218; x_wconf 91' lang='grc' dir='ltr'><strong>Κ.</strong></span> <span class='ocrx_word' id='word_1_112' title='bbox 964 2162 994 2218; x_wconf 79' lang='grc' dir='ltr'><strong>Β.</strong></span> <span class='ocrx_word' id='word_1_113' title='bbox 1009 2178 1046 2231; x_wconf 85' lang='grc'><strong>95</strong></span> <span class='ocrx_word' id='word_1_114' title='bbox 1060 2161 1136 2227; x_wconf 89' lang='lat' dir='ltr'><strong>Fol.,</strong></span> <span class='ocrx_word' id='word_1_115' title='bbox 1151 2163 1173 2218; x_wconf 82' lang='lat' dir='ltr'><strong>f.</strong></span> <span class='ocrx_word' id='word_1_116' title='bbox 1189 2175 1244 2231; x_wconf 89' lang='lat'><strong>217</strong></span> <span class='ocrx_word' id='word_1_117' title='bbox 1257 2167 1307 2234; x_wconf 79' lang='grc' dir='ltr'><strong>(α).</strong></span> <span class='ocrx_word' id='word_1_118' title='bbox 1475 2164 1634 2235; x_wconf 81' lang='lat' dir='ltr'><strong>Freiburg.</strong></span> 
     </span>
     <span class='ocr_line' id='line_1_17' title="bbox 561 2237 1681 2310; baseline 0.002 -17"><span class='ocrx_word' id='word_1_119' title='bbox 561 2238 666 2294; x_wconf 83' lang='lat' dir='ltr'><strong>Gotha</strong></span> <span class='ocrx_word' id='word_1_120' title='bbox 678 2237 742 2294; x_wconf 85' lang='lat' dir='ltr'><strong>MS.</strong></span> <span class='ocrx_word' id='word_1_121' title='bbox 756 2238 857 2294; x_wconf 88' lang='lat' dir='ltr'><strong>Ducal</strong></span> <span class='ocrx_word' id='word_1_122' title='bbox 870 2238 1012 2310; x_wconf 87' lang='lat' dir='ltr'><strong>Library,</strong></span> <span class='ocrx_word' id='word_1_123' title='bbox 1026 2239 1131 2294; x_wconf 88' lang='lat' dir='ltr'><strong>Chart.</strong></span> <span class='ocrx_word' id='word_1_124' title='bbox 1146 2239 1184 2293; x_wconf 86' lang='grc' dir='ltr'><strong>Α.</strong></span> <span class='ocrx_word' id='word_1_125' title='bbox 1199 2251 1265 2307; x_wconf 76' lang='lat'><strong>379.</strong></span> <span class='ocrx_word' id='word_1_126' title='bbox 1425 2253 1459 2307; x_wconf 81' lang='lat'><strong>15</strong></span> <span class='ocrx_word' id='word_1_127' title='bbox 1472 2239 1581 2294; x_wconf 86' lang='lat' dir='ltr'><strong>March</strong></span> <span class='ocrx_word' id='word_1_128' title='bbox 1596 2254 1681 2309; x_wconf 85' lang='lat'><strong>1531.</strong></span> 
     </span>
    </p>
   </div>
   <div class='ocr_carea' id='block_1_6' title="bbox 523 2314 1722 2781">
    <p class='ocr_par' dir='ltr' id='par_1_10' title="bbox 523 2314 1722 2781">
     <span class='ocr_line' id='line_1_18' title="bbox 560 2314 1342 2460; baseline -0.003 -15"><span class='ocrx_word' id='word_1_129' title='bbox 560 2314 766 2460; x_wconf 47' lang='lat' dir='ltr'><strong>J.11).430(?›K.</strong></span> <span class='ocrx_word' id='word_1_130' title='bbox 780 2405 811 2459; x_wconf 88' lang='lat' dir='ltr'><strong>p.</strong></span> <span class='ocrx_word' id='word_1_131' title='bbox 825 2400 878 2459; x_wconf 84' lang='lat'><strong>74:</strong></span> <span class='ocrx_word' id='word_1_132' title='bbox 898 2387 938 2443; x_wconf 89' lang='lat' dir='ltr'><strong>N.</strong></span> <span class='ocrx_word' id='word_1_133' title='bbox 952 2406 983 2460; x_wconf 90' lang='lat' dir='ltr'><strong>p.</strong></span> <span class='ocrx_word' id='word_1_134' title='bbox 997 2404 1069 2456; x_wconf 87' lang='lat'>999:</span> <span class='ocrx_word' id='word_1_135' title='bbox 1089 2389 1188 2444; x_wconf 88' lang='lat' dir='ltr'><strong>Lond.</strong></span> <span class='ocrx_word' id='word_1_136' title='bbox 1201 2406 1274 2444; x_wconf 85' lang='lat' dir='ltr'><strong>xxv.</strong></span> <span class='ocrx_word' id='word_1_137' title='bbox 1288 2403 1342 2460; x_wconf 82' lang='lat'><strong>43:</strong></span> 
     </span>
     <span class='ocr_line' id='line_1_19' title="bbox 599 2464 760 2530; baseline 0 -12"><span class='ocrx_word' id='word_1_138' title='bbox 599 2464 663 2519; x_wconf 91' lang='lat' dir='ltr'><strong>LB.</strong></span> <span class='ocrx_word' id='word_1_139' title='bbox 679 2467 760 2530; x_wconf 87' lang='lat'>1169.</span> 
     </span>
     <span class='ocr_line' id='line_1_20' title="bbox 557 2580 1722 2647; baseline 0.002 -15"><span class='ocrx_word' id='word_1_140' title='bbox 557 2582 604 2644; x_wconf 91' lang='lat' dir='ltr'><strong>[In</strong></span> <span class='ocrx_word' id='word_1_141' title='bbox 615 2582 745 2634; x_wconf 89' lang='lat' dir='ltr'><strong>addition</strong></span> <span class='ocrx_word' id='word_1_142' title='bbox 756 2589 787 2633; x_wconf 90' lang='lat' dir='ltr'><strong>to</strong></span> <span class='ocrx_word' id='word_1_143' title='bbox 798 2582 943 2633; x_wconf 84' lang='lat' dir='ltr'><strong>Erasmus’</strong></span> <span class='ocrx_word' id='word_1_144' title='bbox 956 2582 1137 2647; x_wconf 73' lang='lat' dir='ltr'><strong>roughdrait</strong></span> <span class='ocrx_word' id='word_1_145' title='bbox 1149 2583 1200 2642; x_wconf 79' lang='lat' dir='ltr'><strong>(cl)</strong></span> <span class='ocrx_word' id='word_1_146' title='bbox 1213 2581 1325 2631; x_wconf 86' lang='lat' dir='ltr'><strong>revisod</strong></span> <span class='ocrx_word' id='word_1_147' title='bbox 1331 2580 1432 2631; x_wconf 88' lang='lat' dir='ltr'><strong>laterb</strong></span> <span class='ocrx_word' id='word_1_148' title='bbox 1458 2581 1518 2632; x_wconf 89' lang='lat' dir='ltr'><strong>him</strong></span> <span class='ocrx_word' id='word_1_149' title='bbox 1525 2582 1576 2644; x_wconf 70' lang='grc' dir='ltr'><strong>(α’)</strong></span> <span class='ocrx_word' id='word_1_150' title='bbox 1584 2581 1643 2632; x_wconf 86' lang='lat' dir='ltr'><strong>and</strong></span> <span class='ocrx_word' id='word_1_151' title='bbox 1648 2583 1722 2634; x_wconf 77' lang='lat' dir='ltr'><strong>with</strong></span> 
     </span>
     <span class='ocr_line' id='line_1_21' title="bbox 523 2648 1721 2715; baseline 0.002 -16"><span class='ocrx_word' id='word_1_152' title='bbox 523 2664 542 2699; x_wconf 86' lang='lat' dir='ltr'><strong>a</strong></span> <span class='ocrx_word' id='word_1_153' title='bbox 558 2649 680 2715; x_wconf 82' lang='lat' dir='ltr'><strong>heading</strong></span> <span class='ocrx_word' id='word_1_154' title='bbox 696 2649 736 2715; x_wconf 88' lang='lat' dir='ltr'><strong>by</strong></span> <span class='ocrx_word' id='word_1_155' title='bbox 752 2665 770 2700; x_wconf 89' lang='lat' dir='ltr'><strong>a</strong></span> <span class='ocrx_word' id='word_1_156' title='bbox 786 2655 929 2714; x_wconf 85' lang='lat' dir='ltr'><strong>socratary</strong></span> <span class='ocrx_word' id='word_1_157' title='bbox 946 2650 1007 2709; x_wconf 62' lang='grc' dir='ltr'><strong>(αθ),</strong></span> <span class='ocrx_word' id='word_1_158' title='bbox 1026 2664 1068 2699; x_wconf 87' lang='lat' dir='ltr'><strong>we</strong></span> <span class='ocrx_word' id='word_1_159' title='bbox 1084 2649 1158 2700; x_wconf 87' lang='lat' dir='ltr'><strong>havs</strong></span> <span class='ocrx_word' id='word_1_160' title='bbox 1172 2649 1222 2699; x_wconf 90' lang='lat' dir='ltr'><strong>the</strong></span> <span class='ocrx_word' id='word_1_161' title='bbox 1237 2648 1323 2699; x_wconf 84' lang='lat' dir='ltr'><strong>letter</strong></span> <span class='ocrx_word' id='word_1_162' title='bbox 1335 2655 1421 2699; x_wconf 84' lang='lat' dir='ltr'><strong>actua</strong></span> <span class='ocrx_word' id='word_1_163' title='bbox 1442 2654 1537 2713; x_wconf 87' lang='lat' dir='ltr'><strong>yaent</strong></span> <span class='ocrx_word' id='word_1_164' title='bbox 1551 2648 1591 2713; x_wconf 79' lang='grc' dir='ltr'><strong>(β)</strong></span> <span class='ocrx_word' id='word_1_165' title='bbox 1603 2650 1721 2701; x_wconf 82' lang='lat' dir='ltr'><strong>written</strong></span> 
     </span>
     <span class='ocr_line' id='line_1_22' title="bbox 523 2714 1720 2781; baseline 0.001 -15"><span class='ocrx_word' id='word_1_166' title='bbox 523 2716 582 2766; x_wconf 87' lang='lat' dir='ltr'><strong>and</strong></span> <span class='ocrx_word' id='word_1_167' title='bbox 592 2716 746 2766; x_wconf 88' lang='lat' dir='ltr'><strong>addressed</strong></span> <span class='ocrx_word' id='word_1_168' title='bbox 756 2717 795 2781; x_wconf 85' lang='lat' dir='ltr'><strong>by</strong></span> <span class='ocrx_word' id='word_1_169' title='bbox 805 2731 824 2766; x_wconf 88' lang='lat' dir='ltr'><strong>a</strong></span> <span class='ocrx_word' id='word_1_170' title='bbox 834 2722 976 2780; x_wconf 86' lang='lat' dir='ltr'><strong>secretary</strong></span> <span class='ocrx_word' id='word_1_171' title='bbox 985 2714 1048 2779; x_wconf 64' lang='lat'><strong>(8¹),</strong></span> <span class='ocrx_word' id='word_1_172' title='bbox 1060 2714 1203 2766; x_wconf 86' lang='lat' dir='ltr'><strong>corrected</strong></span> <span class='ocrx_word' id='word_1_173' title='bbox 1214 2714 1272 2766; x_wconf 88' lang='lat' dir='ltr'><strong>and</strong></span> <span class='ocrx_word' id='word_1_174' title='bbox 1283 2715 1449 2765; x_wconf 90' lang='lat' dir='ltr'><strong>subscribed</strong></span> <span class='ocrx_word' id='word_1_175' title='bbox 1460 2716 1499 2780; x_wconf 85' lang='lat' dir='ltr'><strong>by</strong></span> <span class='ocrx_word' id='word_1_176' title='bbox 1508 2715 1644 2766; x_wconf 86' lang='lat' dir='ltr'><strong>Erasmus</strong></span> <span class='ocrx_word' id='word_1_177' title='bbox 1655 2715 1720 2780; x_wconf 61' lang='grc' dir='ltr'><strong>(β’).</strong></span> 
     </span>
    </p>
   </div>
   <div class='ocr_carea' id='block_1_7' title="bbox 523 2782 1721 2912">
    <p class='ocr_par' dir='ltr' id='par_1_11' title="bbox 523 2782 1721 2912">
     <span class='ocr_line' id='line_1_23' title="bbox 524 2782 1721 2848; baseline 0.001 -15"><span class='ocrx_word' id='word_1_178' title='bbox 524 2782 584 2833; x_wconf 81' lang='lat' dir='ltr'><strong>&#39;l&#39;he</strong></span> <span class='ocrx_word' id='word_1_179' title='bbox 599 2783 695 2834; x_wconf 77' lang='lat' dir='ltr'><strong>Gotho</strong></span> <span class='ocrx_word' id='word_1_180' title='bbox 710 2796 758 2833; x_wconf 75' lang='lat' dir='ltr'><strong>us.</strong></span> <span class='ocrx_word' id='word_1_181' title='bbox 770 2783 891 2833; x_wconf 87' lang='lat' dir='ltr'><strong>consists</strong></span> <span class='ocrx_word' id='word_1_182' title='bbox 906 2784 936 2833; x_wconf 89' lang='lat' dir='ltr'><strong>of</strong></span> <span class='ocrx_word' id='word_1_183' title='bbox 956 2783 1065 2842; x_wconf 85' lang='lat' dir='ltr'><strong>letters,</strong></span> <span class='ocrx_word' id='word_1_184' title='bbox 1077 2782 1183 2848; x_wconf 88' lang='lat' dir='ltr'><strong>mostly</strong></span> <span class='ocrx_word' id='word_1_185' title='bbox 1197 2782 1325 2848; x_wconf 88' lang='lat' dir='ltr'><strong>original,</strong></span> <span class='ocrx_word' id='word_1_186' title='bbox 1336 2797 1423 2848; x_wconf 84' lang='lat' dir='ltr'><strong>many</strong></span> <span class='ocrx_word' id='word_1_187' title='bbox 1434 2783 1465 2833; x_wconf 88' lang='lat' dir='ltr'><strong>oi</strong></span> <span class='ocrx_word' id='word_1_188' title='bbox 1479 2782 1559 2835; x_wconf 87' lang='lat' dir='ltr'><strong>them</strong></span> <span class='ocrx_word' id='word_1_189' title='bbox 1573 2783 1675 2834; x_wconf 87' lang='lat' dir='ltr'><strong>letters</strong></span> <span class='ocrx_word' id='word_1_190' title='bbox 1691 2785 1721 2834; x_wconf 86' lang='lat' dir='ltr'><strong>oi</strong></span> 
     </span>
     <span class='ocr_line' id='line_1_24' title="bbox 523 2849 934 2912; baseline 0 -13"><span class='ocrx_word' id='word_1_191' title='bbox 523 2849 632 2899; x_wconf 87' lang='lat' dir='ltr'><strong>Luthar</strong></span> <span class='ocrx_word' id='word_1_192' title='bbox 642 2850 700 2900; x_wconf 85' lang='lat' dir='ltr'><strong>and</strong></span> <span class='ocrx_word' id='word_1_193' title='bbox 710 2850 934 2912; x_wconf 85' lang='lat' dir='ltr'><strong>Melanchthon.]</strong></span> 
     </span>
    </p>
   </div>
   <div class='ocr_carea' id='block_1_8' title="bbox 900 2974 1340 3021">
    <p class='ocr_par' dir='ltr' id='par_1_12' title="bbox 900 2974 1340 3021">
     <span class='ocr_line' id='line_1_25' title="bbox 900 2974 1340 3021; baseline 0 -1"><span class='ocrx_word' id='word_1_194' title='bbox 900 2974 1051 3021; x_wconf 72' lang='lat' dir='ltr'><strong>anonam</strong></span> <span class='ocrx_word' id='word_1_195' title='bbox 1065 2974 1237 3019; x_wconf 61' lang='lat' dir='ltr'><strong>saxorum</strong></span> <span class='ocrx_word' id='word_1_196' title='bbox 1249 2974 1340 3020; x_wconf 79' lang='lat' dir='ltr'><strong>uvel.</strong></span> 
     </span>
    </p>
   </div>
   <div class='ocr_carea' id='block_1_9' title="bbox 480 3064 1722 4147">
    <p class='ocr_par' dir='ltr' id='par_1_13' title="bbox 524 3064 1722 3396">
     <span class='ocr_line' id='line_1_26' title="bbox 566 3064 1722 3146; baseline 0 -18"><span class='ocrx_word' id='word_1_197' title='bbox 566 3064 597 3128; x_wconf 82' lang='lat' dir='ltr'><strong>S.</strong></span> <span class='ocrx_word' id='word_1_198' title='bbox 614 3067 649 3127; x_wconf 94' lang='lat' dir='ltr'><strong>P.</strong></span> <span class='ocrx_word' id='word_1_199' title='bbox 693 3066 765 3128; x_wconf 92' lang='lat' dir='ltr'><strong>Iam</strong></span> <span class='ocrx_word' id='word_1_200' title='bbox 786 3066 863 3127; x_wconf 92' lang='lat' dir='ltr'><strong>olim</strong></span> <span class='ocrx_word' id='word_1_201' title='bbox 886 3068 1019 3146; x_wconf 89' lang='lat' dir='ltr'><strong>quidam</strong></span> <span class='ocrx_word' id='word_1_202' title='bbox 1040 3066 1262 3146; x_wconf 90' lang='lat' dir='ltr'><strong>compluribus</strong></span> <span class='ocrx_word' id='word_1_203' title='bbox 1287 3067 1488 3146; x_wconf 83' lang='lat' dir='ltr'><strong>argumentis</strong></span> <span class='ocrx_word' id='word_1_204' title='bbox 1511 3071 1722 3145; x_wconf 90' lang='lat' dir='ltr'><strong>perspectum</strong></span> 
     </span>
     <span class='ocr_line' id='line_1_27' title="bbox 524 3149 1720 3230; baseline 0.001 -20"><span class='ocrx_word' id='word_1_205' title='bbox 524 3149 649 3211; x_wconf 86' lang='lat' dir='ltr'><strong>habens</strong></span> <span class='ocrx_word' id='word_1_206' title='bbox 657 3149 895 3211; x_wconf 90' lang='lat' dir='ltr'><strong>illustrissimae</strong></span> <span class='ocrx_word' id='word_1_207' title='bbox 906 3157 984 3211; x_wconf 89' lang='lat' dir='ltr'><strong>tuae</strong></span> <span class='ocrx_word' id='word_1_208' title='bbox 994 3150 1196 3211; x_wconf 91' lang='lat' dir='ltr'><strong>celsitudinis</strong></span> <span class='ocrx_word' id='word_1_209' title='bbox 1205 3169 1281 3230; x_wconf 92' lang='lat' dir='ltr'><strong>erga</strong></span> <span class='ocrx_word' id='word_1_210' title='bbox 1290 3170 1343 3211; x_wconf 90' lang='lat' dir='ltr'><strong>me</strong></span> <span class='ocrx_word' id='word_1_211' title='bbox 1353 3169 1549 3229; x_wconf 89' lang='lat' dir='ltr'><strong>propensum</strong></span> <span class='ocrx_word' id='word_1_212' title='bbox 1560 3150 1720 3225; x_wconf 79' lang='lat' dir='ltr'><strong>fauorem,</strong></span> 
     </span>
     <span class='ocr_line' id='line_1_28' title="bbox 524 3232 1720 3314; baseline 0.002 -21"><span class='ocrx_word' id='word_1_213' title='bbox 524 3240 559 3294; x_wconf 94' lang='lat' dir='ltr'><strong>et</strong></span> <span class='ocrx_word' id='word_1_214' title='bbox 573 3233 796 3313; x_wconf 90' lang='lat' dir='ltr'><strong>intelligebam</strong></span> <span class='ocrx_word' id='word_1_215' title='bbox 811 3240 846 3295; x_wconf 88' lang='lat' dir='ltr'><strong>et</strong></span> <span class='ocrx_word' id='word_1_216' title='bbox 860 3233 1039 3313; x_wconf 90' lang='lat' dir='ltr'><strong>profitebar</strong></span> <span class='ocrx_word' id='word_1_217' title='bbox 1052 3253 1104 3294; x_wconf 93' lang='lat' dir='ltr'><strong>me</strong></span> <span class='ocrx_word' id='word_1_218' title='bbox 1118 3233 1167 3294; x_wconf 93' lang='lat' dir='ltr'><strong>illi</strong></span> <span class='ocrx_word' id='word_1_219' title='bbox 1181 3232 1330 3314; x_wconf 92' lang='lat' dir='ltr'><strong>plurimis</strong></span> <span class='ocrx_word' id='word_1_220' title='bbox 1344 3235 1559 3313; x_wconf 78' lang='lat' dir='ltr'><strong>maximisque</strong></span> <span class='ocrx_word' id='word_1_221' title='bbox 1580 3235 1720 3295; x_wconf 92' lang='lat' dir='ltr'><strong>nomini-</strong></span> 
     </span>
     <span class='ocr_line' id='line_1_29' title="bbox 525 3315 1722 3396; baseline 0.002 -19"><span class='ocrx_word' id='word_1_222' title='bbox 525 3316 587 3377; x_wconf 92' lang='lat' dir='ltr'><strong>bus</strong></span> <span class='ocrx_word' id='word_1_223' title='bbox 605 3317 787 3396; x_wconf 91' lang='lat' dir='ltr'><strong>obligatum</strong></span> <span class='ocrx_word' id='word_1_224' title='bbox 809 3336 886 3378; x_wconf 90' lang='lat' dir='ltr'><strong>esse.</strong></span> <span class='ocrx_word' id='word_1_225' title='bbox 931 3316 1053 3378; x_wconf 90' lang='lat' dir='ltr'><strong>Verum</strong></span> <span class='ocrx_word' id='word_1_226' title='bbox 1073 3335 1178 3395; x_wconf 88' lang='lat' dir='ltr'><strong>nuper</strong></span> <span class='ocrx_word' id='word_1_227' title='bbox 1194 3316 1397 3395; x_wconf 89' lang='lat' dir='ltr'><strong>grauioribus</strong></span> <span class='ocrx_word' id='word_1_228' title='bbox 1414 3318 1514 3377; x_wconf 89' lang='lat' dir='ltr'><strong>etiam</strong></span> <span class='ocrx_word' id='word_1_229' title='bbox 1532 3315 1722 3379; x_wconf 88' lang='lat' dir='ltr'><strong>nominibus</strong></span> 
     </span>
    </p>

    <p class='ocr_par' dir='ltr' id='par_1_14' title="bbox 480 3398 1722 4147">
     <span class='ocr_line' id='line_1_30' title="bbox 495 3398 1721 3479; baseline 0.001 -19"><span class='ocrx_word' id='word_1_230' title='bbox 495 3419 577 3471; x_wconf 75' lang='lat' dir='ltr'><strong>sme</strong></span> <span class='ocrx_word' id='word_1_231' title='bbox 588 3400 650 3460; x_wconf 95' lang='lat' dir='ltr'><strong>sibi</strong></span> <span class='ocrx_word' id='word_1_232' title='bbox 660 3399 804 3461; x_wconf 88' lang='lat' dir='ltr'><strong>reddidit</strong></span> <span class='ocrx_word' id='word_1_233' title='bbox 815 3400 1051 3479; x_wconf 77' lang='lat' dir='ltr'><strong>obligatiorem,</strong></span> <span class='ocrx_word' id='word_1_234' title='bbox 1067 3401 1239 3479; x_wconf 87' lang='lat' dir='ltr'><strong>praecipue</strong></span> <span class='ocrx_word' id='word_1_235' title='bbox 1254 3398 1393 3461; x_wconf 91' lang='lat' dir='ltr'><strong>duobus.</strong></span> <span class='ocrx_word' id='word_1_236' title='bbox 1436 3399 1550 3461; x_wconf 88' lang='lat' dir='ltr'><strong>Altero</strong></span> <span class='ocrx_word' id='word_1_237' title='bbox 1565 3399 1664 3479; x_wconf 89' lang='lat' dir='ltr'><strong>quod,</strong></span> <span class='ocrx_word' id='word_1_238' title='bbox 1680 3407 1721 3461; x_wconf 91' lang='lat' dir='ltr'><strong>vt</strong></span> 
     </span>
     <span class='ocr_line' id='line_1_31' title="bbox 524 3482 1721 3563; baseline 0.001 -20"><span class='ocrx_word' id='word_1_239' title='bbox 524 3502 566 3544; x_wconf 91' lang='lat' dir='ltr'><strong>ex</strong></span> <span class='ocrx_word' id='word_1_240' title='bbox 577 3483 696 3545; x_wconf 88' lang='lat' dir='ltr'><strong>litteris</strong></span> <span class='ocrx_word' id='word_1_241' title='bbox 707 3484 748 3545; x_wconf 86' lang='lat' dir='ltr'><strong>R.</strong></span> <span class='ocrx_word' id='word_1_242' title='bbox 765 3483 805 3544; x_wconf 94' lang='lat' dir='ltr'><strong>D.</strong></span> <span class='ocrx_word' id='word_1_243' title='bbox 821 3482 1047 3563; x_wconf 78' lang='lat' dir='ltr'><strong>christophori</strong></span> <span class='ocrx_word' id='word_1_244' title='bbox 1061 3484 1204 3563; x_wconf 89' lang='lat' dir='ltr'><strong>episcopi</strong></span> <span class='ocrx_word' id='word_1_245' title='bbox 1214 3483 1428 3562; x_wconf 87' lang='lat' dir='ltr'><strong>Augustensis</strong></span> <span class='ocrx_word' id='word_1_246' title='bbox 1442 3485 1560 3563; x_wconf 90' lang='lat' dir='ltr'><strong>accepi,</strong></span> <span class='ocrx_word' id='word_1_247' title='bbox 1576 3489 1671 3544; x_wconf 91' lang='lat' dir='ltr'><strong>tuam</strong></span> <span class='ocrx_word' id='word_1_248' title='bbox 1686 3484 1721 3544; x_wconf 93' lang='lat' dir='ltr'><strong>in</strong></span> 
     </span>
     <span class='ocr_line' id='line_1_32' title="bbox 524 3565 1722 3646; baseline -0.001 -19"><span class='ocrx_word' id='word_1_249' title='bbox 524 3565 698 3628; x_wconf 85' lang='lat' dir='ltr'><strong>Erasmum</strong></span> <span class='ocrx_word' id='word_1_250' title='bbox 721 3566 985 3628; x_wconf 88' lang='lat' dir='ltr'><strong>beneuolentiam</strong></span> <span class='ocrx_word' id='word_1_251' title='bbox 1006 3567 1097 3646; x_wconf 92' lang='lat' dir='ltr'><strong>apud</strong></span> <span class='ocrx_word' id='word_1_252' title='bbox 1117 3566 1246 3645; x_wconf 87' lang='lat' dir='ltr'><strong>aliquot</strong></span> <span class='ocrx_word' id='word_1_253' title='bbox 1266 3565 1430 3626; x_wconf 86' lang='lat' dir='ltr'><strong>Ecclesiae</strong></span> <span class='ocrx_word' id='word_1_254' title='bbox 1452 3585 1610 3645; x_wconf 85' lang='lat' dir='ltr'><strong>proceres,</strong></span> <span class='ocrx_word' id='word_1_255' title='bbox 1632 3567 1722 3627; x_wconf 88' lang='lat' dir='ltr'><strong>inter</strong></span> 
     </span>
     <span class='ocr_line' id='line_1_33' title="bbox 524 3648 1720 3730; baseline -0.002 -19"><span class='ocrx_word' id='word_1_256' title='bbox 524 3669 607 3729; x_wconf 87' lang='lat' dir='ltr'><strong>quos</strong></span> <span class='ocrx_word' id='word_1_257' title='bbox 643 3657 737 3710; x_wconf 92' lang='lat' dir='ltr'><strong>erant</strong></span> <span class='ocrx_word' id='word_1_258' title='bbox 773 3649 867 3712; x_wconf 85' lang='lat' dir='ltr'><strong>Oard.</strong></span> <span class='ocrx_word' id='word_1_259' title='bbox 899 3649 1094 3730; x_wconf 84' lang='lat' dir='ltr'><strong>Campegius</strong></span> <span class='ocrx_word' id='word_1_260' title='bbox 1129 3655 1164 3710; x_wconf 90' lang='lat' dir='ltr'><strong>et</strong></span> <span class='ocrx_word' id='word_1_261' title='bbox 1199 3648 1294 3710; x_wconf 85' lang='lat' dir='ltr'><strong>Card.</strong></span> <span class='ocrx_word' id='word_1_262' title='bbox 1332 3648 1528 3723; x_wconf 83' lang='lat' dir='ltr'><strong>Leodiensis,</strong></span> <span class='ocrx_word' id='word_1_263' title='bbox 1564 3649 1720 3727; x_wconf 84' lang='lat' dir='ltr'><strong>dignatus</strong></span> 
     </span>
     <span class='ocr_line' id='line_1_34' title="bbox 525 3732 1720 3814; baseline -0.003 -19"><span class='ocrx_word' id='word_1_264' title='bbox 525 3753 560 3794; x_wconf 89' lang='lat' dir='ltr'><strong>es</strong></span> <span class='ocrx_word' id='word_1_265' title='bbox 573 3733 728 3814; x_wconf 88' lang='lat' dir='ltr'><strong>profiteri.</strong></span> <span class='ocrx_word' id='word_1_266' title='bbox 773 3732 844 3807; x_wconf 85' lang='lat' dir='ltr'><strong>Quo</strong></span> <span class='ocrx_word' id='word_1_267' title='bbox 859 3734 990 3812; x_wconf 92' lang='lat' dir='ltr'><strong>quidem</strong></span> <span class='ocrx_word' id='word_1_268' title='bbox 1006 3734 1196 3794; x_wconf 86' lang='lat' dir='ltr'><strong>testimonio</strong></span> <span class='ocrx_word' id='word_1_269' title='bbox 1215 3732 1358 3794; x_wconf 90' lang='lat' dir='ltr'><strong>arbitror</strong></span> <span class='ocrx_word' id='word_1_270' title='bbox 1379 3733 1563 3793; x_wconf 89' lang='lat' dir='ltr'><strong>ornamenti</strong></span> <span class='ocrx_word' id='word_1_271' title='bbox 1577 3732 1720 3811; x_wconf 89' lang='lat' dir='ltr'><strong>dignita·</strong></span> 
     </span>
     <span class='ocr_line' id='line_1_35' title="bbox 480 3814 1720 3896; baseline 0 -19"><span class='ocrx_word' id='word_1_272' title='bbox 480 3818 632 3896; x_wconf 88' lang='lat' dir='ltr'><strong>rotisque</strong></span> <span class='ocrx_word' id='word_1_273' title='bbox 661 3836 734 3878; x_wconf 90' lang='lat' dir='ltr'><strong>meo</strong></span> <span class='ocrx_word' id='word_1_274' title='bbox 762 3818 885 3878; x_wconf 88' lang='lat' dir='ltr'><strong>nomini</strong></span> <span class='ocrx_word' id='word_1_275' title='bbox 913 3836 980 3878; x_wconf 91' lang='lat' dir='ltr'><strong>non</strong></span> <span class='ocrx_word' id='word_1_276' title='bbox 1013 3836 1131 3896; x_wconf 87' lang='lat' dir='ltr'><strong>parum</strong></span> <span class='ocrx_word' id='word_1_277' title='bbox 1165 3817 1343 3877; x_wconf 87' lang='lat' dir='ltr'><strong>accessisse.</strong></span> <span class='ocrx_word' id='word_1_278' title='bbox 1387 3815 1502 3876; x_wconf 89' lang='lat' dir='ltr'><strong>Altero</strong></span> <span class='ocrx_word' id='word_1_279' title='bbox 1530 3814 1619 3894; x_wconf 91' lang='lat' dir='ltr'><strong>quod</strong></span> <span class='ocrx_word' id='word_1_280' title='bbox 1647 3820 1720 3877; x_wconf 89' lang='lat' dir='ltr'><strong>tam</strong></span> 
     </span>
     <span class='ocr_line' id='line_1_36' title="bbox 524 3897 1721 3979; baseline -0.001 -18"><span class='ocrx_word' id='word_1_281' title='bbox 524 3907 674 3961; x_wconf 88' lang='lat' dir='ltr'><strong>amanter</strong></span> <span class='ocrx_word' id='word_1_282' title='bbox 696 3906 831 3979; x_wconf 92' lang='lat' dir='ltr'><strong>tamque</strong></span> <span class='ocrx_word' id='word_1_283' title='bbox 853 3900 991 3962; x_wconf 89' lang='lat' dir='ltr'><strong>sollicite</strong></span> <span class='ocrx_word' id='word_1_284' title='bbox 1008 3899 1136 3962; x_wconf 87' lang='lat' dir='ltr'><strong>dederis</strong></span> <span class='ocrx_word' id='word_1_285' title='bbox 1156 3918 1289 3979; x_wconf 89' lang='lat' dir='ltr'><strong>operam</strong></span> <span class='ocrx_word' id='word_1_286' title='bbox 1306 3905 1345 3960; x_wconf 84' lang='lat' dir='ltr'><strong>rt</strong></span> <span class='ocrx_word' id='word_1_287' title='bbox 1366 3905 1516 3970; x_wconf 80' lang='lat' dir='ltr'><strong>senectae</strong></span> <span class='ocrx_word' id='word_1_288' title='bbox 1537 3897 1721 3977; x_wconf 88' lang='lat' dir='ltr'><strong>studiisque</strong></span> 
     </span>
     <span class='ocr_line' id='line_1_37' title="bbox 524 3981 1721 4063; baseline -0.002 -19"><span class='ocrx_word' id='word_1_289' title='bbox 524 3985 605 4045; x_wconf 89' lang='lat' dir='ltr'><strong>meis</strong></span> <span class='ocrx_word' id='word_1_290' title='bbox 620 3985 726 4044; x_wconf 92' lang='lat' dir='ltr'><strong>ocium</strong></span> <span class='ocrx_word' id='word_1_291' title='bbox 742 3983 957 4063; x_wconf 89' lang='lat' dir='ltr'><strong>tranquillum</strong></span> <span class='ocrx_word' id='word_1_292' title='bbox 976 4002 1108 4063; x_wconf 88' lang='lat' dir='ltr'><strong>parares</strong></span> <span class='ocrx_word' id='word_1_293' title='bbox 1127 3982 1170 4044; x_wconf 91' lang='lat' dir='ltr'><strong>ab</strong></span> <span class='ocrx_word' id='word_1_294' title='bbox 1190 4001 1238 4056; x_wconf 91' lang='lat' dir='ltr'><strong>eo,</strong></span> <span class='ocrx_word' id='word_1_295' title='bbox 1254 3983 1307 4043; x_wconf 90' lang='lat' dir='ltr'><strong>oui</strong></span> <span class='ocrx_word' id='word_1_296' title='bbox 1326 4002 1386 4062; x_wconf 93' lang='lat' dir='ltr'><strong>pro</strong></span> <span class='ocrx_word' id='word_1_297' title='bbox 1405 3981 1647 4043; x_wconf 88' lang='lat' dir='ltr'><strong>delectamento</strong></span> <span class='ocrx_word' id='word_1_298' title='bbox 1670 3988 1721 4042; x_wconf 90' lang='lat' dir='ltr'><strong>est</strong></span> 
     </span>
     <span class='ocr_line' id='line_1_38' title="bbox 524 4064 1719 4147; baseline -0.002 -19"><span class='ocrx_word' id='word_1_299' title='bbox 524 4067 605 4128; x_wconf 92' lang='lat' dir='ltr'><strong>mihi</strong></span> <span class='ocrx_word' id='word_1_300' title='bbox 621 4069 790 4147; x_wconf 89' lang='lat' dir='ltr'><strong>negocium</strong></span> <span class='ocrx_word' id='word_1_301' title='bbox 809 4067 976 4141; x_wconf 87' lang='lat' dir='ltr'><strong>facessere,</strong></span> <span class='ocrx_word' id='word_1_302' title='bbox 991 4068 1224 4146; x_wconf 86' lang='lat' dir='ltr'><strong>litterariisque</strong></span> <span class='ocrx_word' id='word_1_303' title='bbox 1242 4066 1575 4128; x_wconf 87' lang='lat' dir='ltr'><strong>commentationibus</strong></span> <span class='ocrx_word' id='word_1_304' title='bbox 1594 4064 1719 4126; x_wconf 89' lang='lat' dir='ltr'><strong>obstre-</strong></span> 
     </span>
    </p>
   </div>
   <div class='ocr_carea' id='block_1_10' title="bbox 481 4169 1720 4647">
    <p class='ocr_par' dir='ltr' id='par_1_15' title="bbox 566 4169 609 4212">
     <span class='ocr_line' id='line_1_39' title="bbox 566 4169 609 4212; baseline 0.023 -1"><span class='ocrx_word' id='word_1_305' title='bbox 566 4169 609 4212; x_wconf 93' lang='lat' dir='ltr'><strong>re.</strong></span> 
     </span>
    </p>

    <p class='ocr_par' dir='ltr' id='par_1_16' title="bbox 481 4232 1720 4647">
     <span class='ocr_line' id='line_1_40' title="bbox 481 4232 1719 4313; baseline -0.002 -18"><span class='ocrx_word' id='word_1_306' title='bbox 481 4257 511 4307; x_wconf 82' lang='lat'><strong>15</strong></span> <span class='ocrx_word' id='word_1_307' title='bbox 566 4232 661 4307; x_wconf 81' lang='lat' dir='ltr'><strong>Quod</strong></span> <span class='ocrx_word' id='word_1_308' title='bbox 683 4240 740 4295; x_wconf 88' lang='lat' dir='ltr'><strong>tue</strong></span> <span class='ocrx_word' id='word_1_309' title='bbox 764 4233 977 4295; x_wconf 89' lang='lat' dir='ltr'><strong>sublimitatis</strong></span> <span class='ocrx_word' id='word_1_310' title='bbox 998 4234 1156 4307; x_wconf 86' lang='lat' dir='ltr'><strong>studium,</strong></span> <span class='ocrx_word' id='word_1_311' title='bbox 1175 4239 1345 4313; x_wconf 86' lang='lat' dir='ltr'><strong>vtcunque</strong></span> <span class='ocrx_word' id='word_1_312' title='bbox 1364 4237 1473 4294; x_wconf 89' lang='lat' dir='ltr'><strong>cetera</strong></span> <span class='ocrx_word' id='word_1_313' title='bbox 1495 4250 1610 4292; x_wconf 91' lang='lat' dir='ltr'><strong>casura</strong></span> <span class='ocrx_word' id='word_1_314' title='bbox 1630 4237 1719 4304; x_wconf 90' lang='lat' dir='ltr'><strong>sunt,</strong></span> 
     </span>
     <span class='ocr_line' id='line_1_41' title="bbox 525 4316 1720 4396; baseline -0.002 -19"><span class='ocrx_word' id='word_1_315' title='bbox 525 4316 586 4377; x_wconf 93' lang='lat' dir='ltr'><strong>hoo</strong></span> <span class='ocrx_word' id='word_1_316' title='bbox 600 4324 687 4379; x_wconf 88' lang='lat' dir='ltr'><strong>carte</strong></span> <span class='ocrx_word' id='word_1_317' title='bbox 701 4319 831 4379; x_wconf 89' lang='lat' dir='ltr'><strong>nomine</strong></span> <span class='ocrx_word' id='word_1_318' title='bbox 845 4318 925 4378; x_wconf 92' lang='lat' dir='ltr'><strong>mihi</strong></span> <span class='ocrx_word' id='word_1_319' title='bbox 935 4316 1000 4378; x_wconf 81' lang='lat' dir='ltr'><strong>fuit</strong></span> <span class='ocrx_word' id='word_1_320' title='bbox 1009 4316 1242 4391; x_wconf 80' lang='lat' dir='ltr'><strong>felicissimum,</strong></span> <span class='ocrx_word' id='word_1_321' title='bbox 1253 4317 1342 4396; x_wconf 92' lang='lat' dir='ltr'><strong>quod</strong></span> <span class='ocrx_word' id='word_1_322' title='bbox 1349 4316 1411 4377; x_wconf 91' lang='lat' dir='ltr'><strong>hac</strong></span> <span class='ocrx_word' id='word_1_323' title='bbox 1423 4317 1590 4377; x_wconf 88' lang='lat' dir='ltr'><strong>occasione</strong></span> <span class='ocrx_word' id='word_1_324' title='bbox 1601 4321 1720 4376; x_wconf 88' lang='lat' dir='ltr'><strong>nactus</strong></span> 
     </span>
     <span class='ocr_line' id='line_1_42' title="bbox 524 4397 1716 4479; baseline -0.002 -19"><span class='ocrx_word' id='word_1_325' title='bbox 524 4419 598 4462; x_wconf 90' lang='lat' dir='ltr'><strong>sum</strong></span> <span class='ocrx_word' id='word_1_326' title='bbox 612 4401 793 4461; x_wconf 88' lang='lat' dir='ltr'><strong>amiciciam</strong></span> <span class='ocrx_word' id='word_1_327' title='bbox 808 4401 870 4461; x_wconf 85' lang='lat' dir='ltr'><strong>viri</strong></span> <span class='ocrx_word' id='word_1_328' title='bbox 885 4401 974 4462; x_wconf 93' lang='lat' dir='ltr'><strong>omni</strong></span> <span class='ocrx_word' id='word_1_329' title='bbox 988 4400 1142 4463; x_wconf 88' lang='lat' dir='ltr'><strong>decorum</strong></span> <span class='ocrx_word' id='word_1_330' title='bbox 1162 4420 1278 4479; x_wconf 88' lang='lat' dir='ltr'><strong>genere</strong></span> <span class='ocrx_word' id='word_1_331' title='bbox 1298 4400 1505 4472; x_wconf 89' lang='lat' dir='ltr'><strong>ornatissimi,</strong></span> <span class='ocrx_word' id='word_1_332' title='bbox 1521 4397 1598 4459; x_wconf 92' lang='lat' dir='ltr'><strong>Iulii</strong></span> <span class='ocrx_word' id='word_1_333' title='bbox 1613 4398 1716 4477; x_wconf 88' lang='lat' dir='ltr'><strong>Pflug.</strong></span> 
     </span>
     <span class='ocr_line' id='line_1_43' title="bbox 524 4481 1719 4564; baseline -0.002 -20"><span class='ocrx_word' id='word_1_334' title='bbox 524 4481 624 4545; x_wconf 81' lang='lat' dir='ltr'><strong>Ouius</strong></span> <span class='ocrx_word' id='word_1_335' title='bbox 652 4482 771 4544; x_wconf 87' lang='lat' dir='ltr'><strong>similes</strong></span> <span class='ocrx_word' id='word_1_336' title='bbox 800 4485 927 4544; x_wconf 90' lang='lat' dir='ltr'><strong>vtinam</strong></span> <span class='ocrx_word' id='word_1_337' title='bbox 956 4484 1216 4564; x_wconf 89' lang='lat' dir='ltr'><strong>quamplurimos</strong></span> <span class='ocrx_word' id='word_1_338' title='bbox 1245 4483 1383 4545; x_wconf 89' lang='lat' dir='ltr'><strong>haberet</strong></span> <span class='ocrx_word' id='word_1_339' title='bbox 1408 4481 1593 4544; x_wconf 82' lang='lat' dir='ltr'><strong>Germania.</strong></span> <span class='ocrx_word' id='word_1_340' title='bbox 1638 4481 1719 4543; x_wconf 88' lang='lat' dir='ltr'><strong>Mihi</strong></span> 
     </span>
     <span class='ocr_line' id='line_1_44' title="bbox 524 4566 1719 4647; baseline -0.003 -18"><span class='ocrx_word' id='word_1_341' title='bbox 524 4567 657 4646; x_wconf 92' lang='lat' dir='ltr'><strong>quidem</strong></span> <span class='ocrx_word' id='word_1_342' title='bbox 671 4566 785 4628; x_wconf 86' lang='lat' dir='ltr'><strong>multis</strong></span> <span class='ocrx_word' id='word_1_343' title='bbox 800 4567 840 4628; x_wconf 93' lang='lat' dir='ltr'><strong>de</strong></span> <span class='ocrx_word' id='word_1_344' title='bbox 855 4568 961 4629; x_wconf 87' lang='lat' dir='ltr'><strong>causis</strong></span> <span class='ocrx_word' id='word_1_345' title='bbox 978 4569 1070 4647; x_wconf 90' lang='lat' dir='ltr'><strong>quies</strong></span> <span class='ocrx_word' id='word_1_346' title='bbox 1093 4587 1159 4630; x_wconf 91' lang='lat' dir='ltr'><strong>non</strong></span> <span class='ocrx_word' id='word_1_347' title='bbox 1179 4567 1287 4629; x_wconf 89' lang='lat' dir='ltr'><strong>solum</strong></span> <span class='ocrx_word' id='word_1_348' title='bbox 1306 4567 1514 4647; x_wconf 89' lang='lat' dir='ltr'><strong>optatissima</strong></span> <span class='ocrx_word' id='word_1_349' title='bbox 1528 4572 1589 4639; x_wconf 88' lang='lat' dir='ltr'><strong>est,</strong></span> <span class='ocrx_word' id='word_1_350' title='bbox 1604 4584 1719 4626; x_wconf 86' lang='lat' dir='ltr'><strong>verum</strong></span> 
     </span>
    </p>
   </div>
   <div class='ocr_carea' id='block_1_11' title="bbox 524 4693 1720 4957">
    <p class='ocr_par' dir='ltr' id='par_1_17' title="bbox 524 4693 1720 4957">
     <span class='ocr_line' id='line_1_45' title="bbox 557 4693 1720 4759; baseline -0.003 -15"><span class='ocrx_word' id='word_1_351' title='bbox 557 4694 632 4744; x_wconf 75' lang='lat'><strong>2451.</strong></span> <span class='ocrx_word' id='word_1_352' title='bbox 650 4707 692 4758; x_wconf 87' lang='lat'><strong>72.</strong></span> <span class='ocrx_word' id='word_1_353' title='bbox 710 4707 953 4758; x_wconf 87' lang='lat' dir='ltr'><strong>superuacaneum</strong></span> <span class='ocrx_word' id='word_1_354' title='bbox 966 4708 1047 4744; x_wconf 86' lang='lat' dir='ltr'><strong>orare</strong></span> <span class='ocrx_word' id='word_1_355' title='bbox 1061 4693 1099 4744; x_wconf 85' lang='lat' dir='ltr'><strong>J:</strong></span> <span class='ocrx_word' id='word_1_356' title='bbox 1117 4708 1326 4759; x_wconf 85' lang='lat' dir='ltr'><strong>superuacuum</strong></span> <span class='ocrx_word' id='word_1_357' title='bbox 1341 4707 1436 4743; x_wconf 85' lang='lat' dir='ltr'><strong>orasse</strong></span> <span class='ocrx_word' id='word_1_358' title='bbox 1450 4698 1517 4742; x_wconf 84' lang='lat' dir='ltr'><strong>tec.</strong></span> <span class='ocrx_word' id='word_1_359' title='bbox 1626 4704 1669 4756; x_wconf 85' lang='lat'><strong>77.</strong></span> <span class='ocrx_word' id='word_1_360' title='bbox 1687 4706 1720 4741; x_wconf 86' lang='lat' dir='ltr'><strong>ac</strong></span> 
     </span>
     <span class='ocr_line' id='line_1_46' title="bbox 525 4757 1719 4824; baseline -0.002 -14"><span class='ocrx_word' id='word_1_361' title='bbox 525 4759 749 4812; x_wconf 64' lang='lat' dir='ltr'><strong>feneratam.</strong></span> <span class='ocrx_word' id='word_1_362' title='bbox 806 4760 1004 4812; x_wconf 77' lang='lat' dir='ltr'><strong>80.etom.·l.</strong></span> <span class='ocrx_word' id='word_1_363' title='bbox 1057 4761 1099 4812; x_wconf 84' lang='lat'><strong>82.</strong></span> <span class='ocrx_word' id='word_1_364' title='bbox 1118 4761 1305 4811; x_wconf 85' lang='lat' dir='ltr'><strong>Rursum...</strong></span> <span class='ocrx_word' id='word_1_365' title='bbox 1360 4761 1401 4824; x_wconf 86' lang='lat'><strong>84.</strong></span> <span class='ocrx_word' id='word_1_366' title='bbox 1420 4757 1719 4824; x_wconf 59' lang='lat' dir='ltr'><strong>Pfluggffmmad.</strong></span> 
     </span>
     <span class='ocr_line' id='line_1_47' title="bbox 524 4825 1718 4889; baseline -0.001 -13"><span class='ocrx_word' id='word_1_367' title='bbox 524 4827 599 4877; x_wconf 81' lang='grc'><strong>2452.</strong></span> <span class='ocrx_word' id='word_1_368' title='bbox 617 4828 732 4877; x_wconf 76' lang='lat' dir='ltr'><strong>rrr.c⁸:</strong></span> <span class='ocrx_word' id='word_1_369' title='bbox 750 4826 846 4889; x_wconf 66' lang='lat' dir='ltr'><strong>omli:</strong></span> <span class='ocrx_word' id='word_1_370' title='bbox 864 4839 1029 4877; x_wconf 54' lang='lat' dir='ltr'><strong>sasamon.</strong></span> <span class='ocrx_word' id='word_1_371' title='bbox 1045 4839 1339 4878; x_wconf 77' lang='lat' dir='ltr'><strong>uroaorosaxouun</strong></span> <span class='ocrx_word' id='word_1_372' title='bbox 1353 4838 1460 4875; x_wconf 87' lang='lat' dir='ltr'><strong>nvcrs.</strong></span> <span class='ocrx_word' id='word_1_373' title='bbox 1476 4825 1507 4875; x_wconf 84' lang='lat' dir='ltr'><strong>J.</strong></span> <span class='ocrx_word' id='word_1_374' title='bbox 1572 4840 1595 4875; x_wconf 90' lang='lat'><strong>1.</strong></span> <span class='ocrx_word' id='word_1_375' title='bbox 1608 4838 1631 4874; x_wconf 86' lang='lat' dir='ltr'><strong>s.</strong></span> <span class='ocrx_word' id='word_1_376' title='bbox 1644 4838 1718 4876; x_wconf 68' lang='lat' dir='ltr'><strong>aa:</strong></span> 
     </span>
     <span class='ocr_line' id='line_1_48' title="bbox 524 4891 1719 4957; baseline 0 -14"><span class='ocrx_word' id='word_1_377' title='bbox 524 4893 620 4944; x_wconf 78' lang='lat' dir='ltr'><strong>om.·l.</strong></span> <span class='ocrx_word' id='word_1_378' title='bbox 657 4893 1016 4957; x_wconf 78' lang='lat' dir='ltr'><strong>5.Alteroc:Alterum·l.</strong></span> <span class='ocrx_word' id='word_1_379' title='bbox 1052 4894 1310 4946; x_wconf 80' lang='lat' dir='ltr'><strong>6.litterisodd.a¹.</strong></span> <span class='ocrx_word' id='word_1_380' title='bbox 1349 4891 1719 4943; x_wconf 84' lang='lat' dir='ltr'><strong>10.Alteroc:AlterumJ.</strong></span> 
     </span>
    </p>
   </div>
   <div class='ocr_carea' id='block_1_12' title="bbox 797 5025 1446 5092">
    <p class='ocr_par' dir='ltr' id='par_1_18' title="bbox 797 5025 1446 5092">
     <span class='ocr_line' id='line_1_49' title="bbox 797 5025 1446 5092; baseline 0 -15"><span class='ocrx_word' id='word_1_381' title='bbox 797 5028 839 5092; x_wconf 83' lang='lat'><strong>7⁶·</strong></span> <span class='ocrx_word' id='word_1_382' title='bbox 858 5025 986 5078; x_wconf 79' lang='lat' dir='ltr'><strong>Andreas</strong></span> <span class='ocrx_word' id='word_1_383' title='bbox 997 5026 1121 5090; x_wconf 79' lang='lat' dir='ltr'><strong>Conrita]</strong></span> <span class='ocrx_word' id='word_1_384' title='bbox 1133 5026 1184 5078; x_wconf 79' lang='lat' dir='ltr'><strong>See</strong></span> <span class='ocrx_word' id='word_1_385' title='bbox 1195 5027 1250 5092; x_wconf 82' lang='lat' dir='ltr'><strong>Ep.</strong></span> <span class='ocrx_word' id='word_1_386' title='bbox 1264 5040 1330 5092; x_wconf 79' lang='lat'>2274</span> <span class='ocrx_word' id='word_1_387' title='bbox 1341 5025 1446 5078; x_wconf 90' lang='lat' dir='ltr'><strong>introd.</strong></span> 
     </span>
    </p>
   </div>
   <div class='ocr_carea' id='block_1_13' title="bbox 0 0 2026 5900">
    <p class='ocr_par' dir='ltr' id='par_1_19' title="bbox 0 0 2026 5900">
     <span class='ocr_line' id='line_1_50' title="bbox 0 0 2026 5900; baseline 0 0"><span class='ocrx_word' id='word_1_388' title='bbox 0 0 2026 5900; x_wconf 95' lang='lat' dir='ltr'><strong> </strong></span> 
     </span>
    </p>
   </div>
  </div>
 </body>
</html>
