4042 5900
444 602 507 664 310
793 600 990 665 LETTERS
1012 601 1068 664 OF
1089 600 1295 665 ERASMUS
1557 606 1651 683 [1531

445 760 535 841 apud
545 780 622 822 suos
633 760 800 834 Flandros,
812 762 998 840 inquorum
1012 762 1135 840 gremio
1147 767 1248 822 natus
1260 766 1321 822 est.
1364 760 1523 840 Exigitur
1536 768 1652 824 autem

445 843 642 905 incredibilis
663 845 875 924 pecuniarum
896 863 1034 916 summa,
1056 844 1114 905 sed
1135 844 1235 906 audio
1256 844 1401 905 nondum
1424 844 1469 905 ab
1495 845 1653 907 omnibus

401 949 433 999 ις
445 928 515 989 eius
529 927 662 989 ditionis
676 927 882 1006 portionibus
896 946 1064 988 assensum
1080 946 1158 989 esse.
1201 926 1242 988 In
1252 946 1351 1006 quem
1362 946 1459 989 vsum
1472 927 1545 989 brec
1557 927 1651 1001 liant,

446 1012 537 1071 varia
548 1018 599 1071 cst
609 1011 777 1071 hominum
789 1011 958 1083 diuinatio,
969 1010 1051 1071 nihil
1060 1017 1173 1071 autem
1188 1012 1278 1071 certi.
1322 1008 1408 1072 Sunt
1421 1012 1482 1089 qui
1496 1011 1653 1074 diuineut

445 1093 537 1154 illum
557 1101 717 1154 autumno
737 1112 794 1173 per
812 1092 935 1156 Gallius
954 1093 1270 1173 triumphabundum
1290 1095 1510 1173 repetiturum
1528 1094 1651 1175 Hispa

444 1177 542 1249 niam,
558 1176 613 1237 alii
632 1183 755 1256 putant
773 1177 832 1238 hos
852 1176 1011 1238 bellorum
1031 1195 1149 1237 neruos
1168 1178 1277 1255 parari
1295 1178 1330 1236 in
1347 1176 1481 1249 Turcas‚
1496 1178 1653 1239 nonnulli

445 1261 631 1321 coniectent
645 1259 756 1321 subito
770 1260 916 1321 futuram
927 1261 1143 1321 incursionem
1154 1260 1187 1320 in
1199 1266 1363 1320 sectarum
1373 1268 1651 1340 propugnatores.

399 1363 433 1413 30
444 1342 612 1404 Euentum
626 1343 715 1404 Deus
729 1344 833 1405 nouit.

485 1425 555 1487 Nos
569 1432 656 1487 certe
671 1426 763 1487 velut
783 1426 859 1487 olim
879 1425 1000 1487 Hebrei
1019 1425 1192 1487 exulantes
1211 1424 1421 1504 Babyloniae,
1437 1426 1563 1504 quibus
1584 1447 1652 1489 non

444 1509 564 1570 licebat
586 1516 720 1571 cantare
742 1511 906 1570 canticum
926 1509 1059 1570 Domini
1073 1511 1106 1569 in
1126 1515 1213 1569 terra
1232 1511 1409 1588 peregrina,
1429 1517 1653 1589 expectamus

444 1592 595 1653 Messium
613 1598 771 1665 nostrum,
787 1594 845 1671 qui
858 1612 918 1653 nos
932 1594 966 1652 in
980 1593 1153 1671 pristinum
1173 1594 1330 1652 restituat
1346 1599 1492 1654 statum:
1516 1596 1652 1655 vtinam

443 1678 547 1756 possit
561 1684 596 1737 et
610 1695 743 1755 syncera
762 1677 879 1754 pietati
898 1677 1079 1736 restituere.
1123 1674 1208 1736 Sunt
1226 1676 1284 1753 qui
1302 1675 1454 1754 flagitent
1473 1674 1652 1755 Synodum

397 1778 430 1829 35
443 1757 663 1839 οἰκουμενικήν,
686 1759 742 1819 sed
764 1760 906 1819 arbitror
926 1758 1007 1819 nihil
1029 1758 1179 1819 futurum
1199 1758 1260 1818 hoc
1280 1758 1438 1819 Pontifice
1457 1761 1560 1821 viuo:
1588 1780 1651 1822 nec

443 1843 538 1904 video
559 1843 638 1921 quid
664 1842 768 1902 bonae
788 1844 835 1902 rei
859 1862 899 1902 ex
924 1860 963 1902 eo
988 1840 1122 1903 consilio
1146 1843 1190 1902 sit
1214 1842 1384 1914 oriturum,
1410 1843 1438 1902 si
1458 1841 1530 1923 fiat,
1554 1862 1651 1923 prae·

442 1927 553 1986 sertim
580 1926 640 1986 hoc
666 1945 773 1987 rerum
802 1931 903 1986 statu.
947 1924 1062 1985 Altera
1089 1944 1165 2003 pars
1194 1924 1235 1985 de
1263 1943 1362 2003 regno
1389 1924 1471 1985 nihil
1499 1928 1651 1989 sustinet

441 2010 616 2082 remittere,
637 2008 741 2069 altera
761 2007 970 2087 dogmatibus
989 2009 1086 2068 citius
1106 2009 1150 2068 sit
1168 2007 1293 2086 aliquid
1312 2007 1476 2069 additura.
1521 2007 1651 2089 Siquis

442 2092 483 2153 de
504 2098 764 2171 temperamento
785 2093 904 2152 mutire
923 2092 1067 2170 incipiet,
1087 2092 1237 2169 protinus
1256 2091 1361 2165 audit,
1380 2090 1475 2153 Nouo
1493 2091 1651 2155 hereseos

394 2181 546 2245 4oaut0r.

482 2258 569 2319 Ante
583 2277 704 2338 paucos
719 2259 788 2319 dies
802 2257 867 2318 iuit
881 2258 933 2318 hic
951 2257 1085 2336 quidam
1103 2276 1144 2318 cx
1161 2256 1239 2318 aula
1256 2256 1355 2335 Regis
1374 2257 1575 2320 Ferdinandi
1594 2262 1650 2321 vir

440 2360 505 2403 non
524 2342 658 2421 perinde
677 2341 808 2420 quidem
828 2340 955 2413 doctus,
976 2340 1032 2401 sed
1054 2340 1274 2419 perhumanus
1295 2359 1432 2419 rareque
1452 2341 1645 2420 probitatis.

441 2424 474 2485 Is
497 2425 591 2485 nobis
616 2424 748 2486 rettulit
770 2443 891 2485 nouam
915 2426 1037 2502 vixque
1061 2422 1247 2484 credibilem
1269 2422 1427 2497 fabulam,
1451 2424 1549 2486 isthic
1573 2446 1646 2488 esse

440 2508 586 2569 Momum
604 2508 768 2587 quendam
786 2508 950 2568 bicornem
966 2507 1028 2581 (his
1045 2508 1130 2567 enim
1147 2506 1254 2567 verbis
1272 2526 1350 2567 vaus
1366 2512 1429 2584 est)
1447 2509 1505 2586 qui
1521 2528 1646 2588 magna

393 2608 427 2660 45
440 2591 625 2671 petulantia
644 2591 729 2652 solet
747 2591 941 2652 debacchari
960 2610 1063 2669 quum
1082 2591 1115 2650 in
1137 2608 1249 2650 omnes
1271 2588 1431 2650 bonarum
1452 2590 1644 2654 litterarum

439 2681 597 2748 amantes,
610 2680 683 2735 tum
694 2676 867 2753 praecipue
881 2676 915 2733 in
930 2672 1113 2745 Erasmum,
1125 2691 1191 2733 non
1202 2673 1267 2733 iam
1279 2675 1313 2733 in
1324 2674 1483 2735 conuiuiis
1497 2681 1643 2756 tantum,

439 2758 496 2818 sed
520 2760 553 2818 in
575 2757 714 2838 publicis
736 2759 836 2818 etiam
860 2756 1078 2818 concionibus.
1122 2755 1267 2816 Conatus
1290 2776 1362 2816 sum
1385 2758 1545 2835 expiscari
1568 2762 1644 2837 quis

438 2849 525 2902 esset
539 2840 593 2902 ille
610 2841 738 2901 Momus
756 2840 905 2913 bicornis,
921 2840 978 2900 sed
998 2838 1052 2899 ille
1070 2858 1188 2899 nomen
1207 2839 1303 2900 cdere
1322 2838 1438 2900 noluit.
1483 2840 1642 2916 Tantum,

439 2943 541 3003 quum
556 2924 736 2986 diuinarum
751 2943 820 2986 esse
837 2925 939 2985 vestri
954 2921 1113 3003 praesulis
1132 2922 1383 3002 suffraganeum,
1398 2922 1516 2985 leuiter
1535 2925 1641 2987 subri-

393 3024 426 3072 50
438 3010 491 3081 sit,
508 3010 615 3088 capite
630 3016 741 3069 tamen
755 3008 910 3069 abnuens.
954 3007 1002 3067 Ac
1016 3006 1114 3086 plane
1128 3006 1291 3067 crederem
1303 3025 1355 3067 me
1366 3013 1454 3068 recte
1465 3007 1641 3082 diuinasse,

437 3092 499 3151 nisi
519 3097 589 3152 tam
608 3097 693 3152 esset
710 3091 853 3152 absurda
867 3090 981 3151 fabula
996 3096 1034 3150 vt
1049 3090 1082 3149 in
1097 3091 1258 3150 neminem
1274 3095 1442 3170 competat
1456 3092 1519 3151 nisi
1536 3091 1640 3153 homi·

437 3193 512 3235 nem
538 3175 706 3253 insigniter
731 3174 900 3253 stupidum
926 3193 964 3233 ac
989 3173 1171 3244 vecordem,
1195 3172 1326 3251 qualem
1351 3172 1440 3233 absit
1464 3181 1504 3234 vt
1530 3182 1639 3237 vester

437 3258 547 3337 presul
569 3258 691 3318 habeat
712 3277 733 3317 a
754 3257 915 3336 suffragiis
937 3263 996 3317 aut
1016 3255 1150 3316 ecclesia
1172 3262 1283 3316 vestra
1302 3256 1520 3318 ecclesiasten.
1566 3258 1641 3321 Imo

437 3341 518 3401 mihi
532 3341 718 3420 persuaderi
732 3360 798 3401 non
812 3341 932 3420 potuit,
945 3340 1018 3399 istic
1033 3358 1101 3399 esse
1113 3358 1300 3417 quenquam
1312 3346 1381 3399 tam
1393 3339 1505 3400 effreni
1517 3340 1640 3420 lingua,

391 3430 572 3502 §stumque
587 3423 678 3484 nullo
693 3424 820 3495 iudicio,
836 3429 876 3483 vt
892 3422 1052 3483 eiusmodi
1071 3424 1204 3482 naenias
1219 3423 1271 3482 vel
1286 3424 1320 3482 in
1338 3425 1641 3501 compotationibus

437 3507 592 3568 effutiret.
637 3507 756 3568 Verum
780 3506 834 3566 ille
857 3512 972 3566 contra
997 3512 1187 3566 constanter
1210 3506 1420 3566 asseuerabat
1445 3526 1479 3567 se
1505 3526 1640 3570 narrare

437 3609 502 3652 non
517 3597 649 3651 tantum
664 3591 787 3662 audita,
804 3609 875 3667 quae
891 3589 994 3649 veluti
1009 3608 1067 3668 per
1083 3588 1260 3648 eburneam
1278 3597 1408 3668 portam
1426 3590 1641 3653 subuolantia

436 3675 562 3733 somnia
585 3693 651 3734 non
681 3693 753 3734 raro
782 3673 1027 3751 comperiuntur
1049 3671 1214 3749 ἀνεμώλια,
1237 3672 1294 3731 sed
1319 3674 1386 3732 suis
1411 3674 1512 3751 ipsius
1535 3675 1640 3736 oculis

436 3763 618 3835 conspecta,
637 3759 703 3817 suis
721 3757 822 3835 ipsius
841 3756 962 3816 hausta
980 3755 1123 3815 auribus.
1167 3754 1321 3815 Addebat
1342 3755 1450 3816 locum
1472 3762 1507 3816 et
1529 3757 1638 3819 diem:

388 3844 422 3890 60
435 3840 561 3900 citabat
579 3842 773 3900 nominatim
787 3838 970 3918 complures
981 3844 1082 3899 testes
1096 3837 1175 3898 πάνυ
1188 3837 1394 3912 ἀξιοπίστους,
1407 3839 1464 3917 qui
1478 3839 1641 3903 vidissent

434 3929 469 3984 et
484 3923 651 3983 audissent
665 3923 789 3983 eadem.

476 4004 539 4067 Sed
560 4006 762 4079 iamdudum,
785 4007 836 4066 vti
861 4005 1016 4084 suspicor,
1040 4006 1140 4083 gestis
1165 4004 1277 4065 audire
1299 4004 1456 4066 fabulam.
1501 4005 1638 4081 Audies,

434 4089 491 4150 sed
508 4091 656 4150 vnicam:
679 4109 756 4150 nam
774 4089 828 4149 ille
845 4088 1028 4167 complures
1046 4090 1250 4149 memorauit.
1295 4088 1415 4149 Aiebat
1432 4087 1525 4149 illum
1542 4108 1637 4168 prae-

434 4174 528 4252 cipue
540 4173 711 4234 vociferari
723 4173 756 4232 in
770 4171 903 4233 Nouum
915 4172 1163 4232 Testamentum
1179 4191 1200 4231 a
1214 4191 1265 4231 me
1280 4191 1410 4232 versum
1425 4193 1442 4232 e
1457 4170 1638 4236 Grecorum

387 4258 420 4319 ⁶5
434 4256 608 4317 codicibus.
653 4255 772 4334 Itaque
790 4275 892 4335 quum
911 4257 945 4314 in
961 4254 1066 4315 natali
1084 4254 1195 4315 Iacobi
1210 4255 1352 4334 apostoli
1369 4262 1530 4317 tractaret
1544 4259 1638 4337 apud

467 4444 542 4494 24-5.
566 4429 677 4480 sudio.
697 4465 703 4477 .
724 4465 730 4478 .
749 4444 896 4478 assensum
916 4444 977 4478 esse
996 4427 1078 4478 Mn:
1103 4429 1190 4479 habet
1210 4431 1335 4493 patriam
1354 4435 1416 4478 tam
1435 4434 1581 4478 amantem
1601 4437 1637 4481 vt

433 4495 512 4555 velit,
535 4502 597 4547 tarn
619 4495 786 4561 opulentam
808 4501 842 4545 vt
864 4496 956 4560 possit
978 4511 1082 4560 magna
1103 4495 1197 4560 largiri
1220 4496 1257 4544 K.
1368 4510 1410 4558 31.
1428 4495 1495 4545 olim
1517 4511 1571 4545 om.
1596 4497 1635 4547 K.

433 4562 608 4627 Babyloniae
619 4563 663 4613 K:
682 4562 837 4626 Babylonis
848 4561 913 4612 MS.
982 4577 1024 4626 34.
1042 4562 1174 4626 flagitant
1186 4562 1223 4611 K.
1293 4576 1333 4624 35.
1352 4563 1405 4611 hoc
1417 4561 1554 4612 Pontifice
1565 4564 1635 4615 vino

433 4646 486 4680 om.
496 4630 534 4680 K.
585 4628 948 4680 necMS.eetnecsaneK.
1001 4632 1043 4692 36.
1061 4629 1178 4679 concilio
1187 4629 1223 4677 N.
1286 4630 1327 4691 38.
1347 4629 1391 4678 K:
1409 4628 1633 4680 addituruaMS.

432 4695 914 4762 42.probitatisMS.:pietatisK
991 4712 1034 4760 44.
1052 4695 1391 4745 his...vsusestodd.K.
1460 4709 1632 4759 49.ease...

432 4764 642 4828 suffraganeum
649 4763 714 4813 MS.
724 4781 730 4812 :
742 4763 934 4827 quisessetK.
969 4776 1045 4824 52-3·
1063 4768 1158 4812 vester
1165 4762 1261 4826 presul
1267 4762 1332 4811 MS.
1342 4778 1349 4810 ε
1361 4761 1407 4812 vel
1413 4777 1504 4826 pagus
1511 4761 1587 4813 vum
1594 4764 1632 4814 K.

432 4844 473 4892 53.
492 4829 1060 4894 asufiragiisauteeolasisvastraom.1(.
1128 4843 1169 4891 57.
1188 4835 1304 4879 tanturn
1313 4828 1413 4878 audita
1420 4829 1501 4879 Mu:
1519 4845 1634 4880 rumore

430 4897 644 5022 {aotaitatsr‘KK
688 4896 763 4960 57-8.
781 4895 1127 4946 veluti...somniaadd.
1138 4896 1175 4944 K.
1252 4898 1295 4957 65.
1313 4896 1343 4944 in
1357 4933 1363 4945 .
1377 4895 1632 4960 ..apostoliMS.=

445 4981 479 5012 κκ
494 4981 553 5027 ηοω
569 4981 604 5011 ων
645 4999 652 5012 .
