4042 5900
433 630 495 690 422
762 625 961 689 narrans
982 623 1284 689 orraasrrus
1559 628 1609 703 [ar

388 813 420 863 55
434 788 599 866 quoniam,
615 787 661 847 ‘si
681 806 722 847 ax
742 785 928 847 hominibus
945 783 1114 846 consilium
1133 789 1200 845 aut
1220 804 1320 866 opus
1340 784 1422 860 hoc,
1442 786 1611 847 diaeoluetr',

435 870 566 932 ‘Omnis
579 871 666 931 enim
679 869 855 950 plantacio,
875 888 975 948 quam
994 886 1062 929 non
1081 867 1260 948 plantauit
1282 876 1397 948 pater
1415 888 1510 931 meua
1526 869 1613 930 celestii

433 953 654 1015 eradicabitur
664 954 681 1015 ’.
726 952 801 1014 ‘Sin
822 972 863 1013 ex
883 952 954 1013 Deo
978 958 1040 1025 est,
1057 969 1124 1012 non
1147 953 1305 1031 potastis
1325 953 1540 1024 dissoluere’,
1557 953 1613 1013 hom

434 1040 519 1098 enim
535 1056 600 1097 non
610 1044 661 1098 est
672 1036 795 1097 habens
806 1041 1007 1116 potestatem
1016 1036 1051 1095 in
1061 1036 1229 1114 spiritum,
1242 1041 1290 1096 vt
1300 1036 1495 1115 prohibeat
1504 1038 1615 1117 spirim

435 1120 538 1194 Quem
560 1122 711 1200 spiritum
729 1119 910 1180 Lutherani
932 1138 966 1181 se
987 1117 1106 1178 habere
1128 1117 1329 1197 pradicant,
1354 1126 1523 1200 tanquam
1539 1119 1615 1180 obn

388 1230 422 1279 40
435 1223 567 1265 manam
589 1203 813 1282 fragillitatcm
833 1221 1013 1282 numquam
1033 1202 1167 1281 spiritus
1187 1201 1236 1262 ab
1257 1201 1474 1265 hominibus
1493 1203 1617 1270 reoedffll

435 1289 620 1366 ignorantes
633 1286 766 1366 expleto
777 1287 933 1347 vaticinio
945 1285 1110 1346 hominem
1121 1303 1306 1346 comunem
1321 1286 1404 1348 fieri
1415 1308 1438 1349 a
1450 1287 1618 1368 prophetat

435 1372 466 1431 in
482 1370 574 1431 nullo
589 1369 748 1450 Spiritum
764 1368 921 1431 Sanctum
937 1367 1129 1429 remanssise
1143 1375 1294 1447 excepto
1317 1368 1478 1444 Christo,
1493 1370 1619 1433 sumtu

435 1462 557 1526 nostro,
590 1455 779 1532 ignorantes
807 1453 975 1514 dominum
1004 1452 1169 1530 quiescere
1196 1452 1266 1511 nisi
1298 1471 1415 1534 super
1445 1454 1585 1515 humilem
1601 1461 1619 1511 a

435 1539 582 1615 quietum
598 1543 633 1597 et
647 1543 840 1598 trementem
855 1535 1014 1596 mandata
1027 1553 1095 1595 sua.
1138 1534 1180 1594 In
1196 1532 1423 1599 Lutheranis
1437 1557 1516 1618 ergo
1528 1557 1582 1599 non
1592 1544 1620 1595 st

388 1645 420 1695 45
435 1622 568 1700 spiritus
597 1620 876 1681 sanctifficacionis
904 1624 965 1679 aut
992 1615 1134 1698 Spiritus
1162 1615 1328 1692 Sanetus,
1358 1623 1425 1699 qui
1454 1628 1507 1682 cst
1530 1621 1621 1701 spiritu

435 1704 693 1765 mansuetudinis
707 1709 741 1764 et
756 1701 913 1782 apostolis
928 1701 990 1762 sub
1003 1702 1109 1780 specie
1125 1700 1307 1763 columbae
1324 1707 1509 1785 apparuit,
1523 1706 1573 1784 qui
1583 1721 1621 1763 m

434 1794 485 1847 est
502 1793 600 1848 autor
617 1786 835 1858 conffusionis,
851 1784 908 1846 aed
923 1786 1022 1865 pacis,
1043 1791 1082 1845 vt
1099 1786 1133 1844 in
1152 1784 1317 1846 omnibus
1341 1806 1388 1848 co
1537 1791 1543 1802 '

435 1877 632 1931 sanctorum.
677 1869 771 1949 ‘Ipse
785 1871 871 1930 enim
886 1874 936 1929 est
947 1887 1013 1947 pax
1028 1873 1141 1928 nostra
1152 1867 1169 1928 ’.
1207 1865 1244 1928 si
1260 1887 1348 1949 ergo
1361 1869 1623 1934 Christuscredm

435 1955 520 2014 cium
535 1973 600 2032 pax
616 1958 675 2025 eat,
691 1953 888 2032 quicumque
903 1953 972 2012 sine
987 1970 1067 2032 pace
1077 1957 1137 2024 est,
1149 1969 1215 2011 non
1226 1950 1343 2013 habet
1355 1953 1492 2017 Christi
1501 1957 1623 2036 spiritm

389 2061 422 2110 5ο
436 2037 525 2098 ‘Pax
539 2038 625 2097 enim
641 2036 764 2096 multa’
780 2035 890 2096 Dauid
904 2041 989 2095 teste
1005 2033 1234 2113 ‘diligentibus
1250 2034 1371 2115 legem
1389 2045 1503 2114 tuam,
1514 2040 1624 2105 Domus

434 2126 468 2180 ct
484 2139 550 2181 non
565 2119 693 2180 catillis
708 2118 898 2179 scandalum
909 2119 927 2179 ’.

477 2204 525 2264 De
540 2222 607 2282 quo
621 2201 745 2282 Spiritu
760 2202 882 2263 Sancto
896 2201 1058 2262 Dominus
1072 2202 1106 2261 in
1123 2200 1305 2280 ewangelio
1326 2204 1498 2270 dicebat:
1522 2206 1569 2268 ‘Si
1583 2204 1626 2266 dili

434 2288 510 2365 gitis
530 2307 591 2359 me,
615 2287 774 2347 mandata
795 2304 868 2347 mea
887 2291 1027 2357 seruate,
1047 2291 1082 2345 et
1103 2303 1162 2363 ego
1178 2290 1297 2363 petam
1319 2287 1485 2365 Patrem,
1507 2299 1542 2352 et
1559 2291 1627 2351 aliun

436 2369 642 2431 Paracletum
653 2369 748 2429 dabit
762 2369 866 2441 vobis,
882 2374 921 2429 vt
935 2369 979 2429 sit
993 2367 1162 2429 vobiscum
1172 2368 1207 2427 in
1221 2372 1499 2449 sempiternum,
1514 2376 1629 2455 spina·

389 2476 420 2525 55
435 2455 584 2514 veritatis
596 2453 613 2513 ⁹.
647 2452 764 2513 Omnia
778 2454 863 2513 enim
878 2451 1039 2513 mandata
1052 2452 1121 2512 eius
1136 2452 1268 2511 veritas.
1304 2453 1446 2518 Verum
1459 2461 1489 2519 si
1500 2459 1629 2537 diliginu

434 2555 494 2597 nos
516 2538 666 2608 inuicem,
684 2535 773 2596 Deus
793 2537 826 2596 in
849 2534 943 2596 nobis
963 2540 1086 2595 manet.
1130 2533 1278 2595 Rursus:
1305 2536 1399 2610 ‘Qui
1425 2542 1507 2604 odit
1526 2543 1630 2603 natm

434 2640 539 2692 suum,
556 2622 589 2680 in
605 2618 747 2680 tenebris
762 2626 813 2680 est
826 2625 862 2679 ct
877 2619 910 2678 in
924 2619 971 2678 eis
985 2617 1145 2689 ambulat,
1163 2622 1198 2677 et
1216 2619 1339 2693 nescit,
1356 2640 1438 2700 quo
1454 2626 1569 2699 vadat,
1581 2624 1632 2703 qu'a

435 2703 589 2764 tenebrae
604 2702 715 2764 oculos
728 2703 798 2763 eius
812 2703 1053 2763 oboecauerunt
1066 2701 1084 2761 ’.
1128 2701 1173 2761 Et
1186 2701 1220 2760 in
1234 2700 1379 2777 talibus,
1399 2706 1494 2770 dicit
1503 2710 1633 2770 Dominus

435 2788 469 2846 in
478 2785 602 2858 Genesi,
616 2793 700 2847 ‘non
709 2785 915 2865 permanebit
924 2786 1058 2863 spiritus
1066 2804 1168 2856 meus,
1178 2784 1256 2862 quia
1264 2802 1392 2849 carnes
1403 2799 1496 2853 sunt
1508 2793 1633 2854 locante

388 2878 422 2927 60
436 2869 625 2931 voluntates
645 2888 720 2930 suas
741 2875 777 2930 et
796 2887 862 2929 non
888 2868 949 2928 Dei
962 2869 979 2929 '.
1024 2868 1069 2928 Et
1092 2866 1135 2928 ob
1158 2867 1191 2927 id
1212 2866 1350 2946 placere
1372 2871 1458 2936 Deo
1481 2880 1634 2957 nequeunt

435 2974 535 3033 quare
550 2956 584 3014 in
598 2955 643 3014 eia
659 2955 792 3033 spiritus
807 2953 989 3013 contrarius
1003 2971 1074 3013 esse
1093 2952 1283 3026 dinoscitur,
1302 2971 1467 3031 quorum
1489 2955 1636 3022 dulciaad

436 3057 529 3098 suam
553 3039 696 3117 ipsorum
719 3037 892 3116 perniciem
917 3037 1024 3096 mixta
1047 3041 1124 3096 sunt
1146 3036 1275 3106 amaris,
1298 3044 1339 3097 et
1367 3059 1444 3102 non
1473 3044 1588 3105 diuino
1606 3044 1636 3102 ia·

436 3123 568 3193 stinctu,
595 3120 651 3180 sed
671 3122 802 3199 proprio
821 3118 918 3180 corde
935 3120 1161 3180 vaticinantur
1181 3125 1215 3180 et
1233 3118 1282 3178 nil
1303 3121 1446 3186 vident.
1498 3127 1637 3206 Interpre·

388 3298 421 3357 65
435 3294 486 3348 est
501 3286 611 3347 videre
626 3288 660 3347 in
674 3287 762 3347 mille
782 3294 817 3347 et
836 3286 964 3365 aliquot
983 3285 1063 3346 locis
1080 3287 1240 3366 scripture
1259 3287 1374 3365 primo
1395 3309 1560 3356 sermone
1577 3294 1640 3355 lalw

436 3371 650 3450 depromptis.

476 3454 590 3532 Neque
604 3460 655 3514 est
670 3455 735 3513 ista
750 3473 809 3513 sua
823 3454 988 3532 sapiencia
1002 3473 1020 3513 e
1035 3453 1183 3532 supernis
1198 3450 1417 3530 descendens,
1435 3462 1503 3523 sed
1519 3470 1640 3528 terrens,

435 3537 595 3609 animalis,
608 3537 807 3609 demoniaca,
819 3556 878 3598 nec
890 3536 1086 3597 charitatem
1102 3542 1162 3597 aut
1176 3536 1339 3596 vnitatem
1351 3541 1507 3619 spiritus
1519 3567 1579 3626 per
1588 3547 1640 3605 rin·

435 3621 546 3681 culum
569 3622 658 3700 pacis
679 3627 794 3681 contra
816 3620 958 3700 apostoli
980 3619 1164 3681 doctrinam
1186 3625 1329 3692 seruant,
1352 3623 1416 3684 vbi
1437 3626 1558 3703 docet,
1573 3625 1642 3708 quod

389 3725 422 3775 70
435 3707 540 3765 omnis
551 3704 780 3777 amarulencia,
792 3710 912 3776 tumor,
925 3704 983 3776 ira,
996 3704 1200 3764 vocilieracio
1211 3702 1508 3772 etmaledicencia
1520 3714 1644 3774 tollatur

435 3808 456 3848 a
471 3788 574 3859 vobis,
589 3792 624 3847 ct
642 3788 784 3866 p<rim>a
805 3787 930 3864 Pe<tri>
950 3794 1001 3847 ter
1021 3793 1055 3848 et
1072 3785 1347 3864 Colo<ssensium>
1369 3790 1442 3852 iiii:
1470 3795 1644 3877 ‘Deponite

435 3890 494 3932 vos
509 3872 601 3943 iram,
620 3870 892 3948 indignacionem,
911 3870 1185 3943 maledicenciam,
1205 3868 1523 3949 turpiloquenciam
1546 3881 1587 3942 de
1604 3896 1645 3939 ore

435 3961 547 4015 vestro
558 3955 584 4026 ’;
607 3953 726 4032 quibus
740 3953 892 4014 omnibus
906 3960 1037 4015 scatent
1051 3961 1086 4014 et
1096 3953 1184 4015 labia
1194 3959 1228 4014 et
1239 3954 1362 4032 scripta
1374 3955 1645 4025 Lutheranorum
1681 3958 1682 3963 ¹

435 4037 557 4110 dolosa,
587 4037 877 4115 locupletissimum
906 4039 1133 4098 testimonium
1162 4036 1332 4116 prebentia
1360 4057 1399 4099 se
1430 4062 1507 4106 non
1541 4048 1646 4109 habere

389 4138 421 4186 75
435 4119 611 4193 Christum,
630 4121 687 4181 sed
710 4121 944 4198 vertiginosum
966 4121 1104 4182 sathane
1126 4122 1287 4199 spiritum,
1310 4140 1378 4199 quo
1399 4123 1467 4186 Dei
1492 4132 1646 4211 populun

436 4205 608 4276 seducunt,
634 4223 700 4282 quo
725 4203 836 4264 subito
858 4205 962 4265 eciam
985 4206 1020 4264 in
1044 4223 1173 4266 omnem
1195 4223 1336 4265 errorem
1361 4203 1543 4274 labuntur
1566 4217 1647 4276 etin

436 4289 641 4367 impietatem
662 4293 697 4347 et
715 4288 910 4367 spurciciam
931 4293 1043 4349 ruunt.
1087 4287 1142 4348 Ita
1156 4306 1223 4349 non
1238 4288 1282 4347 sit
1296 4286 1388 4347 vltra
1404 4289 1507 4356 locus
1526 4296 1648 4360 dicendi

604 4411 645 4460 41.
664 4397 807 4446 hominem
819 4397 882 4446 add.
895 4397 934 4447 α’.
1114 4398 1155 4460 58.
1174 4396 1269 4446 oculos
1280 4396 1340 4446 eiua
1352 4397 1420 4449 cdd.
1435 4403 1478 4452 α’.

469 4524 543 4582 36-7.
563 4519 662 4569 Omnis
692 4555 698 4567 .
731 4555 737 4567 .
773 4555 778 4567 .
807 4517 1008 4579 eradicabitur]
1062 4522 1102 4569 16.

434 4585 517 4636 Matt.
534 4599 572 4648 15.
588 4601 627 4648 13.
1094 4586 1169 4647 56—8.
1188 4584 1243 4644 Qui
1254 4622 1260 4634 .
1270 4622 1277 4636 .
1287 4621 1294 4634 .
1304 4585 1542 4656 obcecauerrmt]
1553 4611 1564 4647 ι
1576 4597 1646 4647 John

468 4668 509 4716 37.
528 4653 576 4703 Sin
590 4689 596 4701 .
612 4690 617 4701 .
632 4690 638 4701 .
651 4651 816 4712 dissoluere]
828 4653 898 4701 Acts
909 4665 934 4712 5.
947 4665 988 4715 39.
1060 4666 1085 4701 2.
1100 4667 1139 4702 11.

468 4735 510 4784 43.
529 4720 594 4780 nisi]
607 4718 788 4784 Apparently
800 4718 844 4768 lor
854 4735 909 4768 non
921 4719 989 4768 nisi.
1094 4733 1135 4781 71.
1154 4718 1275 4780 Pe<tri>1
1283 4718 1343 4768 The
1351 4719 1436 4771 three
1446 4725 1646 4780 referencesin

468 4789 509 4850 48.
529 4787 595 4851 Ipsa
609 4823 614 4835 .
629 4824 635 4835 .
651 4823 656 4835 .
670 4785 780 4846 nostra]
793 4786 866 4849 pr.
880 4800 904 4834 2.
920 4800 959 4848 14.
1062 4799 1073 4834 1
1088 4785 1173 4836 Peter
1183 4801 1231 4835 are
1243 4786 1366 4850 perhaps
1377 4801 1402 4836 2.
1418 4802 1444 4847 1,
1459 4805 1486 4853 3.
1501 4795 1568 4856 8-9‚
1581 4814 1606 4861 4,
1619 4810 1639 4845 2,

469 4867 535 4968 5031y
538 4891 543 4903 .
556 4853 623 4968 lPart
637 4889 644 4902 .
659 4890 665 4903 .
680 4891 685 4902 .
699 4852 875 4915 scandalum]
889 4852 935 4902 Pe.
952 4853 1009 4902 118.
1128 4852 1378 4914 0010<ssensium>1
1387 4853 1452 4905 The
1466 4860 1646 4913 referem

438 4922 506 4980 165(
536 4936 556 4969 u
567 4921 616 4984 g).
1061 4924 1093 4969 to
1105 4933 1130 4982 3.
1143 4921 1168 4969 8.

470 5000 545 5048 5²·5·
564 4987 592 5036 Si
607 5024 612 5036 .
628 5024 634 5036 .
649 4986 1011 5050 .veritatia]John14.15-
