4042 5900
461 671 503 731 40
792 673 990 737 LETTERS
1012 671 1067 736 OF
1089 673 1293 737 ERASMUS
1572 678 1665 755 [1530

463 835 553 896 liaris
577 835 751 897 inlelicitas
776 854 858 908 mea,
884 833 973 913 quod
1002 833 1187 913 complures
1214 834 1249 894 in
1277 852 1330 895 me
1358 852 1461 894 vnum
1492 834 1663 914 stringunt

464 919 647 980 calamum:
670 919 758 980 malo
773 921 818 979 sic
836 937 906 978 esse
923 936 1040 997 parum
1058 917 1138 978 felix
1156 936 1255 995 quam
1275 917 1303 978 si
1322 918 1391 998 ipse
1413 916 1531 978 stilum
1551 936 1660 980 meum

400 1019 450 1070 405
464 1002 644 1063 multorum
659 1003 816 1081 sanguine
831 1009 1063 1062 cruentassem.

505 1086 554 1146 De
580 1086 715 1147 Budaeo
739 1087 784 1145 sic
809 1085 940 1157 habeto,
966 1085 1012 1144 mi
1036 1084 1137 1143 Brixi.
1181 1083 1336 1144 Fortunis
1364 1082 1452 1144 illius
1477 1103 1548 1145 non
1574 1103 1660 1164 egeo,

462 1170 570 1247 grstia
585 1171 719 1249 superis,
734 1188 793 1230 nec
808 1174 860 1228 444
874 1170 1002 1228 animus
1018 1166 1110 1227 illum
1126 1166 1202 1227 vllis
1221 1185 1358 1246 grauere
1375 1166 1498 1228 officiis.
1545 1166 1660 1230 Potest

463 1252 616 1331 prodesse
644 1253 762 1323 lamae,
791 1251 917 1312 fateor:
955 1250 1012 1311 sed
1041 1250 1125 1311 hanc
1154 1251 1315 1310 sarcinam
1347 1250 1464 1310 lubens
1498 1249 1658 1324 abiecero,

462 1342 595 1396 tantum
621 1336 716 1396 abest
741 1341 780 1395 vt
802 1334 926 1412 aliquid
951 1335 1081 1412 cupiam
1103 1333 1208 1393 adiici.
1253 1333 1369 1393 Potest
1390 1352 1507 1394 nocere
1529 1333 1656 1395 tames:

399 1435 450 1484 410
462 1421 591 1480 assueui
605 1417 821 1491 contumeliis,
836 1423 872 1477 et
886 1437 946 1477 sua
960 1418 1077 1495 cuique
1091 1416 1164 1477 iata
1178 1415 1312 1476 ferenda
1332 1422 1420 1489 sunt,
1436 1417 1576 1478 tametsi
1592 1416 1658 1480 tale

462 1502 543 1562 nihil
565 1503 607 1563 ab
629 1503 686 1563 illo
707 1509 829 1563 metuo.
872 1498 906 1561 Si
928 1500 1008 1578 quid
1032 1507 1083 1561 est
1108 1500 1238 1560 leuioris
1263 1499 1415 1572 offensae,
1438 1499 1541 1561 homo
1566 1519 1657 1562 sum:

461 1586 540 1645 noui
554 1586 703 1646 nonnihil
717 1584 902 1646 condonare
918 1584 1069 1644 humanis
1084 1582 1265 1654 aflectibus,
1277 1581 1352 1661 plus
1366 1583 1542 1656 amicitiae,
1557 1584 1656 1664 pluri·

461 1688 552 1729 mum
573 1669 723 1749 publicae
745 1667 930 1730 studiorum
952 1666 1196 1745 tranquillitati.
1240 1665 1372 1745 Alioqui
1397 1685 1464 1727 non
1489 1685 1565 1728 sum
1588 1674 1656 1730 tem

461 1752 578 1813 obesae
595 1754 682 1813 naris
698 1758 736 1811 vt
751 1771 817 1812 non
832 1750 1014 1830 intelligam
1029 1749 1181 1828 strophas
1196 1749 1383 1823 rhetoricas,
1399 1769 1458 1810 nec
1472 1751 1656 1831 imperitus,

398 1848 446 1899 415
461 1836 488 1894 si
517 1835 628 1907 libeat,
655 1833 1043 1912 dampierre—fortasse
1064 1852 1124 1892 nec
1149 1834 1288 1893 materia
1313 1834 1357 1893 sit
1381 1831 1550 1895 defutura.
1595 1832 1656 1896 Sed

460 1918 636 1997 plusquam
664 1926 760 1979 atrox
790 1918 908 1978 iniuria
937 1919 981 1978 sit
1009 1923 1151 1995 oportet,
1180 1936 1264 1995 quae
1292 1936 1402 1977 meum
1431 1916 1600 1979 calamum
1624 1919 1656 1979 in

460 2001 630 2063 Budaeum
652 2022 780 2063 armare
801 2002 915 2081 possit.
959 2000 1048 2061 Alibi
1070 1999 1212 2060 disertus
1233 2019 1302 2060 esse
1323 2000 1446 2061 malim.
1491 2000 1654 2080 Equidem

459 2084 629 2146 Budaeum
655 2087 807 2146 existimo
832 2085 988 2145 maiorem
1013 2102 1112 2162 quam
1137 2084 1191 2144 cui
1219 2078 1392 2162 quisquam
1421 2102 1515 2144 meae
1544 2083 1656 2146 classis

458 2168 604 2229 inuidere
632 2170 745 2249 possit.
801 2168 1026 2246 Principatum
1061 2167 1096 2226 in
1124 2167 1258 2246 optimis
1285 2165 1405 2227 litteris
1434 2165 1482 2227 illi
1514 2166 1656 2230 libenter

395 2263 446 2313 420
458 2251 611 2325 cedimus,
628 2251 858 2330 applaudimus
873 2250 1129 2330 pulcherrimum
1144 2252 1255 2329 agenti
1270 2249 1496 2330 triumphum;
1520 2257 1654 2312 tantum

458 2334 554 2397 abest
575 2342 613 2396 vt
634 2335 681 2395 illi
703 2335 894 2395 studeamus
915 2333 1088 2394 detrahere
1110 2333 1298 2394 haerentem
1323 2334 1425 2413 capiti
1449 2333 1558 2396 multe
1580 2353 1654 2396 cum

457 2417 555 2479 laude
574 2438 737 2479 coronam.
781 2418 844 2480 Sed
862 2425 974 2478 tamen
995 2423 1034 2477 vt
1053 2416 1173 2477 habeat
1193 2417 1247 2478 ille
1261 2417 1357 2478 dotes
1376 2417 1560 2496 primarias,
1576 2423 1657 2480 sunt

457 2508 492 2561 et
506 2502 578 2562 aliis
593 2521 671 2563 suee
686 2501 800 2574 dotes;
824 2520 882 2561 nec
898 2501 1051 2561 omnibus
1066 2500 1152 2560 idem
1168 2507 1220 2561 est
1238 2501 1440 2573 institutum,
1456 2519 1517 2561 nec
1538 2503 1654 2564 statim

457 2584 599 2646 deterius
614 2585 703 2664 quod
717 2591 769 2645 cst
783 2583 948 2645 dissimile.
992 2583 1094 2644 Nulla
1109 2603 1187 2644 vcro
1201 2603 1252 2644 res
1267 2585 1369 2663 magis
1388 2583 1510 2644 aluerit
1527 2583 1653 2646 studio·

393 2678 443 2728 4²5
456 2687 529 2728 rum
551 2668 758 2729 concordiam
780 2687 879 2746 quam
901 2668 928 2726 si
950 2667 1039 2727 absit
1059 2665 1220 2744 φιλαυτίας
1245 2667 1388 2740 morbus,
1410 2672 1445 2728 et
1469 2666 1654 2730 alienarum

456 2752 618 2812 virtutum
633 2753 771 2830 quisquc
785 2752 830 2811 sit
843 2749 1002 2810 candidus
1017 2752 1218 2811 aestimator.

496 2835 566 2914 Ego
576 2842 721 2896 vestram
730 2834 870 2895 Galliam
880 2833 994 2894 multis
1003 2834 1190 2894 nominibus
1198 2833 1326 2893 felicem
1335 2833 1496 2906 existim0,
1507 2834 1653 2913 primum

455 2918 544 2996 quod
558 2919 698 2999 priscam
713 2918 803 2979 illam
816 2917 1001 2979 studiorum
1015 2916 1152 2997 gloriam
1167 2917 1229 2978 sibi
1240 2916 1443 2996 postliminio
1453 2916 1652 2991 vindicarit;

454 3001 571 3064 deinde
586 3003 674 3082 quod
690 3022 749 3063 ceu
769 3021 869 3080 remp.
885 3001 1054 3080 quandam
1072 3001 1266 3061 litterariam
1288 3001 1479 3073 instituerit,
1494 3002 1550 3061 cui
1563 3002 1653 3082 prin·

391 3095 441 3145 43ο
454 3087 558 3165 cipem
583 3088 710 3166 optimo
734 3088 803 3146 iure
832 3084 925 3146 dedit
950 3084 1141 3156 Budeeum;
1175 3084 1328 3162 quodque
1357 3083 1496 3145 studiosi
1525 3087 1654 3147 mutuis

454 3171 559 3248 operis
581 3189 650 3230 sese
672 3170 813 3230 vicissim
833 3170 960 3229 iuuant.
1006 3168 1139 3228 Vtinam
1157 3168 1270 3229 eadem
1291 3187 1383 3228 mens
1398 3168 1442 3228 sit
1456 3165 1653 3230 Germaniae

453 3255 605 3314 nostres!
628 3254 661 3313 in
684 3272 751 3331 qua
772 3253 834 3313 sibi
856 3253 994 3331 quisquc
1016 3251 1138 3323 scribit,
1161 3271 1199 3311 ac
1221 3252 1278 3311 vix
1300 3250 1404 3311 vllum
1426 3252 1577 3312 inuenies
1599 3253 1653 3314 cui

452 3333 580 3414 deleges
609 3336 662 3397 vel
695 3337 801 3414 exigui
830 3335 933 3396 libelli
961 3335 1234 3413 recognitionem;
1279 3334 1426 3412 adeoque
1458 3331 1651 3397 Gratiarum

452 3437 527 3479 cum
550 3419 651 3480 Musis
673 3418 861 3480 sodalitium
883 3418 1085 3497 diremptum
1107 3425 1158 3479 444
1179 3425 1228 3491 vt,
1244 3417 1271 3477 si
1293 3418 1350 3496 qui
1371 3419 1439 3477 sint
1458 3417 1546 3479 inter
1567 3437 1651 3498 quos

389 3510 438 3560 435
452 3504 636 3575 conueniat,
659 3502 801 3563 factione
823 3503 934 3581 potius
956 3521 1055 3580 quam
1078 3521 1215 3581 syncera
1237 3500 1466 3562 beneuolentia
1487 3502 1650 3582 congluti-

452 3593 582 3647 nentur.
627 3586 748 3647 Verum
774 3587 916 3665 optarim
939 3586 1038 3646 istam
1060 3585 1230 3645 ciuitatem
1256 3591 1369 3664 patere
1395 3583 1505 3657 latius,
1527 3592 1568 3645 vt
1589 3605 1651 3666 pro

452 3669 585 3730 Francis
611 3669 774 3730 haberetis
796 3671 982 3748 quicunque
1008 3668 1176 3729 Musarum
1199 3688 1292 3729 sacra
1320 3667 1474 3738 colerent,
1497 3674 1650 3748 essetque

451 3751 566 3813 foedus
585 3753 798 3831 ingeniorum,
819 3772 885 3813 non
904 3752 1083 3831 regionum.
1128 3752 1217 3813 Haec
1238 3751 1412 3812 concordia
1434 3751 1592 3812 maiorem
1615 3753 1650 3814 in

451 3836 585 3896 modum
600 3836 796 3896 conduceret
813 3842 848 3896 et
862 3836 1080 3915 prouehendis
1096 3836 1229 3915 optimis
1243 3834 1422 3913 disciplinis
1436 3840 1471 3895 44
1485 3833 1649 3897 bonarum

387 3928 437 3977 44ο
450 3918 636 3979 litterarum
659 3918 808 3979 hostibus
828 3919 1059 3998 opprimendis.
1103 3918 1258 3979 Nondum
1278 3920 1364 3978 enim
1385 3917 1519 3978 omnino
1538 3918 1648 3997 profli-

449 4008 528 4080 gata
547 4009 599 4063 est
621 4002 807 4075 barbaries;
830 4002 931 4062 habet
949 4002 1057 4062 adhuc
1077 4002 1247 4080 praesidia,
1268 4008 1303 4061 et
1322 4001 1443 4063 alicubi
1463 4000 1648 4064 meditetur

449 4084 668 4164 redintegrare
684 4085 814 4146 bellum.

491 4168 553 4229 Est
571 4169 662 4230 vtilis
681 4169 768 4229 inter
789 4167 935 4229 eruditos
955 4169 1166 4240 concertatio,
1182 4167 1239 4228 sed
1256 4167 1299 4228 ab
1314 4187 1353 4228 ea
1367 4173 1501 4247 oportet
1515 4186 1647 4230 omnem

449 4251 702 4313 amarulentism
724 4252 837 4331 procul
860 4251 981 4312 abesse.
1027 4251 1132 4324 Quam
1154 4251 1275 4330 volupe
1297 4258 1348 4312 cst
1367 4252 1455 4311 inter
1474 4250 1647 4314 Budaeum

385 4341 435 4392 445
448 4341 483 4396 44
504 4334 633 4396 Zasium
656 4355 725 4396 4444
747 4335 973 4396 concordiam!
1004 4337 1061 4413 qui
1083 4337 1233 4414 proximo
1259 4334 1369 4395 libello
1391 4334 1564 4396 Budaeum
1589 4355 1647 4417 ap·

448 4418 549 4497 pellat
567 4421 620 4479 ‘in
636 4419 770 4499 optimis
784 4417 904 4479 litteris
926 4418 1105 4498 principem
1119 4419 1136 4478 '.
1180 4418 1288 4479 Audio
1308 4418 1356 4478 illi
1376 4424 1411 4479 44
1425 4437 1500 4479 cum
1516 4418 1648 4482 Alciato

447 4503 631 4563 conuenire.
674 4502 724 4562 De
753 4500 910 4580 Longolio
939 4501 1018 4579 quid
1047 4502 1154 4563 dicam
1183 4503 1301 4575 nescio,
1331 4502 1394 4562 nisi
1427 4501 1517 4580 quod
1551 4502 1648 4565 doleo

480 4775 539 4826 414.
557 4759 806 4822 ο1)4444]01.Ηο4.
820 4760 908 4824 Epod.
923 4775 963 4819 12,
976 4775 1001 4824 3.
1103 4766 1163 4826 446.
1181 4777 1246 4811 cum
1253 4761 1375 4822 Alciato]
1383 4761 1426 4811 Cf.
1436 4762 1490 4825 Ep.
1498 4775 1575 4825 2329.
1583 4765 1647 4815 8444.

479 4841 539 4892 422.
557 4826 701 4888 coronam]
713 4826 756 4877 Gi.
765 4827 835 4877 Hor.
847 4827 877 4877 S.
890 4841 912 4877 1.
926 4842 965 4878 10.
976 4842 1019 4892 49.
1103 4843 1161 4892 447.
1181 4827 1326 4892 Longolio]
1339 4828 1389 4878 See
1402 4828 1456 4892 Ep.
1468 4841 1529 4892 914·
1564 4829 1611 4880 He
1622 4831 1647 4881 14

478 4908 540 4957 445.
558 4895 687 4957 proximo
698 4893 803 4956 libello]
813 4893 848 4943 In
858 4895 908 4944 the
917 4893 1020 4945 second
1070 4895 1145 4945 cited
1159 4896 1234 4954 hers,
1249 4894 1403 4958 evidently,
1416 4910 1449 4943 as
1461 4910 1499 4945 444
1515 4896 1647 4962 example

444 4966 578 5011 sentence
595 4961 625 5011 01
642 4961 686 5011 1414
699 4961 830 5026 Defensio
845 4961 1018 5020 novissim
1069 4962 1099 5010 01
1119 4977 1137 5011 a
1154 4977 1222 5011 man
1238 4962 1268 5011 ol
1291 4956 1390 5012 letters
1407 4962 1502 5012 whose
1522 4961 1571 5013 lile
1588 4978 1648 5015 was

444 5027 706 5092 sesEp.2368.1n.
1069 5028 1239 5079 embittered
1251 5029 1290 5093 by
1301 5029 1515 5079 controversies.
