4042 5900
430 642 493 703 400
757 635 957 700 sarrana
978 635 1270 701 orassemus
1570 643 1636 721 [1531

431 799 579 878 Zuinglio
600 804 635 860 et
650 796 911 878 Oecolampedio.
954 796 1101 871 Quorum
1122 798 1284 859 interitus
1308 800 1557 863 incredibilem
1575 800 1638 882 plne

385 906 419 957 40
432 885 540 962 risque
564 882 681 943 attulit
705 883 889 942 animorum
917 882 1146 942 mutationem.
1190 880 1291 943 Haec
1322 890 1386 945 est
1419 886 1576 947 nimirum
1598 884 1639 945 De'

432 985 548 1028 manus
562 965 709 1038 excelsa;
732 984 817 1043 quae
831 965 960 1025 vtinam
975 964 1064 1042 quod
1079 964 1187 1045 coepit
1201 964 1372 1043 perficiat
1389 968 1442 1029 ed
1462 971 1517 1031 sui
1530 970 1640 1031 nonna

431 1049 577 1129 gloriam.
621 1048 708 1108 Bene
723 1047 805 1109 vale.

474 1132 600 1193 Datum
614 1130 764 1211 Friburgi
778 1132 812 1191 xi
827 1130 879 1191 die
889 1129 1043 1192 Decemb:
1058 1129 1154 1191 Anno
1170 1144 1263 1208 1531.

726 1374 826 1437 2583.
874 1370 927 1436 To
942 1370 1057 1437 Mser
1072 1389 1117 1437 or
1133 1371 1344 1441 Honoras.

432 1510 605 1580 Esterhazy
618 1509 682 1564 MS.
696 1526 727 1580 p.
743 1523 807 1577 230.
1362 1512 1544 1586 Freiburg.

470 1586 534 1641 ΟΕ.
552 1599 615 1655 175.
1275 1600 1315 1641 12
1331 1587 1530 1646 December
1544 1605 1617 1659 1531.

432 1727 586 1773 aassnvs
600 1725 869 1771 aorraaousnvs
883 1725 1015 1770 1111111111
1030 1726 1204 1772 vaesana
1219 1713 1300 1789 (nr)
1313 1728 1493 1777 soma
1509 1731 1644 1778 aaomn

441 1812 483 1857 sc
498 1811 700 1856 cremanus
714 1808 911 1854 msaa10a1s
926 1809 1087 1855 osassms
1101 1810 1180 1855 vica
1195 1811 1476 1861 ovsmsrarcr
1490 1817 1565 1861 arc.
1580 1817 1603 1861 s.
1613 1816 1638 1859 a.
1686 1818 1687 1836 ²

473 1904 527 1965 An
552 1922 619 1964 non
643 1901 811 1963 euidenter
838 1902 1044 1981 agnoscimus
1072 1903 1106 1963 in
1134 1908 1178 1976 te,
1203 1902 1443 1968 foeminarum
1476 1908 1644 1969 illustrium

433 1988 567 2068 optima,
596 1985 743 2047 diuinam
771 1984 964 2058 bonitatem,
994 2004 1078 2063 quae
1106 1991 1183 2065 post
1210 1987 1328 2048 vinum
1360 1996 1401 2050 et
1434 1993 1645 2054 acrimoniam

432 2071 626 2132 tentationis
636 2068 759 2129 infudit
770 2068 878 2129 oleum
888 2067 1131 2143 consolationis,
1141 2089 1180 2130 ac
1191 2076 1268 2149 post
1276 2072 1488 2136 senissimus
1499 2074 1646 2155 proeellas

431 2153 586 2214 fortunae
614 2152 769 2213 seuientis
797 2152 917 2230 largita
945 2158 996 2213 est
1026 2159 1178 2232 optatam
1209 2154 1449 2219 serenitatem.
1499 2158 1646 2221 Aduenis

402 2236 529 2307 §rebus
550 2237 697 2297 exercuit
718 2234 815 2296 simul
836 2255 875 2296 ac
897 2234 1078 2297 illustrauit
1098 2242 1193 2298 tuam
1214 2237 1401 2316 pietatem:
1435 2244 1597 2305 exercuit
1616 2247 1647 2302 rt

432 2320 566 2381 vberius
580 2325 771 2393 coronaret;
794 2318 976 2380 illustrauit
989 2324 1029 2380 vt
1042 2319 1195 2400 exemplo
1208 2319 1377 2383 foeminae
1395 2323 1468 2385 viri
1488 2326 1648 2388 discerem

432 2405 598 2483 pacienter
618 2402 703 2464 ferre
722 2421 856 2463 manum
876 2401 1008 2463 Domini
1026 2402 1225 2481 flagellantis
1242 2422 1310 2465 non
1326 2404 1377 2466 ad
1392 2406 1586 2472 interitum
1600 2407 1648 2471 sad

432 2487 475 2547 ad
491 2486 641 2548 salutem.
685 2486 781 2547 Nunc
796 2485 880 2547 abiit
894 2485 1008 2564 hyems
1026 2487 1182 2559 tristium,
1198 2487 1292 2548 flores
1305 2499 1567 2568 apparuerunt
1585 2493 1648 2555 leti·

432 2571 511 2644 ciae,
533 2570 681 2650 preteriit
701 2568 841 2630 molesta
861 2574 1050 2649 tempestas,
1073 2571 1228 2632 successit
1250 2589 1396 2632 amoena
1418 2578 1648 2657 prosperitas:

387 2673 420 2710 10
433 2672 532 2733 quam
559 2653 621 2713 tibi
646 2659 840 2733 perpetuam
866 2659 1030 2732 optamus.
1073 2652 1193 2733 Itaque
1221 2654 1278 2733 qui
1304 2672 1369 2733 pro
1401 2661 1438 2717 te
1468 2658 1649 2733 doluimus,

433 2738 551 2798 merito
574 2756 633 2815 pro
656 2742 690 2797 te
711 2737 835 2815 gratias
856 2736 988 2814 quidem
1010 2736 1137 2815 agimus
1158 2738 1238 2799 Deo.
1281 2734 1518 2803 Gratulamur
1541 2751 1650 2805 autem

431 2840 498 2881 non
519 2827 589 2881 tam
611 2819 673 2880 tibi
694 2839 794 2898 quam
816 2820 944 2900 patriae
965 2825 1107 2892 nostrae,
1130 2821 1231 2882 talem
1253 2818 1436 2884 habiturae
1461 2824 1650 2901 dominam,

433 2905 525 2965 cuius
554 2904 706 2984 auspiciis
737 2902 921 2982 gubernate
955 2902 1050 2982 longe
1082 2905 1186 2985 magis
1220 2905 1345 2987 pietate
1379 2924 1422 2968 ac
1459 2908 1651 2992 disciplinis

432 2987 620 3049 liberalibus
635 3007 735 3065 quam
750 2986 867 3067 opibus
881 2987 1068 3049 efflorescet.

388 3092 418 3140 15
475 3071 537 3132 Hic
552 3091 639 3132 mora
653 3070 801 3149 Zuinglii‚
817 3072 873 3149 qui
889 3071 922 3131 in
937 3071 1005 3131 acie
1020 3072 1126 3151 periit,
1141 3077 1176 3134 et
1193 3071 1444 3150 Oecolampadii
1461 3078 1531 3154 qui
1553 3078 1651 3155 paulo

433 3161 509 3234 post
528 3160 733 3234 apostemate
755 3161 790 3215 et
810 3153 894 3215 febri
914 3155 1082 3215 extinctus
1101 3161 1161 3228 est,
1177 3154 1401 3217 incredibilem
1417 3157 1456 3218 in
1475 3159 1650 3242 plerisque

432 3240 650 3299 mutationem
675 3239 859 3299 animorum
885 3238 1022 3299 inuexit.
1066 3237 1100 3298 Si
1124 3238 1214 3300 Deus
1238 3238 1434 3318 dignabitur
1460 3242 1650 3308 admouere

433 3341 566 3383 manum
598 3340 701 3393 suam,
730 3340 825 3401 spero
856 3321 953 3383 finem
984 3320 1081 3382 huius
1110 3321 1197 3383 mali.
1252 3323 1415 3383 Dominus
1445 3332 1576 3389 autem
1607 3331 1650 3390 sic

432 3404 630 3485 temperabit
641 3406 787 3466 animum
798 3405 1005 3466 inuictissimi
1013 3403 1168 3478 Caesaris,
1177 3412 1217 3466 vt
1226 3407 1271 3466 sio
1281 3405 1473 3468 euellantur
1482 3411 1649 3486 zizaniae,

386 3511 420 3546 20
432 3508 473 3550 ne
488 3489 585 3549 simul
600 3488 784 3549 eradicetur
796 3495 831 3549 et
846 3489 1003 3550 triticum.
1049 3488 1168 3567 Itaque
1182 3495 1405 3568 compescetur
1425 3491 1598 3571 impietas
1612 3504 1649 3557 vt

431 3573 572 3633 victoria
586 3571 682 3632 cedat
697 3572 730 3631 in
749 3571 870 3632 Christi
889 3573 1026 3650 gloriam
1046 3573 1259 3653 pociusquam
1279 3572 1401 3632 excitet
1421 3579 1648 3651 quorundam

432 3655 651 3733 tyrannidem.
694 3654 881 3716 Accurrunt
895 3657 982 3717 enim
998 3656 1180 3735 complures
1194 3655 1238 3717 ad
1257 3656 1318 3716 hoc
1337 3653 1508 3718 Ecclesiae
1531 3662 1645 3725 incon.

432 3738 522 3799 dium
551 3738 742 3810 sedandum,
772 3739 830 3817 qui
858 3740 996 3818 priuatis
1025 3739 1198 3802 affectibus
1226 3739 1372 3818 corrupti
1397 3757 1500 3801 suum
1535 3753 1646 3824 agunt

431 3824 618 3901 negocium;
651 3821 928 3900 quemadmodum
956 3823 1148 3902 plerumque
1177 3823 1217 3884 fit
1244 3829 1284 3884 vt
1311 3823 1346 3883 in
1373 3822 1645 3903 conflagratione

386 3925 418 3973 25
432 3906 548 3966 domus
571 3911 746 3967 accurrant
766 3905 900 3983 quidam
920 3925 987 3966 non
1006 3912 1046 3967 vt
1065 3906 1272 3986 opitulentur
1290 3905 1348 3967 sed
1364 3910 1404 3965 vt
1418 3909 1643 3984 praedentur.

432 3989 529 4049 Multi
551 3996 669 4050 curant
691 3989 774 4068 pilos
795 3995 830 4049 et
851 4009 983 4068 vngues,
1006 3991 1140 4052 intactis
1161 3990 1347 4052 hulceribus
1369 3988 1459 4050 vnde
1483 3996 1644 4057 nascitur

431 4078 524 4133 totus
546 4072 598 4133 hic
620 4073 735 4133 mundi
756 4072 930 4134 tumultus.
974 4071 1038 4135 Sed
1060 4073 1219 4135 Dominus
1238 4073 1418 4153 aliquando
1436 4072 1643 4152 dignabitur

431 4155 529 4217 finem
543 4156 593 4217 his
607 4156 703 4217 malis
717 4156 891 4235 imponere.

474 4240 615 4299 Leuinus
631 4239 850 4317 Panagathus,
865 4240 993 4301 iuuenis
1006 4242 1129 4321 ingenii
1146 4240 1255 4301 dextri
1273 4247 1308 4301 et
1326 4239 1501 4317 vtriusque
1521 4239 1640 4305 litera-

386 4343 420 4391 30
432 4330 527 4383 turae
542 4324 622 4382 satis
636 4324 771 4401 peritus,
786 4325 844 4401 qui
863 4323 943 4384 mihi
962 4323 1029 4385 fuit
1043 4344 1064 4386 a
1078 4323 1230 4386 manibus
1249 4343 1352 4385 anuos
1370 4322 1437 4383 fere
1456 4342 1528 4397 sex,
1550 4330 1641 4390 miro

432 4406 542 4466 studio
560 4404 664 4465 ambit
684 4425 754 4466 esse
773 4407 805 4466 in
823 4406 935 4484 aliqua
949 4414 1043 4487 parte
1061 4414 1140 4469 tuae
1156 4406 1299 4468 familiae
1313 4407 1380 4466 siue
1394 4412 1454 4466 tua
1472 4409 1639 4473 maiestas

432 4490 584 4567 dignetur
601 4487 693 4548 illum
716 4491 856 4568 recipere
875 4491 910 4550 in
929 4510 1101 4552 numerum
1122 4510 1234 4552 eorum
1256 4490 1313 4568 qui
1334 4495 1411 4549 sunt
1429 4508 1450 4549 a
1467 4490 1639 4556 cubiculis

432 4574 500 4633 siue
521 4573 554 4632 in
573 4570 789 4650 quodcunque
804 4572 895 4634 aliud
914 4574 1056 4636 officium
1074 4575 1226 4654 quamuis
1245 4572 1414 4634 mediocre.
1459 4571 1557 4635 Inter
1573 4582 1638 4639 tua

431 4656 595 4734 mancipia
613 4655 705 4733 cupit
724 4674 793 4714 esse
813 4675 1008 4735 quocunque
1027 4677 1173 4720 numero.
1216 4656 1325 4717 Notus
1342 4662 1393 4717 est
1411 4654 1553 4718 Alfonso
1571 4662 1635 4739 [et]

465 4808 540 4857 258³.
559 4822 599 4870 30.
618 4807 676 4856 fere
699 4805 759 4866 sex]
783 4805 818 4854 In
844 4806 913 4870 July
937 4820 1002 4872 1524
1053 4814 1085 4858 to
1113 4807 1141 4857 J.
1170 4807 1324 4857 Dantiscus
1345 4804 1377 4856 of
1404 4818 1420 4867 5
1446 4804 1522 4855 Nov.
1555 4821 1635 4872 1531,

431 4875 497 4939 (Ep.
521 4887 593 4937 1470.
615 4875 657 4936 30)
678 4874 813 4923 Erasmus
835 4888 900 4936 says
920 4873 1003 4937 ‘plus
1054 4875 1150 4924 writes
1169 4872 1392 4939 ‘propemodum
1409 4873 1559 4938 septem’;
1584 4891 1636 4927 see

431 4943 557 5007 quinque
567 4940 591 4999 ’ς
609 4942 638 4989 in
651 4940 717 5004 May
731 4943 795 5002 1526
807 4939 873 5004 (Ep.
888 4943 960 5001 1716.
973 4941 1002 5000 9)
1053 4941 1108 5006 Ep.
1121 4942 1196 5003 2582.
1209 4954 1272 5005 34n.

432 5009 506 5059 ‘fere
515 5013 625 5073 septem
633 5007 649 5057 ’.
678 5007 811 5065 Iavinua,
823 5007 853 5056 in
864 5006 908 5056 hie
917 5005 1002 5056 letter
