4042 5900
366 664 461 746 2467]
681 666 737 729 TO
758 666 976 731 BONIFACE
997 669 1243 733 AMERBAOH
1499 673 1558 733 231

364 823 559 885 consultare.
603 823 668 885 Sed
681 824 741 887 hec
756 845 876 900 coram,
891 828 919 888 si
933 827 1002 889 fieri
1022 830 1136 908 possit.
1179 828 1236 891 Sin
1255 831 1375 903 minus,
1389 831 1560 891 mittemus

364 914 501 969 certum.
546 905 630 981 Quid
654 908 735 969 mibi
757 912 880 989 gratias
903 912 972 989 agis
994 912 1034 973 de
1056 911 1169 974 oblato
1191 912 1357 992 bospitio?
1380 915 1473 992 quasi
1494 932 1560 974 non

364 992 475 1069 magni
490 991 635 1052 beneficii
650 990 723 1053 loco
737 993 898 1055 ducturus
913 994 985 1067 sim,
997 996 1027 1055 si
1041 995 1220 1075 dignareris
1234 995 1278 1058 ad
1292 996 1476 1076 complures
1490 998 1560 1059 dies

364 1074 452 1135 domi
473 1093 565 1136 meae
583 1075 690 1136 facere
705 1076 866 1155 quidquid
881 1077 991 1139 velles.
1035 1079 1079 1140 Ni
1098 1085 1132 1140 te
1146 1080 1240 1140 vnice
1257 1098 1413 1153 amarem,
1429 1100 1559 1141 succen·
1575 1099 1607 1135 10

364 1176 477 1231 serem,
500 1158 589 1236 quod
611 1158 702 1238 apud
722 1158 921 1221 Glareanum
942 1161 1063 1223 cubare
1084 1161 1248 1224 malueris.
1292 1161 1357 1224 Sed
1378 1164 1559 1225 humanum

364 1246 425 1301 est.
469 1241 607 1303 Famula
619 1248 735 1304 nostra
748 1244 813 1304 iam
826 1244 961 1306 rancida
974 1251 1035 1306 est.
1079 1244 1167 1307 Bene
1181 1245 1265 1307 vale.

407 1323 508 1400 30al.
524 1325 627 1405 April.

1157 1412 1315 1474 Erasmus
1331 1412 1409 1474 Rot.
1425 1419 1514 1475 tuus.

405 1489 522 1552 Saluta
536 1492 677 1571 regalem
692 1491 795 1554 illum.
1576 1529 1607 1577 15

405 1597 562 1661 Ornatiss.
578 1600 618 1663 D.
634 1600 762 1663 doctori
776 1600 946 1663 Bonifacio
960 1600 1179 1746 Αωοέῢαίῗὴίο

1058 1705 1095 1745 as
1119 1705 1185 1749 eae.

644 1954 803 2020 2³⁹⁴2468.
850 1954 903 2020 Το
926 1956 1095 2021 Annsnw
1118 1956 1279 2022 Arcum.

400 2066 606 2137 Copenhagen
618 2067 683 2122 MS.
698 2066 811 2122 ΘΚΒ.
826 2082 862 2134 95
876 2067 952 2132 Ful„
966 2068 988 2123 f.
1004 2083 1071 2135 225.
1317 2068 1476 2140 Freiburg.

399 2140 431 2195 J.
439 2145 552 2271 ΙαΒόαΠ
556 2143 607 2286 713
621 2159 652 2213 p.
667 2144 720 2197 82:
740 2141 779 2197 N.
794 2160 825 2214 p.
842 2146 931 2197 1006:
951 2143 1050 2199 Lond.
1065 2143 1149 2198 xxvi.
1163 2147 1198 2198 6:
1265 2160 1299 2213 31
1315 2144 1424 2199 March
1439 2159 1521 2213 1531.

424 2309 482 2371 [An
493 2310 654 2376 autograph
664 2310 855 2376 roughdrait,
867 2311 938 2361 with
949 2311 1000 2362 the
1013 2311 1135 2377 heading
1145 2312 1240 2362 added
1251 2314 1290 2377 by
1301 2328 1319 2363 a
1330 2313 1494 2378 secretam]

566 2417 718 2462 BRASMVS
733 2417 982 2463 sormonsuvs
997 2417 1161 2462 Annum
1175 2417 1318 2463 sucuro
1333 2417 1359 2462 S.

404 2506 506 2582 Quum
520 2509 634 2570 multis
648 2509 789 2571 antehac
804 2511 1008 2590 argumentis
1020 2509 1184 2589 singulare
1194 2509 1361 2588 quoddam
1373 2516 1469 2570 tuum
1483 2529 1560 2589 erga

363 2611 415 2652 me
437 2593 584 2654 studium
602 2593 734 2654 abunde
755 2593 942 2667 declararis,
964 2594 1063 2672 idque
1085 2612 1146 2673 pro
1166 2595 1218 2653 tui
1232 2594 1334 2671 magis
1348 2593 1468 2671 ingenii
1483 2612 1558 2654 can-

363 2675 442 2737 dore
467 2695 566 2754 quam
592 2694 652 2755 pro
677 2678 756 2737 meis
781 2678 917 2750 meritis,
944 2677 1072 2738 Alciate
1097 2676 1294 2748 doctissime,
1325 2675 1417 2736 nullo
1446 2682 1560 2738 tamen

363 2761 485 2820 certius
500 2759 580 2819 mihi
594 2759 692 2820 fidem
706 2759 814 2820 iecisti
831 2762 948 2839 quanti
967 2779 1020 2820 me
1037 2761 1170 2833 faceres,
1186 2778 1285 2837 quam
1300 2758 1388 2819 hisce
1402 2761 1560 2839 proximis

363 2844 431 2903 tuis
446 2842 574 2915 litteris,
590 2843 710 2920 quibus
724 2862 792 2904 non
806 2845 914 2904 minus
929 2844 1051 2904 diserte
1066 2862 1166 2921 quam
1181 2848 1332 2903 amanter
1347 2841 1408 2903 hoc
1428 2844 1505 2921 agis,
1521 2850 1588 2920 vt5

363 2925 495 2987 silentio
520 2932 777 3007 contemptuque
803 2928 1034 3007 potiusquam
1058 2926 1262 3000 reluctando,
1285 2926 1328 2988 ab
1347 2925 1560 3006 improbitate

362 3010 554 3071 tabularum
580 3010 661 3071 mihi
685 3013 829 3089 quietem
853 3013 1026 3089 ociumque
1050 3010 1224 3072 vindicem.
1268 3010 1359 3071 Vnde
1384 3011 1472 3071 enim
1494 3011 1561 3072 ista

363 3100 461 3154 tanta
476 3095 539 3155 mei
553 3094 749 3168 sollicitudo,
766 3095 828 3156 nisi
843 3094 885 3155 ab
905 3094 1112 3155 abundantia
1127 3094 1271 3172 quadam
1290 3095 1419 3167 amoris,
1436 3100 1506 3167 aut,
1521 3101 1561 3155 vt

363 3179 485 3237 rectius
510 3177 628 3250 dicam,
651 3180 785 3256 pietatis
808 3197 886 3257 erga
910 3184 1042 3239 metue
1071 3176 1309 3257 proficiscitur?
1352 3176 1457 3238 Istam
1481 3195 1560 3238 vero

363 3263 550 3321 cantionem
565 3267 602 3321 tu
618 3261 699 3322 mihi
713 3281 772 3322 nec
787 3263 911 3341 primus
929 3280 988 3322 nec
1008 3260 1097 3322 solus
1112 3262 1241 3322 occinis.
1270 3259 1418 3321 Eandem
1434 3260 1559 3322 iamdu·
1575 3287 1607 3324 ιο

363 3344 442 3405 dum
458 3343 556 3406 audio
571 3344 613 3405 ab
628 3346 808 3407 amicorum
823 3363 969 3405 meorum
989 3345 1181 3423 praecipuis,
1197 3342 1359 3405 Outberto
1378 3343 1559 3417 Tonstallo‚

363 3428 485 3489 Iacobo
499 3427 663 3501 Sadoleto,
675 3435 710 3489 et
725 3429 878 3507 Baptista
888 3428 1040 3507 Egnatio,
1052 3446 1243 3506 quanquam
1255 3447 1296 3488 ex
1305 3426 1356 3487 his
1364 3428 1560 3506 posteriores

363 3511 429 3573 duo
444 3513 621 3572 monitores
635 3531 717 3590 pene
731 3513 794 3572 seri
813 3513 1005 3584 extiterunt,
1022 3517 1061 3571 vt
1075 3510 1311 3590 propemodum
1330 3509 1410 3588 μετὰ
1424 3509 1560 3589 πόλεμον

363 3593 420 3673 τὴν
434 3593 611 3672 συμμαχίαν
625 3593 780 3673 παρέχειν,
795 3592 848 3654 καὶ
862 3593 917 3654 τὸν
930 3593 1038 3672 νεκρὸν
1052 3592 1202 3672 ἰατρεύειν
1216 3593 1401 3654 videantur.
1433 3594 1501 3655 Nec
1516 3594 1559 3655 ob

363 3678 397 3738 id
419 3684 530 3738 tamen
552 3679 661 3738 minus
682 3684 778 3757 grata
795 3684 847 3739 est
861 3678 991 3739 illorum
1013 3677 1177 3750 voluntas,
1192 3677 1281 3756 quod
1296 3678 1405 3738 minus
1419 3677 1501 3738 vtile
1515 3679 1559 3738 sit
1574 3702 1604 3751 15

364 3760 514 3822 officium.
559 3761 739 3833 Postremo,
754 3767 806 3821 est
820 3761 945 3839 aliquid
959 3760 1014 3821 vel
1029 3779 1101 3821 sero
1115 3780 1228 3840 sapere
1242 3779 1318 3821 cum
1334 3760 1528 3839 Phrygibus.

404 3844 515 3923 Atque
530 3845 658 3904 vtinam
678 3844 776 3904 liceat
790 3850 825 3905 et
839 3850 995 3905 anteacta
1009 3843 1152 3922 quedam
1167 3845 1201 3904 in
1215 3845 1379 3922 integrum
1394 3862 1557 3905 reuocare.

363 3926 449 3987 Nam
463 3947 505 3988 ne
524 3927 638 3988 videar
652 3929 853 4007 patrocinari
871 3926 977 4007 culpo,
993 3926 1192 4005 quibusdam
1211 3926 1417 4007 respondisse
1431 3947 1484 3988 me
1498 3946 1557 4007 pu·

363 4010 421 4071 det
435 4011 606 4090 pigetque:
629 4011 748 4089 quibus
763 4017 876 4072 tamen
896 4029 1111 4090 responsurus
1130 4029 1197 4071 non
1213 4029 1312 4083 eram,
1328 4011 1356 4071 si
1370 4009 1558 4072 maluissem

363 4095 463 4154 animi
484 4096 548 4154 mei
561 4094 727 4156 arbitratu
749 4114 817 4155 rem
836 4113 955 4174 gerere,
971 4113 1071 4172 quam
1091 4095 1271 4154 amicorum
1292 4112 1359 4154 non
1374 4093 1558 4173 vulgarium
1571 4119 1605 4156 20

363 4177 550 4239 hortatibus
565 4178 708 4256 obsequi.
753 4177 893 4239 Proinde
912 4196 1015 4256 quum
1037 4176 1093 4237 alii
1112 4176 1290 4238 suaderent
1309 4177 1486 4250 silentium,
1501 4176 1559 4238 alii

362 4267 495 4321 autores
517 4268 627 4322 essent
648 4268 686 4321 vt
711 4263 829 4321 acriter
850 4262 1042 4340 stringerem
1064 4260 1238 4333 calamum,
1262 4265 1559 4339 temperamentum

362 4344 507 4405 medium'
522 4350 681 4422 sequutus
695 4362 778 4417 sum,
793 4345 946 4404 nimirum
958 4351 996 4404 vt
1011 4363 1070 4405 nec
1085 4343 1238 4405 omnibus
1253 4343 1483 4423 responderem
1499 4363 1558 4406 nec

363 4427 515 4488 omnibus
530 4428 769 4500 obticescerem,
785 4446 913 4506 semper
920 4433 1033 4488 tamen
1048 4427 1274 4488 moderatione
1284 4429 1447 4488 vincerem
1459 4426 1557 4488 laces·

363 4517 481 4573 sentes.
526 4510 588 4572 Odi
610 4511 718 4571 iatum
740 4530 859 4584 meum,
882 4512 1010 4590 quoties
1032 4529 1183 4572 recenseo
1202 4515 1256 4571 tot
1274 4529 1364 4571 meas
1381 4509 1556 4590 apologias.
1571 4537 1603 4586 ²5

647 4621 722 4670 2468.
743 4634 766 4671 1.
784 4627 868 4671 tuum
879 4620 942 4671 add.
955 4618 985 4669 J.
1073 4634 1112 4670 10.
1131 4625 1165 4671 tu
1177 4618 1273 4672 cm.J.

365 4715 898 4819 'siuT3'.]-Tgn0m]r.q.senum.
983 4758 1095 4804 exani.

395 4820 932 4887 2468.11.T0nsasllo]siressp.2226.
1019 4834 1059 4883 ¹3·
1076 4817 1140 4882 μετὰ
1151 4817 1271 4898 πόλεμογ]
1284 4818 1371 4880 Aduo.
1384 4831 1459 4881 2517·
1488 4885 1518 4897 ..

363 4902 662 5018 ¹³ill'sad01et015oe
673 4955 728 5019 Ep.
741 4955 816 5019 2385.
828 4957 920 5017 36-50.
983 4885 1415 5012 Lidluseurlnrfdhrloymglcgsmlaffl:
1422 4887 1558 5018 2ξοὛέ

428 5022 561 5089 Egnatio]
574 5022 619 5072 No
628 5021 714 5073 letter
725 5021 755 5072 ol
765 5022 816 5072 the
828 5019 897 5072 kind
908 5021 932 5071 ia
981 5019 1127 5086 Lindsay).
