4042 5900
437 669 500 728 450
784 666 982 729 narrans
1003 665 1305 732 onnsssrrus
1564 674 1619 751 [ης

437 844 498 888 suo
517 831 596 888 voto
613 832 648 888 et
666 826 746 887 mihi
765 830 876 888 totum
895 825 1067 887 vendicare
1084 825 1175 904 quod
1192 826 1399 907 aliquanta
1421 849 1468 892 ex
1489 837 1621 912 pertenet

378 920 425 969 180
437 909 604 971 alienum?
646 908 710 970 Sed
728 909 780 971 hic
798 909 903 983 dolus,
918 910 945 970 si
960 909 1059 971 modo
1073 909 1161 969 vllus
1175 917 1245 984 est,
1262 912 1359 991 quid
1376 914 1428 977 ad
1446 914 1621 995 Euangelim

437 997 498 1054 aut
512 994 564 1054 cui
579 992 632 1053 vel
646 992 705 1072 pili
718 992 875 1053 damnum
889 992 1022 1054 adfert?

479 1075 543 1137 Sed
564 1075 604 1137 de
622 1075 708 1137 Iulio
728 1082 822 1156 potes
841 1082 876 1136 et
895 1076 1037 1138 testibus
1057 1075 1173 1137 docere
1192 1077 1296 1140 vnde
1314 1081 1481 1160 primum
1503 1082 1622 1163 prodierit

437 1158 512 1220 Non
533 1160 648 1220 stetim
670 1161 697 1220 is
719 1164 816 1221 autor
836 1165 888 1220 est
909 1161 967 1238 qui
986 1178 1046 1220 sua
1066 1178 1167 1219 manu
1188 1158 1402 1243 descripsit,
1424 1166 1494 1226 etsi
1512 1173 1546 1227 tn
1561 1171 1624 1227 tels

437 1243 598 1322 producas
612 1244 706 1304 istius
721 1244 910 1323 suspitionis
923 1248 1064 1303 autores.
1100 1242 1228 1304 Eadem
1246 1264 1366 1326 opera
1382 1249 1505 1310 inures
1518 1249 1624 1330 perfidie

377 1336 424 1397 185
437 1332 550 1388 notem
572 1327 611 1388 iis
628 1345 710 1405 quos
731 1332 769 1387 tu
789 1328 880 1405 cupis
900 1325 1020 1387 habere
1040 1325 1223 1388 fidissimos.
1277 1328 1316 1390 Si
1334 1351 1425 1393 cum
1441 1332 1566 1394 Nessus
1574 1352 1625 1393 un·

436 1428 536 1488 quam
560 1409 746 1471 habuissem
769 1409 1038 1481 familiaritatem,
1067 1408 1181 1470 multis
1206 1411 1394 1475 molestiis
1427 1417 1626 1477 carmmemh

437 1512 519 1571 quas
537 1493 590 1554 ille
608 1512 660 1554 me
677 1494 824 1554 coniecit.
868 1492 917 1553 De
932 1492 1081 1553 trucibus
1094 1492 1247 1572 epistolis
1264 1515 1424 1576 prorsus
1440 1518 1512 1561 non
1527 1501 1625 1564 menia

436 1577 498 1637 nisi
512 1576 597 1637 forte
612 1577 713 1637 sentis
728 1575 768 1637 de
782 1578 853 1636 vita
869 1574 971 1638 Stulti
985 1575 1121 1637 Nicolai.
1164 1575 1258 1637 Nam
1276 1581 1438 1658 quidam
1455 1583 1521 1645 hoc
1534 1582 1627 1645 libelis

437 1679 488 1721 me
513 1660 698 1739 profectum
723 1659 984 1739 suspicabantur.
1027 1658 1091 1720 Sed
1116 1659 1196 1738 quid
1225 1660 1295 1722 hec
1329 1664 1381 1725 ad
1416 1665 1588 1741 Bacchum,
1606 1673 1626 1725 n

377 1768 423 1814 190
436 1743 553 1804 aiunt?
596 1742 671 1803 Non
693 1744 834 1803 insector
856 1742 944 1821 quod
963 1743 1102 1803 vtamini
1124 1741 1217 1815 fucis,
1237 1745 1307 1805 sed
1332 1749 1451 1826 quod,
1473 1770 1571 1829 quum
1586 1768 1627 1811 nn

436 1827 578 1887 maxime
592 1826 730 1887 arduam
748 1827 954 1905 susceperitis
968 1826 1128 1904 vobisque
1141 1844 1330 1905 personam
1353 1834 1580 1912 apostolicam
1593 1834 1628 1894 in·

436 1910 618 1989 posueritis,
637 1915 749 1970 tamen
769 1910 964 1970 existimetis
984 1908 1037 1970 hic
1059 1909 1292 1972 admiscendos
1317 1932 1400 1976 esse
1426 1917 1535 1980 fucos.
1573 1916 1629 1979 Si's

436 1992 497 2053 hoc
512 1993 716 2072 proscenium
730 1993 909 2072 prodissem
923 1993 957 2053 in
972 2011 1038 2071 quo
1053 2011 1112 2054 vos
1126 1992 1225 2071 agitis
1239 1993 1426 2073 fabulam,
1439 2020 1570 2062 summe
1581 2018 1630 2062 cun

435 2076 626 2156 dispicerem
651 2095 692 2136 ne
716 2075 797 2154 quid
819 2075 872 2136 vel
895 2075 1035 2136 facerem
1060 2075 1113 2136 val
1137 2075 1283 2138 dicerem
1316 2081 1378 2142 vel
1407 2084 1585 2147 scriberem
1602 2086 1631 2144 ir-

376 2184 422 2233 195
436 2159 572 2238 dignum
587 2159 783 2239 Euangelica
798 2160 1004 2238 synceritate.
1039 2158 1084 2220 Et
1098 2160 1125 2219 si
1140 2165 1271 2221 vestrae
1288 2164 1490 2229 sodalitati
1504 2168 1631 2230 dedim

436 2261 564 2315 nomen,
588 2242 648 2303 hoc
670 2244 776 2303 scrius
799 2241 1077 2322 reprehendissem
1101 2243 1290 2305 istiusmodi
1315 2246 1437 2323 fucos,
1467 2271 1539 2331 quo
1560 2251 1632 2329 magi

435 2332 599 2405 optassem
614 2345 710 2386 cause
724 2333 832 2386 vestre
847 2325 1009 2405 opinionis
1024 2326 1148 2405 optime
1162 2325 1294 2388 felicem
1311 2340 1504 2396 euentum.

477 2409 547 2488 Ego
568 2428 627 2469 nec
646 2408 760 2470 Luteri
779 2428 817 2469 ac
839 2409 1013 2469 Pomerani
1034 2409 1299 2472 criminationem
1322 2431 1393 2476 nee
1418 2422 1524 2480 tuam
1545 2435 1633 2499 purge

435 2494 557 2553 tionem
573 2492 645 2571 legi.
690 2492 833 2553 Tantum
848 2492 937 2570 quod
951 2511 1018 2552 vno
1032 2510 1087 2553 ore
1101 2492 1273 2553 dicebatur
1286 2494 1338 2555 eb
1355 2496 1414 2560 his
1431 2503 1497 2580 qui
1515 2502 1633 2583 legerant

373 2601 423 2636 200
435 2575 566 2637 credidi.

477 2658 526 2719 De
544 2659 706 2738 hypocrisi
726 2659 806 2720 mihi
821 2659 983 2737 persuasit
1002 2659 1070 2738 ipse
1088 2663 1166 2720 tuus
1183 2658 1329 2733 libellus,
1347 2666 1414 2742 qui
1433 2667 1553 2731 effecit
1565 2666 1634 2729 yth

435 2748 495 2802 tua
523 2743 721 2820 synceritate
750 2743 850 2822 paulo
879 2743 987 2802 minus
1019 2741 1183 2821 praeclare
1211 2744 1379 2807 sentirem
1413 2769 1530 2829 quam
1560 2758 1634 2813 ants

436 2826 637 2886 sentiebam:
660 2826 820 2904 siquidem
840 2826 874 2886 in
892 2844 933 2887 eo
951 2825 1058 2886 multa
1078 2826 1208 2886 inerant
1222 2845 1287 2905 que
1301 2847 1379 2891 non
1398 2835 1634 2914 respondebunt

435 2908 499 2970 illis
520 2908 708 2971 absolutam
727 2910 885 2990 pietatem
900 2928 958 2989 pre
972 2928 1006 2970 se
1021 2908 1212 2983 ferentibus,
1227 2909 1325 2972 vobis
1341 2920 1570 2997 propositum
1585 2936 1636 2981 ese

373 3017 422 3066 205
435 2993 586 3073 prodesse
601 2993 761 3065 omnibus,
777 2993 884 3053 ledere
898 2994 1071 3066 neminem,
1086 2992 1167 3053 nihil
1181 2999 1335 3073 spectare
1351 3016 1468 3076 quam
1485 3002 1635 3065 christun

435 3081 469 3136 et
490 3078 636 3137 animum
658 3076 776 3137 habere
796 3082 949 3156 peretum
968 3076 1013 3137 ed
1032 3076 1260 3156 perpetiendos
1279 3087 1415 3143 mortes
1430 3103 1477 3147 ac
1494 3087 1636 3168 supplicis

434 3179 494 3239 pro
508 3159 646 3221 Christo.

475 3243 579 3321 Atqui
594 3249 672 3303 sunt
686 3244 720 3304 in
738 3244 853 3303 castris
868 3244 986 3304 vestris
1000 3245 1058 3321 qui
1073 3243 1159 3303 clare
1173 3242 1370 3323 praedicent
1386 3247 1597 3330 Capitonem
1609 3272 1636 3313 se

435 3333 469 3387 te
483 3327 681 3406 <i>gneuiter
695 3332 842 3387 vestrum
857 3346 951 3406 agere
965 3328 1145 3405 negocium.
1189 3326 1280 3387 Idem
1295 3326 1460 3411 plerique
1476 3336 1636 3400 dictabant

308 3418 326 3449 u
373 3408 752 3489 210d000001ltmpadl0.
797 3409 861 3471 Sed
881 3411 1042 3471 Dominus
1058 3416 1110 3471 est
1129 3411 1187 3488 qui
1206 3410 1332 3471 iudicat
1351 3417 1467 3479 eorda
1492 3423 1637 3483 omnium

435 3492 541 3567 Quem
566 3492 731 3572 Zuinglius
756 3494 856 3554 fuerit
880 3493 923 3553 ad
948 3494 1145 3572 martyrium
1169 3499 1306 3573 paratus
1331 3499 1424 3561 satis
1451 3502 1637 3567 declmuit

435 3575 540 3649 Quam
565 3596 643 3637 vero
671 3575 905 3656 Euangelicum
933 3582 1100 3637 armatum
1129 3578 1163 3637 in
1191 3577 1259 3637 acie
1284 3577 1420 3656 cedere,
1449 3590 1639 3665 praemis

434 3678 535 3737 quum
551 3664 671 3738 petunt
685 3661 741 3739 qui
755 3659 952 3739 profitentur
966 3660 1200 3739 Euangelium!

470 3741 582 3804 Sermo
604 3749 681 3803 tuns
703 3745 759 3820 qui
781 3745 929 3821 sequitur
950 3744 984 3803 in
1005 3743 1145 3823 epistola
1167 3745 1212 3805 sic
1234 3749 1450 3823 temperatus
1473 3761 1534 3816 est
1559 3754 1640 3837 qnasi

373 3852 421 3901 215
434 3825 515 3886 nihil
530 3827 664 3886 omnino
678 3845 736 3886 nec
752 3827 969 3888 humanitatis
983 3846 1043 3887 nec
1061 3828 1269 3905 synceritatis
1288 3827 1516 3898 exhibuerim
1532 3839 1641 3902 vestri·

434 3910 634 3987 symmystis.
678 3910 748 3988 Ego
769 3929 848 3970 vero
867 3909 981 3971 multis
1001 3910 1106 3972 modis
1126 3910 1239 3971 videor
1255 3909 1336 3971 mihi
1356 3911 1403 3974 de
1426 3919 1535 3982 vobis
1557 3923 1641 3986 bene·

435 3993 580 4066 meritus,
607 3992 660 4053 vel
685 4012 786 4071 quum
811 3993 907 4054 initio
935 3993 1095 4054 Luterum
1120 4012 1307 4069 reuocarsm
1335 3995 1379 4056 ed
1414 4003 1643 4069 moderatiore

434 4075 577 4148 consilia,
593 4075 645 4136 vel
662 4096 765 4154 quum
782 4076 951 4157 theologos
972 4097 1010 4138 ec
1025 4077 1186 4157 principes
1201 4096 1221 4137 a
1240 4078 1361 4161 seuioia
1377 4098 1449 4158 pro
1466 4105 1551 4150 mea
1567 4088 1643 4151 virili

434 4159 643 4231 retraherem,
659 4159 712 4221 vel
727 4179 828 4238 quum
843 4160 953 4239 plures
967 4160 1176 4222 admonerem
1190 4165 1229 4221 vt
1246 4179 1267 4220 a
1284 4163 1426 4240 negocio
1442 4172 1546 4246 quod
1562 4173 1642 4235 vide

469 4362 524 4410 182.
542 4359 626 4421 Iulio]
639 4359 689 4410 See
700 4360 754 4425 Ep.
768 4374 816 4423 50²
828 4360 932 4412 introd.
1053 4361 1112 4412 this
1127 4362 1164 4411 he
1176 4359 1294 4412 allowed
1309 4360 1429 4413 himself
1441 4382 1524 4421 sven
1536 4381 1646 4440 gum

469 4428 524 4476 188.
543 4428 605 4477 vita
618 4463 624 4476 .
637 4463 644 4475 .
659 4464 665 4475 .
678 4427 796 4488 Nicolei]
805 4427 917 4493 SeeEp.
929 4431 1001 4490 1165.
1054 4427 1179 4478 freedom
1190 4429 1220 4479 in
1231 4427 1419 4493 elteringand
1428 4434 1552 4504 adding
1561 4442 1645 4493 tou„

433 4495 502 4556 38n:
527 4494 619 4543 where
638 4493 683 4543 for
700 4495 833 4557 apostolis
855 4495 922 4544 read
945 4496 1000 4559 epi·
1052 4501 1125 4545 text.
1143 4494 1645 4559 Luther‘ecriminate'oisocntsined

432 4561 518 4611 stolis.
1054 4562 1644 4641 inhialettertotheprintersnemgm

467 4629 524 4687 189.
542 4627 985 4692 adBacchum]Cf.Adoy.1357.
1053 4628 1111 4678 end
1145 4629 1279 4688 secorius,
1312 4628 1371 4679 LE.
1409 4637 1493 4693 ¹098·
1555 4641 1646 4692 ΒΜ

468 4695 557 4754 198-9.
578 4693 675 4744 Luteri
700 4731 706 4742 .
732 4732 737 4742 .
763 4732 769 4743 .
794 4696 1003 4759 purgationem]
1053 4695 1197 4746 enswered
1214 4695 1264 4746 the
1279 4695 1397 4760 charges
1415 4702 1512 4754 made
1533 4706 1569 4757 in
1590 4708 1644 4759 LE

432 4760 524 4810 Bucer
551 4760 680 4810 followed
706 4776 745 4826 up
771 4762 815 4811 his
840 4761 1006 4812 vernacular
1051 4763 1121 4822 ‘1098
1139 4762 1179 4827 by
1194 4762 1293 4812 letters
1311 4766 1343 4813 to
1362 4762 1483 4817 Luther
1503 4774 1570 4824 end
1591 4775 1645 4826 Bu.

432 4827 602 4877 translation
619 4828 649 4876 of
663 4828 878 4892 Bugenhagen's
895 4828 1005 4879 Psalter
1055 4829 1210 4894 genhsgen,
1237 4828 1352 4893 printed
1380 4829 1412 4880 in
1442 4832 1495 4885 his
1526 4839 1644 4907 Pmsffi

433 4895 490 4952 (see
501 4893 520 4943 l.
536 4894 624 4953 roan.)
636 4894 706 4944 with
719 4910 737 4944 a
751 4895 836 4945 Latin
847 4896 960 4946 version
974 4896 1004 4945 of
1054 4896 1094 4946 tio
1115 4895 1159 4945 Μ.
1178 4895 1279 4946 Bucari
1297 4895 1330 4946 fu
1347 4894 1494 4956 Quarrm
1521 4904 1644 4961 Pom.

431 4959 563 5010 Lether's
575 4960 812 5025 Kircbcnpoetille,
823 4962 874 5012 the
884 4962 935 5026 4th
946 4962 1002 5012 vol.
1054 4961 1534 5037 Pmmmmumfltresburg,
1543 4973 1642 5027 Mmh

432 5027 461 5078 of
474 5026 565 5077 which
579 5028 722 5092 appeered
736 5028 846 5094 inJuly
859 5032 932 5091 1526.
967 5029 1003 5080 In
1056 5043 1128 5094 1527.
