4042 5900
320 683 418 761 2422]
658 677 715 742 ΤΟ
735 677 980 741 GERMANUS
1002 678 1191 744 BRIXIUS
1463 684 1523 745 109

318 838 406 911 vide,
428 838 474 899 mi
495 837 597 911 Brixi,
612 856 679 917 quo
699 857 752 899 me
773 838 918 900 inducas.
962 837 1050 899 Nam
1071 838 1140 919 ipse
1161 839 1208 901 sic
1229 858 1250 900 a
1271 845 1332 901 tua
1349 839 1524 904 voluntate

318 921 457 1002 pendeo,
468 928 516 995 vt,
531 922 605 982 siin
616 921 725 983 medio
734 922 808 984 foro
821 921 936 983 iubeas
947 923 1060 983 restim
1074 922 1202 995 ducere,
1217 923 1314 985 facile
1328 924 1388 984 sim
1398 943 1523 988 morem

318 1011 483 1085 gesturus.
520 1003 593 1079 Qua
603 1004 713 1065 fronte
727 1024 779 1066 me
788 1004 836 1066 illi
847 1006 1016 1085 ingeram?
1037 1005 1107 1067 Aut
1117 1006 1207 1085 quod
1221 1007 1414 1087 suppeditas
1427 1028 1522 1088 argu·

318 1093 494 1150 mentum?
524 1086 611 1161 Quid
625 1088 715 1168 quod
738 1088 900 1150 illustrem
915 1090 1017 1150 etiam
1031 1090 1205 1168 epistolam
1220 1091 1332 1170 exigis,
1347 1090 1472 1153 scilicet
1488 1093 1523 1154 in

317 1172 382 1234 hoc
396 1171 561 1251 profundo
575 1172 646 1233 ocio
657 1171 871 1233 elaboratam.
906 1171 1000 1233 Vnde
1015 1172 1077 1233 tibi
1091 1174 1185 1234 istius
1199 1175 1261 1234 ocii
1275 1175 1416 1254 suspicio
1430 1176 1569 1247 renites

316 1257 354 1317 in
376 1260 545 1317 mentem?
577 1256 629 1316 An
651 1255 809 1317 Erasmus
830 1254 914 1316 solet
930 1256 1038 1317 ocium
1061 1262 1180 1336 agere?
1211 1256 1365 1337 Magnam
1384 1259 1522 1322 aestatis

317 1345 450 1419 partem
464 1339 546 1399 mihi
563 1357 638 1400 cum
650 1338 721 1400 diro
734 1344 943 1418 apostemate
956 1358 1008 1399 res
1022 1339 1096 1412 fuit,
1112 1359 1173 1400 nec
1186 1340 1282 1401 facile
1293 1340 1407 1402 credas
1421 1360 1521 1420 quam

316 1422 410 1483 lente
421 1427 474 1483 tot
482 1421 589 1483 modis
597 1422 720 1484 afflicta
730 1421 889 1484 valetudo
899 1421 1052 1483 viriculas
1062 1441 1139 1484 suas
1150 1424 1319 1503 receperit.
1356 1424 1522 1487 Mensibus

315 1505 447 1584 aliquot
466 1525 525 1585 per
539 1506 628 1585 iuges
642 1505 808 1566 cruciatus
821 1525 881 1566 nec
896 1524 1048 1567 somnum
1065 1525 1124 1567 nec
1145 1507 1254 1567 cibum
1274 1526 1390 1587 capere
1408 1507 1520 1582 licuit;

315 1594 398 1669 post
406 1589 536 1650 animus
547 1589 593 1649 sic
608 1588 781 1649 abhorruit
795 1608 816 1650 a
829 1588 948 1649 studiis
957 1595 996 1649 vt
1009 1607 1092 1669 opus
1106 1589 1157 1650 De
1170 1591 1298 1652 ratione
1306 1592 1522 1653 concionandi
1536 1615 1584 1652 100

314 1672 509 1751 imquenter
518 1677 687 1733 tentatum
702 1671 891 1751 frequenter
904 1671 946 1733 de
960 1673 1113 1734 manibus
1122 1673 1285 1753 deponere
1299 1675 1360 1735 sim
1376 1680 1520 1737 coactus.

315 1754 469 1817 Tandem
489 1756 524 1815 in
542 1754 607 1817 alic
627 1754 771 1835 quodam
793 1761 987 1834 argumento
1006 1757 1116 1835 coepit
1129 1763 1298 1835 utcunque
1317 1758 1520 1832 recalescere,

314 1839 410 1917 quod
429 1857 516 1900 nunc
535 1839 659 1918 pariter
679 1845 714 1900 et
736 1857 757 1899 a
778 1857 830 1899 me
852 1838 984 1900 cuditur
1005 1844 1040 1901 et
1061 1859 1082 1900 a
1099 1840 1314 1920 typographis
1334 1841 1519 1904 excuditur.

313 1921 476 2001 Agnoscis
490 1940 614 1983 morem
628 1941 748 1983 meum.
792 1921 912 1983 Verum
927 1921 989 1983 hoc
1004 1924 1053 1985 ita
1067 1925 1172 1985 creuit
1186 1923 1248 1985 sub
1263 1925 1415 1986 manibus
1430 1931 1469 1985 vt
1485 1926 1521 1987 in

311 2025 356 2067 eo
370 2011 464 2067 totus
474 2024 544 2067 esse
558 2024 664 2085 cogar.
708 2004 817 2078 Quare
831 2004 978 2066 nondum
993 2007 1107 2079 statui,
1119 2026 1163 2068 an
1177 2007 1333 2087 expediat
1348 2007 1409 2069 hoc
1423 2009 1520 2070 officii
1534 2032 1582 2082 105

312 2090 353 2149 in
375 2088 465 2150 aliud
487 2088 617 2150 differre
637 2095 779 2169 tempus.
822 2086 958 2150 Gaudeo
979 2108 1059 2151 sane
1080 2090 1216 2151 tandem
1234 2110 1255 2151 a
1274 2090 1389 2153 Brixio
1406 2091 1520 2154 audire

311 2172 492 2245 Asiaticus,
511 2172 569 2251 qui
589 2172 630 2233 de
651 2172 845 2233 Laconismc
866 2191 941 2233 meo
954 2173 1055 2234 toties
1075 2174 1166 2252 queri
1186 2173 1279 2235 solet.
1323 2173 1388 2235 Fac
1405 2180 1445 2236 vt
1466 2175 1519 2237 hio

312 2255 506 2317 Ber-nardus
521 2254 667 2316 Bletzius
681 2262 758 2317 tuas
772 2256 817 2317 ad
831 2274 884 2316 me
898 2254 1029 2317 litteras
1044 2256 1175 2318 referat.
1219 2256 1308 2319 Bene
1322 2257 1406 2319 vale.

358 2338 485 2401 Datum
499 2338 589 2417 apud
603 2338 798 2419 Friburgum
813 2354 864 2399 111.
880 2336 1014 2400 Calend.
1030 2339 1149 2402 Febru.
1165 2357 1335 2403 muxxxr.

586 2540 686 2601 2423.
734 2535 787 2601 To
803 2536 1021 2602 Aucusrms
1037 2536 1248 2603 vaumro.

352 2638 514 2712 Epistulae
526 2639 669 2696 Floridae
680 2658 711 2713 p.
727 2653 773 2709 77.
1266 2639 1423 2712 Freiburg.

352 2714 569 2858 Kiapgtqssg.
583 2734 614 2787 p.
631 2731 719 2771 1012:
741 2716 839 2771 Lond.
853 2716 937 2771 xxvi.
955 2730 1003 2771 10:
1185 2730 1223 2785 30
1234 2714 1380 2787 January
1396 2730 1478 2785 1531.

565 2885 633 2947 [For
644 2885 803 2952 Augustino
813 2885 956 2936 Trivulzio
967 2901 1014 2936 sse
1025 2885 1080 2952 Ep.
1092 2898 1168 2949 2405·
1181 2883 1256 2949 37n.]

504 3000 598 3046 BBAS.
614 3000 689 3046 BOT.
705 3002 895 3047 avovs'mso
909 3002 1090 3047 rmvvuno
1104 3001 1204 3046 OABD.
1248 3000 1274 3045 S.
1290 3001 1323 3045 D.

356 3093 462 3155 Auvs
483 3093 545 3167 hic,
567 3094 773 3155 ornatissime
794 3095 952 3174 princeps,
967 3093 1127 3156 sollicitus
1146 3098 1233 3155 esset
1254 3093 1288 3154 in
1309 3092 1516 3172 deprecanda

308 3178 511 3240 temeritatis
532 3182 567 3238 et
588 3176 811 3256 impudentiae
833 3183 931 3251 nota;
952 3197 1013 3258 ego
1034 3196 1113 3239 vero
1132 3176 1259 3239 nullam
1280 3175 1342 3238 hac
1363 3177 1398 3237 in
1419 3182 1515 3256 parte

308 3265 508 3341 sumpturus
528 3279 601 3321 sum
619 3279 761 3339 operam.
805 3260 891 3322 Nam
913 3262 940 3321 si
962 3261 1042 3340 quid
1062 3261 1114 3322 hic
1133 3261 1261 3340 peccati
1281 3264 1341 3332 est,
1362 3260 1452 3338 quod
1470 3260 1515 3322 ad

308 3350 447 3406 tantum
473 3342 612 3405 scribam
641 3343 801 3416 tantulus,
831 3344 921 3423 quod
949 3344 1041 3405 nullo
1070 3350 1274 3423 argumento,
1303 3342 1393 3421 quod
1421 3343 1514 3405 nulla

307 3428 482 3489 occasione
506 3426 665 3506 praebita,
691 3426 831 3505 denique
857 3427 945 3507 quod
970 3433 1010 3487 vt
1039 3427 1309 3506 occupatissimus
1337 3425 1542 3515 illaborata5

306 3515 415 3590 atque
435 3509 652 3589 extemporali
668 3510 808 3589 epistola
827 3512 934 3572 virum
956 3516 1010 3571 tot
1031 3509 1217 3571 nominibus
1239 3528 1404 3570 summum
1426 3529 1511 3571 com·

307 3593 441 3675 pellem,
462 3593 496 3654 id
513 3600 622 3654 totum
640 3595 674 3652 in
693 3591 892 3654 Germanum
909 3594 1057 3654 Brixium
1075 3592 1284 3654 reiieiendum
1304 3592 1455 3665 arbitror,
1474 3599 1513 3653 vt

307 3677 368 3739 ille
390 3696 449 3757 pro
470 3696 523 3738 me
544 3676 597 3737 vel
618 3695 751 3737 causam
773 3676 863 3738 dicat
883 3677 947 3750 vel,
970 3678 998 3738 si
1019 3677 1161 3748 videtur,
1181 3674 1239 3736 det
1260 3694 1392 3755 poenas.
1436 3675 1512 3738 Nou

307 3759 429 3822 solitus
439 3780 512 3821 sum
523 3765 559 3820 et
568 3759 651 3820 alias
661 3758 786 3820 homini
797 3761 877 3821 mihi
887 3760 1077 3822 charissimo
1088 3759 1183 3821 facile
1195 3760 1370 3838 quicquam
1385 3778 1511 3839 negare,

308 3843 366 3905 vel
384 3844 560 3904 simoneat
576 3848 718 3904 tantum.
762 3842 859 3904 Nunc
878 3863 957 3905 vero
977 3851 1048 3905 tam
1068 3843 1221 3904 violentis
1239 3842 1399 3922 precibus,
1419 3842 1559 3920 ohta-10

307 3926 512 3988 stationibus
531 3932 632 4004 atque
648 3928 749 3986 etiam
767 3928 863 3987 minis
881 3947 1008 3988 mecum
1028 3929 1105 4007 egit,
1125 3932 1164 3988 vt
1183 3945 1284 4005 prope
1305 3926 1513 3988 denunciarit

308 4011 518 4072 inimicitiam
533 4011 567 4069 ni
582 4009 643 4070 hac
658 4011 692 4069 in
706 4029 741 4070 re
755 4029 878 4071 morem
893 4012 955 4090 ipsi
969 4030 1122 4090 gererem.
1167 4009 1241 4071 Huc
1261 4009 1394 4088 impulit
1408 4009 1510 4072 homi·

307 4112 388 4155 nam
404 4092 605 4154 admirabilis
624 4093 785 4172 quaedam
805 4093 1031 4173 amplitudinis
1048 4100 1126 4155 tuae
1147 4099 1220 4155 tum
1240 4092 1415 4154 admiratio
1437 4099 1510 4155 tum

306 4195 413 4238 amor.
457 4176 548 4236 Misit
561 4176 604 4237 ad
619 4195 671 4237 me
685 4177 806 4237 iustam
822 4178 1004 4256 epistolam,
1019 4177 1101 4238 nibil
1114 4176 1206 4238 aliud
1223 4182 1394 4237 sonantem
1410 4196 1510 4256 quam

306 4261 447 4322 eximias
458 4258 613 4320 Triuultii
627 4260 768 4320 virtutes
782 4260 816 4319 in
832 4278 898 4338 qua
908 4267 982 4322 tota
996 4263 1112 4323 miram
1123 4280 1162 4321 ac
1173 4261 1366 4340 gestientem
1381 4261 1509 4322 exulta·
1524 4297 1556 4348 15

308 4345 435 4405 tionem
449 4342 708 4422 gaudiorumque
719 4343 956 4418 temulentiam,
968 4351 1008 4406 vt
1022 4347 1070 4407 ita
1081 4345 1206 4424 loquar,
1218 4343 1385 4422 quandam
1396 4343 1511 4405 videor

685 4444 760 4493 2422.
781 4458 838 4505 109.
857 4446 941 4497 Anno
953 4459 1084 4496 ianm
1095 4445 1134 4497 N.

343 4565 419 4615 2422.
433 4577 476 4627 97.
491 4563 679 4628 apostemate]
687 4562 800 4627 SeeEp.
810 4576 884 4626 ²33²·
935 4562 986 4612 the
997 4577 1075 4613 same
1086 4563 1152 4628 day.
1163 4561 1219 4627 Ep.
1231 4576 1307 4626 2423.

309 4644 386 4693 145.
971 4643 1028 4692 107.
1046 4628 1416 4693 Asiaticus18oeEp.2405.
1431 4640 1487 4690 104.

346 4713 402 4748 100.
421 4697 464 4748 De
485 4697 595 4747 ratione
612 4696 807 4757 concionandi]
825 4695 885 4746 The
972 4697 1029 4745 108.
1047 4695 1184 4757 Bletaius]
1202 4697 1227 4744 Α
1245 4694 1337 4752 Swiss,
1349 4693 1509 4745 brothertc

308 4765 486 4816 dedecimus
510 4779 569 4813 was
595 4769 646 4813 not
668 4762 820 4828 published
841 4762 886 4813 till
936 4762 1079 4813 Antonius
1098 4763 1180 4813 Bleta
1199 4761 1265 4827 (Ep.
1292 4762 1364 4824 1784.
1387 4760 1449 4820 rn);
1471 4760 1509 4812 ha

310 4845 385 4896 1535.
934 4827 1344 4894 accompeniedStibarusend
1355 4825 1508 4879 Montanus

345 4912 402 4948 102.
414 4897 482 4948 alio.
492 4935 498 4946 .
507 4894 881 4960 .argumento]'l'heApopls·
932 4910 970 4945 cn
981 4895 1057 4944 their
1068 4896 1189 4960 Journey
1200 4895 1273 4944 irom
1286 4892 1369 4942 Bssle
1381 4898 1415 4943 to
1428 4893 1508 4945 Paris

307 4966 457 5028 ‘hermias
475 4979 522 5014 see
533 4964 588 5027 Ep·
600 4976 675 5026 2431.
933 4963 962 5012 in
977 4963 1050 5022 1528,
1062 4977 1109 5012 sse
1120 4962 1175 5027 Ep.
1186 4963 1262 5023 2065.
1276 4973 1366 5024 13-14.

344 5045 401 5095 105.
414 5029 883 5092 nondumstatui1Erasmuswrote
967 5028 1042 5078 242³.
1063 5042 1103 5093 14.
1121 5027 1283 5094 epistolam]
1294 5026 1350 5092 Ep.
1362 5040 1437 5092 ²405·
