4042 5900
381 667 485 745 2392]
738 663 862 727 mou
882 662 1000 726 Joun
1023 662 1236 726 nouom
1545 664 1586 725 sc

387 822 509 884 habere
523 821 666 901 aliquem
680 823 738 902 qui
751 823 814 884 sibi
827 841 951 883 errores
965 822 1067 883 eciam
1083 841 1104 883 a
1118 828 1152 882 te
1166 820 1266 884 Greoe
1277 822 1416 903 scriptos
1430 823 1587 902 interpre-

387 911 527 967 taretur.
570 905 629 967 Ait
649 906 736 966 enim
753 911 927 985 propterea
945 911 980 966 te
995 903 1098 966 Greoa
1119 911 1295 967 annotasse
1314 911 1354 966 vt
1373 906 1536 967 doctiores
1553 912 1588 967 et

388 989 576 1050 subtiliores
597 988 798 1050 Aristotelici
815 987 959 1068 theologi
974 1008 1042 1049 non
1064 995 1198 1068 possent
1217 990 1251 1049 in
1269 1008 1310 1051 ea
1330 988 1449 1068 lingua,
1465 1008 1529 1068 que
1543 988 1586 1049 ad

387 1073 623 1153 professionem
647 1071 778 1133 illorum
803 1091 870 1132 non
892 1072 1066 1151 pertineat,
1089 1071 1184 1133 facile
1209 1072 1282 1133 illos
1307 1072 1587 1152 comprehendere.
1600 1097 1634 1147 40

388 1156 493 1217 Putat
507 1155 646 1217 forsitan
661 1174 716 1216 eos
729 1174 855 1217 errores
869 1155 904 1215 in
918 1155 1081 1235 colloquio
1092 1155 1234 1216 Echonis
1248 1156 1444 1217 delitescere.
1480 1154 1589 1216 Audio

387 1246 424 1301 ct
438 1240 504 1300 alia
518 1238 659 1318 quedam
674 1238 715 1300 de
729 1244 764 1300 te
778 1238 908 1312 dixisse,
918 1257 982 1317 que
991 1240 1094 1317 magis
1105 1239 1192 1299 sanis
1202 1239 1304 1299 risum
1313 1258 1444 1312 mouere
1454 1244 1588 1317 possent

388 1341 489 1402 quam
507 1322 606 1401 digna
619 1322 729 1383 forent
743 1341 807 1401 que
821 1323 937 1383 insano
958 1321 1153 1383 obiciantur.
1197 1322 1275 1401 Legi
1289 1321 1447 1395 libellum,
1463 1323 1532 1382 siue
1550 1327 1589 1381 vt

387 1405 438 1466 illi
459 1405 589 1467 malunt
611 1404 796 1485 Epistolam
817 1404 1064 1485 apologeticam,
1085 1405 1418 1485 Argen<tinensium>,
1439 1424 1503 1484 que
1524 1405 1587 1484 pri·

389 1508 483 1550 mum
498 1507 572 1549 cum
591 1489 656 1549 huc
677 1487 885 1568 appulissem,
901 1507 1043 1549 unacum
1061 1494 1122 1549 tua
1142 1488 1292 1569 Epistola
1313 1489 1472 1550 aduersus
1493 1506 1588 1567 quos·
1601 1511 1634 1563 45

389 1572 469 1633 dam
491 1579 564 1645 eto,
585 1570 667 1632 mihi
689 1571 814 1633 donata
834 1578 915 1633 erat.
959 1571 1035 1632 Non
1054 1574 1174 1651 agnoui
1192 1572 1283 1633 illam
1300 1591 1321 1633 a
1342 1572 1468 1633 Bucero
1488 1571 1589 1632 luisse

388 1656 523 1717 editam.
575 1653 658 1716 Gum
687 1661 851 1734 vtranque
880 1655 969 1716 domi
996 1654 1170 1735 diligenter
1197 1655 1404 1735 perlegerem,
1433 1655 1590 1735 perduxit

390 1738 526 1818 quidam
547 1738 591 1799 ad
612 1757 665 1800 me
686 1737 880 1818 Capitonem
901 1744 935 1799 et
956 1737 1129 1811 Bucerum,
1151 1758 1234 1818 quos
1255 1739 1480 1800 menciebatur
1502 1739 1589 1799 ciues

390 1822 461 1883 lore
483 1822 777 1902 Nurenbergenses‚
800 1828 835 1882 et
858 1820 942 1882 velle
965 1822 998 1882 in
1021 1821 1219 1901 quibusdam
1242 1822 1339 1883 rebus
1360 1823 1427 1882 suis
1447 1840 1520 1882 meo
1539 1822 1590 1881 vti

389 1905 526 1967 consilio
540 1911 609 1966 eto
651 1924 697 1966 ra.
741 1905 852 1965 Primo
872 1904 1035 1982 colloquio
1049 1907 1193 1983 persensi
1208 1905 1332 1978 dolum,
1346 1924 1413 1966 non
1427 1911 1541 1966 tamen
1555 1923 1590 1965 se
1603 1929 1637 1977 5ο

390 1988 573 2068 prodidere.
700 1987 849 2049 viderent
864 1989 898 2048 in
913 2006 1025 2048 mensa
1036 2006 1146 2049 coram
1155 2007 1207 2049 me
1217 1995 1392 2067 vtramque
1406 1987 1589 2068 epistolam,

390 2078 535 2150 querunt
556 2070 637 2150 quid
658 2071 699 2132 de
720 2070 785 2131 illis
806 2072 970 2131 sentirem.
1015 2070 1183 2151 Respondi
1202 2072 1235 2131 in
1252 2071 1412 2151 Apologia
1427 2071 1590 2133 mellitum

390 2154 559 2234 quoddam
582 2173 651 2215 esse
673 2172 846 2227 venenum,
870 2172 986 2233 meque
1010 2153 1120 2215 dolere
1143 2155 1328 2216 huiusmodi
1354 2154 1531 2216 mendaciis
1556 2159 1591 2216 et

390 2237 518 2298 lusibus
532 2237 705 2299 Erasmum
720 2237 844 2299 retrahi
858 2256 879 2297 a
894 2236 1133 2298 comodioribus
1143 2257 1206 2316 que
1214 2237 1257 2299 ab
1267 2238 1325 2299 illo
1333 2244 1589 2318 expectaremus.

390 2319 535 2382 Subrisit
549 2327 705 2400 vterque;
728 2326 805 2400 post
824 2319 973 2382 fucatum
990 2320 1159 2399 quoddam
1179 2323 1349 2401 negocium
1363 2327 1592 2383 enumeratum
1605 2344 1637 2394 55

390 2404 526 2466 abeunt.
570 2403 684 2465 Altera
706 2404 758 2465 die
778 2403 875 2464 audio
895 2404 937 2464 ab
952 2422 991 2465 eo
1005 2405 1064 2483 qui
1077 2403 1152 2466 illos
1166 2405 1209 2465 ad
1223 2425 1276 2466 me
1290 2406 1490 2485 perduxerat
1504 2406 1592 2484 ipsos

392 2487 495 2548 luisse
516 2486 710 2568 Capitonem
731 2493 766 2548 et
785 2487 956 2548 Bucerum.
1000 2485 1118 2567 Capito
1139 2489 1296 2568 postridie
1315 2489 1413 2550 rediit
1431 2488 1591 2568 Argento-

390 2576 513 2643 ratum,
528 2570 672 2631 Bucerus
686 2571 822 2631 tandem
841 2570 884 2630 ad
898 2590 951 2631 me
965 2572 1107 2643 veniens,
1123 2572 1237 2632 multis
1252 2572 1360 2633 verbis
1379 2592 1413 2633 se
1432 2590 1593 2633 excusans

391 2673 451 2715 cur
479 2672 514 2714 se
541 2655 683 2734 primum
712 2654 792 2714 mihi
817 2672 884 2714 non
913 2653 1119 2733 prodidisset,
1146 2657 1233 2735 cepit
1261 2655 1396 2716 tandem
1420 2654 1528 2715 multa
1552 2655 1593 2716 de

392 2737 546 2817 opinione
574 2756 634 2797 sua
662 2743 794 2797 sanctae
820 2735 1045 2798 Eucharistiae
1073 2744 1226 2812 tractare,
1253 2738 1365 2800 volens
1393 2740 1592 2799 sentenciam
1605 2753 1640 2799 60

392 2838 524 2900 quoque
538 2838 645 2880 meam
660 2821 693 2880 in
708 2820 769 2881 hac
784 2839 818 2879 re
832 2838 1014 2898 agnoscere,
1029 2820 1212 2900 quibusque
1227 2822 1397 2901 scripturis
1416 2821 1591 2882 manduca·

392 2905 521 2965 cionem
546 2902 747 2984 corporalem
772 2901 920 2964 fulcirem
944 2903 1134 2983 intelligere.
1189 2904 1357 2985 Respondi
1385 2904 1433 2966 illi
1462 2905 1593 2966 breuius
1653 2935 1661 2952 ·

393 3006 494 3067 quam
509 2986 717 3067 expectabat.
761 2987 908 3048 Tandem
923 2987 1045 3061 abiens,
1061 2989 1124 3049 etsi
1140 2988 1358 3067 pollicebatur
1373 3008 1406 3050 se
1421 2988 1527 3050 altera
1540 2988 1594 3050 die

392 3070 576 3132 rediturum
592 3073 681 3146 (nam
695 3076 775 3131 tunc
790 3072 825 3130 in
839 3069 949 3131 aulam
963 3071 1044 3131 mihi
1058 3077 1130 3133 erat
1143 3071 1311 3149 cundum),
1327 3078 1439 3133 tamen
1453 3072 1594 3152 amplius

392 3172 459 3215 non
473 3154 667 3233 comparuit.
1607 3173 1641 3232 65

438 3235 563 3297 Rerum
582 3242 748 3316 gestarum
771 3237 956 3309 veritatem,
975 3237 1016 3298 de
1038 3238 1157 3316 quibus
1179 3238 1365 3318 Epis<tola>
1384 3245 1508 3312 namet,
1528 3258 1594 3300 non

393 3320 523 3400 agnoui,
540 3320 597 3398 qui
609 3321 643 3380 in
658 3320 718 3381 hac
734 3326 821 3381 terra
835 3322 925 3399 prius
939 3340 1004 3381 non
1024 3321 1160 3395 fuerim;
1184 3322 1339 3383 videntur
1353 3328 1464 3383 tamen
1478 3341 1517 3384 ea
1532 3341 1595 3400 que

392 3408 571 3464 narrantur
584 3421 606 3462 a
619 3401 819 3464 tumultibus
832 3410 868 3463 et
882 3403 1099 3464 sedicionibus
1113 3424 1179 3465 non
1195 3405 1291 3466 valde
1306 3405 1412 3466 aliena
1426 3412 1488 3466 etc.
1532 3404 1595 3466 Tui

394 3487 498 3566 igitur
518 3486 581 3547 erit
602 3485 733 3547 illorum
754 3486 861 3546 fumos
884 3492 1123 3566 contempnere,
1145 3508 1203 3567 per
1224 3507 1306 3567 quos
1325 3509 1359 3550 se
1380 3489 1596 3549 manifestant

394 3569 530 3642 mundo,
552 3574 587 3630 et
609 3569 796 3630 vtilioribus
817 3569 936 3630 studiis
955 3570 1141 3632 immortale
1162 3578 1258 3632 tuum
1273 3592 1392 3633 nomen
1407 3573 1594 3652 posteritati
1608 3600 1642 3651 70

394 3652 622 3713 sincerioribus
645 3653 773 3732 scriptis
797 3653 1026 3714 commendare
1054 3653 1217 3734 fidemque
1245 3657 1437 3734 promissam
1462 3655 1593 3734 inplere.

396 3735 437 3797 In
449 3735 569 3814 quibus
584 3735 670 3796 dices
683 3741 695 3796 'l
717 3735 939 3814 Expectamus
950 3737 985 3797 in
996 3737 1169 3816 epistolam
1180 3738 1223 3798 ad
1235 3738 1439 3816 Ro<manos>
1450 3738 1508 3799 diu
1519 3758 1594 3799 con·

395 3820 510 3899 cupita
529 3820 773 3890 commentaria,
797 3818 932 3880 Modum
953 3820 1035 3881 item
1057 3818 1288 3894 Concionandi,
1304 3820 1448 3901 psalmos
1468 3821 1596 3901 aliquot

396 3900 601 3963 concionales
615 3901 742 3981 psalmo
757 3902 797 3977 85
812 3921 879 3962 non
893 3902 1065 3964 dissimiles
1080 3905 1159 3980 (scio
1173 3905 1253 3983 quid
1271 3904 1434 3966 commodi
1451 3904 1596 3966 habeant

396 3992 432 4047 et
451 3985 561 4046 lerant
575 3984 638 4045 hiis
653 3986 708 4063 qui
730 3983 890 4064 populum
905 3985 1021 4047 docere
1035 3989 1088 4067 pie
1103 3987 1279 4065 voluerint)
1294 4009 1300 4060 ;
1324 3987 1451 4049 libellos
1466 4006 1595 4066 quoque
1608 4014 1641 4064 75

396 4073 473 4129 tuos
487 4069 629 4129 minores
643 4069 676 4128 in
691 4074 799 4129 tomos
813 4068 972 4142 redactos,
983 4071 1121 4131 maiores
1132 4090 1228 4131 suum
1243 4071 1390 4132 ordinem
1405 4077 1440 4132 et
1454 4072 1594 4131 auctori-

396 4157 503 4212 tatem
524 4150 586 4212 soli
607 4157 752 4212 tuentur.
796 4151 867 4213 Nisi
893 4158 1005 4214 autem
1030 4160 1069 4214 tu
1092 4154 1190 4215 semel
1212 4156 1246 4215 in
1268 4154 1414 4216 ordinem
1436 4153 1596 4233 redegeris

395 4236 558 4308 minimos,
581 4235 654 4313 quis
673 4236 737 4295 erit
758 4240 829 4295 tam
850 4234 930 4296 felix
952 4238 1008 4315 qui
1031 4237 1065 4298 id
1082 4238 1252 4299 commode
1266 4243 1412 4318 prestare
1426 4240 1595 4317 potuerit?

396 4318 587 4379 Habeamus
602 4319 735 4378 vnioum
749 4319 917 4397 exemplar
930 4338 997 4398 quo
1017 4322 1140 4400 posteri
1154 4341 1284 4400 quoque
1299 4323 1349 4382 vti
1365 4327 1506 4400 possent.
1551 4320 1596 4381 ut

396 4403 424 4462 si
438 4401 497 4462 hec
513 4402 546 4461 in
562 4401 714 4462 omnibus
728 4407 874 4481 prestare
894 4403 1046 4477 nolueris,
1068 4404 1120 4466 iac
1141 4410 1274 4466 tantum
1289 4405 1324 4465 in
1339 4403 1400 4465 hiis
1416 4423 1479 4483 que
1493 4405 1596 4483 magis
1608 4417 1642 4466 80

396 4486 453 4565 pia
463 4484 527 4545 tibi
541 4484 752 4546 videbuntur.
796 4484 904 4546 Docto
918 4487 1008 4547 satis.

439 4567 595 4629 Peruenit
614 4568 657 4628 ad
679 4587 731 4629 mc
751 4568 919 4648 exemplar
940 4570 1098 4649 epistolae
1118 4576 1196 4632 tuae
1215 4571 1259 4632 ad
1273 4571 1488 4632 Laurencium
1502 4569 1595 4631 Cam·

531 4685 574 4749 48.
591 4685 709 4751 quidam
720 4685 788 4735 Eli:
805 4685 922 4751 quidem
932 4685 997 4737 MS.
1073 4702 1115 4752 70.
1134 4688 1201 4738 nu:
1218 4688 1388 4753 posteritate
1399 4687 1464 4738 Ms.

429 4827 474 4874 44.
491 4810 784 4876 Epistolamffleellp.
792 4812 859 4874 2238
866 4811 971 4862 intr-od.
1023 4813 1053 4862 in
1064 4813 1113 4863 Jul
1147 4826 1220 4877 1530,
1233 4813 1492 4864 buttheiailureto
1503 4827 1595 4878 recog·

431 4877 473 4941 48.
492 4876 670 4941 Capitonem]
694 4877 724 4927 lt
747 4877 840 4927 would
864 4893 973 4943 appear
1023 4880 1085 4929 niae
1101 4830 1180 4930 alem
1195 4881 1263 4930 here
1280 4879 1391 4944 implica
1407 4880 1474 4930 that
1489 4880 1539 4930 the
1554 4879 1595 4929 in·

396 4945 472 4994 lrom
479 4943 549 4994 LE’.
559 4957 623 5007 1733
630 4944 697 4994 that
703 4943 806 5009 Capito
811 4945 870 4995 and
880 4944 973 4995 Bucar
1023 4946 1147 4997 vitation
1158 4962 1217 4996 was
1228 4953 1281 4997 not
1291 4946 1436 5010 accepted.

396 5011 456 5061 bad
472 5009 582 5061 invited
601 5010 730 5061 Henckel
749 5016 781 5062 to
798 5016 875 5062 meet
891 5011 972 5063 them
1055 5014 1098 5063 82.
1115 5013 1263 5079 epistolae]
1275 5012 1330 5078 Ep.
1342 5015 1419 5076 2366.
