4042 5900
429 662 468 722 rs
753 664 1254 729 mrrnasosrsssnus
1532 668 1629 746 [1530

428 824 556 886 iuuenis
581 825 796 898 amatissime,
822 824 912 905 quod
937 825 1160 887 Maecenatem
1185 825 1280 886 illum
1305 844 1426 899 meum,
1452 832 1627 905 parentem

429 914 617 987 tuumque
637 907 719 969 nihil
743 908 851 970 adhuc
874 914 1030 988 expertus
1050 928 1123 970 sum
1145 908 1325 982 candidius,
1347 908 1525 970 humanius
1547 912 1627 971 ami·

429 992 549 1064 ciusue,
572 992 741 1071 conspicor
765 993 798 1052 in
822 998 856 1052 te
881 992 962 1052 mibi
986 993 1218 1071 repubescere:
1242 997 1375 1053 tantum
1398 991 1627 1055 beneuolentis

400 1102 416 1151 5
429 1075 539 1146 animi,
556 1080 688 1135 tantum
706 1075 825 1136 amoris
840 1094 907 1136 non
922 1075 1066 1155 vulgaris
1084 1077 1212 1154 spirant
1233 1081 1312 1136 tuae
1329 1073 1461 1137 litterae
1478 1082 1520 1137 vt
1538 1076 1627 1139 idam

430 1164 545 1237 pectus
566 1177 750 1237 agnoscam,
766 1158 823 1219 sed
844 1159 988 1219 viuidius
1007 1165 1043 1219 et
1064 1159 1269 1238 explicatius.
1313 1158 1381 1220 Nec
1402 1158 1524 1221 dubito
1544 1162 1626 1240 quin

430 1241 509 1302 haec
524 1260 575 1301 res
594 1260 661 1301 non
680 1242 798 1302 minori
817 1241 984 1321 voluptati
1003 1244 1048 1302 sit
1068 1243 1156 1322 patri
1178 1248 1237 1303 tuo
1259 1261 1359 1321 quam
1379 1247 1432 1304 est
1452 1243 1554 1316 mihi;
1577 1250 1628 1306 est

430 1332 551 1396 autem,
566 1323 647 1384 mihi
666 1324 769 1397 crede,
788 1344 944 1386 summae.
987 1324 1217 1405 Compluribus
1238 1326 1325 1386 enim
1343 1325 1427 1387 tales
1448 1326 1628 1406 obtingunt

431 1407 525 1468 liberi
546 1413 586 1467 vt
606 1413 717 1487 patres
738 1407 826 1468 orbis
848 1409 1029 1470 inuideant.
1073 1408 1246 1470 Caeterum
1272 1409 1329 1469 vbi
1351 1410 1491 1488 contigit
1511 1409 1626 1472 haeres

387 1518 418 1553 ιο
431 1492 488 1570 qui
506 1498 677 1570 parentem
699 1510 764 1552 non
783 1497 853 1552 tam
876 1492 939 1553 oris
960 1492 1159 1553 liniamentis
1180 1511 1279 1570 quam
1302 1494 1387 1553 veris
1408 1493 1511 1553 animi
1533 1492 1627 1555 bonis

431 1574 560 1647 referat,
576 1593 615 1634 ea
629 1574 761 1635 demum
776 1594 895 1653 magna
909 1595 1053 1654 veraque
1067 1575 1222 1654 voluptas
1234 1582 1294 1636 est.

473 1657 568 1731 Quod
582 1657 626 1718 ad
640 1659 783 1737 corporis
802 1658 942 1718 formam
963 1660 1095 1731 attinet,
1112 1658 1192 1719 mihi
1211 1678 1343 1738 prorsus
1357 1659 1491 1738 ignotus
1505 1679 1550 1734 es,
1565 1661 1627 1721 nisi

432 1741 521 1820 quod
536 1739 689 1812 Quirinus
704 1760 796 1801 meus
810 1743 958 1803 narrauit
972 1748 1006 1802 te
1022 1742 1083 1802 hao
1098 1762 1228 1820 quoque
1242 1742 1382 1803 hominis
1396 1748 1492 1822 parte
1506 1744 1626 1805 mirum

431 1826 466 1885 in
481 1824 615 1885 modum
630 1824 765 1885 reddere
779 1826 959 1903 genitorem
974 1831 1079 1886 tuum.
1124 1825 1234 1886 Animi
1253 1826 1304 1886 tui
1325 1825 1420 1887 dotes
1437 1826 1520 1886 mihi
1533 1826 1627 1888 velut

388 1934 418 1983 15
431 1910 466 1968 in
480 1907 611 1987 speculo
627 1914 686 1968 tua
706 1910 965 1987 repraesentauit
984 1908 1141 1987 epistola;
1164 1928 1257 1986 quae,
1272 1910 1300 1968 si
1321 1914 1381 1970 tuo
1403 1910 1500 1969 vnius
1520 1917 1626 1971 marte

432 1991 582 2052 coniecta
610 1990 684 2063 fuit,
708 1992 806 2052 sicuti
834 1991 933 2052 fuisse
962 1991 1043 2053 nihil
1066 1992 1236 2064 addubito,
1263 2011 1370 2053 raram
1396 1992 1566 2071 quandam
1590 2000 1626 2054 et

430 2076 585 2135 eximiam
598 2074 742 2135 indolem
755 2094 834 2153 prae
848 2094 881 2136 se
895 2075 969 2148 fert,
985 2076 1131 2154 nihilque
1145 2075 1305 2137 mediocre
1319 2076 1414 2136 nobis
1427 2075 1470 2137 de
1484 2082 1520 2137 te
1533 2076 1626 2156 polli-

431 2163 534 2219 cetur.

473 2240 677 2302 Clarissimus
702 2242 829 2320 genitor
850 2247 929 2302 tuus
949 2243 1036 2302 inter
1058 2248 1111 2302 tot
1132 2242 1315 2321 praeclaras
1340 2244 1482 2303 virtutes
1505 2244 1626 2322 quibus

386 2350 419 2385 20
430 2324 596 2403 expolitus
617 2331 677 2396 est,
698 2325 778 2385 nihil
801 2325 901 2385 habet
923 2344 995 2385 mea
1017 2327 1180 2386 sententia
1202 2325 1369 2404 pulchrius
1391 2345 1492 2404 quam
1518 2327 1625 2406 singu·

431 2407 533 2469 larem
548 2408 637 2468 illam
652 2408 865 2481 modestiam;
888 2428 971 2486 quae
986 2410 1043 2469 vix
1059 2409 1122 2469 dioi
1136 2410 1239 2487 possit
1250 2415 1413 2487 quantum
1425 2411 1627 2471 ornamentis

432 2491 519 2551 illius
534 2492 685 2551 omnibus
700 2497 846 2570 apponat
860 2493 994 2570 gratiae.
1027 2492 1206 2553 Modestiae
1220 2512 1328 2552 comes
1342 2498 1394 2552 est
1407 2493 1627 2554 vrbanitasac

432 2594 561 2635 morum
576 2576 722 2635 comitas.
767 2575 861 2635 Hanc
876 2575 956 2635 dum
971 2582 1009 2635 tu
1025 2595 1155 2654 quoque
1172 2575 1286 2637 studes
1302 2577 1437 2655 egregiis
1454 2575 1627 2638 decoribus

433 2660 499 2720 tuis
513 2658 618 2718 veluti
632 2657 844 2738 colophonem
855 2659 985 2731 addere,
997 2679 1064 2719 non
1074 2661 1254 2720 committis
1265 2665 1303 2720 vt
1314 2661 1490 2737 quicquam
1499 2661 1628 2739 patriae

387 2765 418 2815 25
432 2741 538 2802 laudis
553 2743 587 2802 in
602 2747 635 2802 te
650 2742 878 2802 desideremus.
914 2742 1063 2802 Aliarum
1077 2742 1242 2803 virtutum
1256 2744 1437 2803 certissima
1450 2750 1562 2804 custos
1576 2750 1629 2804 est

432 2825 602 2887 modestia.
647 2825 826 2886 Modestiae
849 2844 946 2905 porro
971 2831 1082 2886 custos
1104 2828 1176 2898 erit,
1199 2827 1227 2886 si
1249 2827 1371 2904 cogites
1396 2826 1554 2904 quicquid
1575 2825 1628 2888 vel

432 2911 534 2971 animi
548 2909 600 2970 vel
622 2911 765 2989 corporis
785 2909 838 2970 vel
858 2915 1070 2971 externorum
1093 2910 1252 2970 bonorum
1274 2909 1337 2971 tibi
1358 2910 1497 2988 contigit
1517 2929 1537 2971 e
1557 2909 1627 2971 Nu·

432 2995 528 3053 minis
550 2993 774 3053 munificentia
793 2994 976 3071 profectum
996 3013 1088 3054 esse:
1112 2996 1164 3053 cui
1181 2996 1215 3054 in
1235 2993 1375 3054 solidum
1391 3000 1523 3073 oportet
1536 3013 1627 3055 acoe-

432 3082 529 3156 ptum
551 3077 644 3148 ferre,
663 3077 818 3154 quicquid
836 3077 979 3155 obtingit
993 3079 1027 3136 in
1047 3077 1108 3137 hac
1128 3079 1199 3137 vita
1213 3077 1390 3138 felicitatis.
1434 3076 1496 3138 Est
1512 3083 1628 3138 autem

387 3184 419 3233 30
432 3160 544 3238 aliqua
564 3160 774 3239 gratitudinis
796 3162 913 3238 portio,
933 3180 992 3220 sua
1015 3179 1166 3238 quenque
1190 3161 1277 3222 bona
1296 3179 1410 3232 nosse;
1433 3178 1500 3220 non
1513 3179 1627 3239 quem·

433 3243 611 3304 admodum
626 3245 719 3303 nouit
735 3243 913 3316 Narcissus,
929 3245 981 3303 cui
996 3264 1055 3304 sua
1070 3243 1233 3323 philautia
1247 3243 1312 3304 fuit
1326 3244 1437 3304 exitio.

475 3326 607 3386 Vtiliter
625 3346 684 3386 sua
704 3326 791 3386 bona
812 3333 946 3405 reputat
964 3329 1021 3405 qui
1042 3347 1081 3387 ea
1103 3326 1208 3388 veluti
1229 3328 1361 3387 nomina
1380 3331 1552 3406 supputat,
1567 3345 1628 3388 nec

433 3409 523 3470 aliud
534 3409 657 3488 colligit
668 3429 708 3469 ax
721 3410 880 3470 bonorum
892 3430 1025 3470 suorum
1036 3410 1314 3489 contemplatione
1329 3411 1391 3470 nisi
1402 3416 1440 3469 vt
1451 3410 1629 3489 perspiciat

433 3499 636 3571 quantopere
651 3495 695 3553 sit
710 3493 887 3553 obstrietus
902 3493 1033 3554 diuinae
1049 3493 1253 3572 benignitati.
1293 3494 1376 3554 Eam
1391 3512 1457 3571 quo
1471 3494 1630 3572 perspicit

387 3599 420 3650 35
433 3578 467 3636 in
489 3596 522 3636 se
543 3576 642 3636 fuisse
659 3577 884 3656 profusiorem,
900 3577 960 3637 hoc
982 3576 1030 3637 illi
1052 3577 1241 3637 submissior
1262 3577 1321 3637 fiat
1343 3582 1482 3655 oportet,
1501 3576 1564 3637 hoo
1585 3576 1628 3638 de

434 3659 565 3720 tuendis
598 3659 702 3738 deque
736 3667 825 3721 recte
852 3660 1050 3721 collocandis
1085 3678 1170 3739 quae
1198 3661 1324 3738 aceepit
1353 3659 1530 3731 sollicitior,
1560 3678 1628 3739 quo

433 3743 603 3822 largiorem
618 3745 766 3822 agnoscit
780 3745 814 3804 in
829 3763 863 3804 se
877 3744 1028 3804 Numinis
1042 3742 1289 3822 benignitatem.
1333 3742 1367 3803 Is
1386 3744 1414 3803 si
1433 3761 1529 3820 quem
1551 3762 1627 3804 con·

433 3827 577 3905 spexerit
591 3826 781 3904 maligniore
800 3826 943 3899 fortuna,
959 3846 1026 3887 non
1046 3828 1094 3887 ita
1114 3828 1247 3905 cogitat,
1264 3826 1415 3899 ‘Quanto
1432 3825 1484 3885 hic
1503 3844 1557 3886 me
1575 3832 1628 3887 est

433 3908 584 3970 inferior!
596 3910 614 3982 '‚
631 3910 688 3970 sed
703 3911 801 3970 ‘Ideo
815 3910 948 3971 Domini
962 3910 1097 3989 largitas
1112 3911 1147 3969 in
1163 3929 1214 3969 me
1229 3909 1302 3988 plus
1323 3908 1473 3981 contulit,
1489 3914 1529 3969 vt
1551 3908 1628 3970 huic

387 4016 421 4066 40
433 4012 492 4072 per
513 4012 565 4054 me
586 3994 777 4054 subueniret
787 3994 804 4053 '.
848 3993 898 4053 Ne
920 3992 1054 4072 vulgare
1076 3992 1267 4053 beneficium
1286 3993 1438 4052 Numinis
1460 3992 1629 4053 existimes

433 4076 556 4137 talibus
571 4083 768 4155 prognatum
782 4096 851 4137 esse
866 4076 1052 4148 maioribus,
1068 4082 1138 4136 tam
1158 4075 1286 4156 amplae
1304 4076 1457 4136 fortunae
1472 4081 1629 4154 paratum

433 4160 615 4232 haeredem,
632 4166 685 4220 tot
698 4161 842 4239 corporis
857 4166 892 4220 et
908 4160 1009 4220 animi
1029 4160 1163 4220 dotibus
1182 4179 1251 4219 esse
1268 4159 1463 4238 praeditum.
1508 4157 1629 4220 Confer

433 4243 573 4305 aliorum
590 4249 722 4316 sortem,
738 4262 877 4322 quorum
897 4243 1078 4303 virtutibus
1096 4243 1210 4303 obstat
1228 4244 1352 4321 generis
1370 4242 1562 4315 obscuritas,
1577 4243 1626 4303 rei

432 4325 600 4387 familiaris
615 4328 769 4399 tenuitas,
779 4327 921 4405 corporis
931 4325 1147 4398 imbecillitas,
1163 4327 1282 4404 ingenii
1296 4330 1482 4404 paupertas.
1505 4325 1629 4386 Verum

387 4431 420 4482 45
434 4409 493 4470 hos
507 4411 564 4488 qui
578 4410 724 4488 despicit,
734 4429 801 4470 non
812 4411 960 4470 meminit
968 4410 1133 4488 gratuitae
1143 4428 1211 4469 esse
1220 4409 1460 4469 munificentiae
1471 4408 1629 4487 quioquid

434 4494 568 4572 aceepit.
612 4492 674 4566 Qui
700 4512 767 4554 non
791 4492 984 4571 opitulatur,
1003 4512 1071 4554 non
1093 4492 1329 4553 animaduertit
1354 4493 1388 4551 in
1410 4510 1509 4571 quem
1530 4511 1628 4554 vsum

433 4576 595 4636 creditum
610 4577 654 4636 sit
667 4576 757 4654 quod
771 4577 906 4655 accepit.

476 4657 583 4730 Quare
606 4665 640 4719 te
663 4659 785 4732 hortor,
809 4658 923 4721 Carole
945 4659 1147 4732 suauissima,
1175 4664 1213 4719 vt
1239 4658 1300 4719 hoc
1326 4658 1509 4738 voluptatis
1532 4657 1629 4721 nobis

885 4799 924 4834 ro.
942 4785 1121 4837 lineamentis
1133 4785 1171 4834 K.

466 4963 492 5012 5.
509 4950 911 5015 litterae]SeeEp.2295.42n.
946 4951 1007 5002 Not
1093 4964 1134 5013 13.
1151 4948 1298 5010 Quirinus]
1324 4949 1459 5000 Talesius.
1506 4950 1563 5001 For
1584 4951 1631 5002 his

432 5022 543 5068 extant.
1057 5016 1433 5082 visittoEnglandseaEp.
1446 5030 1520 5068 2222.
1534 5030 1595 5080 25n.
