4042 5900
388 686 484 764 2399]
737 679 861 745 FROM
882 679 1101 745 NIOHOLAS
1123 682 1242 745 OLAH
1545 685 1586 745 69

388 842 436 902 hii
458 848 571 902 tamen
589 860 690 920 quam
712 841 810 921 pauci
831 848 910 903 sunt
930 859 1009 921 prae
1032 840 1175 920 illisqui
1196 841 1335 915 malicia,
1358 842 1515 920 nequitia,
1538 843 1585 903 in·

387 924 550 986 fidelitate
564 930 643 985 sunt
653 924 752 1004 pleni.
787 923 1008 998 Quamobrem
1024 943 1091 985 non
1106 925 1204 986 modo
1219 932 1268 998 tu,
1284 925 1459 986 sedeciam
1474 944 1587 986 omnes

388 1008 446 1070 alii
473 1008 592 1069 merito
619 1007 662 1069 de
690 1006 877 1069 infidelibus
906 1008 1020 1068 amicis
1048 1010 1204 1087 conqueri
1235 1015 1383 1088 possunt.
1428 1009 1530 1082 Meae,
1559 1010 1587 1070 si

387 1110 537 1172 sapuero,
553 1092 720 1153 amiciciae
735 1097 768 1152 te
782 1110 850 1152 non
869 1090 1041 1170 penitebit.
1084 1090 1208 1152 Contra
1226 1111 1268 1152 ex
1283 1098 1343 1153 tua
1362 1091 1587 1154 familiaritate
1602 1114 1634 1152 10

387 1181 524 1236 tantum
541 1175 635 1254 capio
652 1173 836 1254 voluptatis
855 1182 894 1236 vt
914 1193 986 1234 eam
1008 1193 1084 1235 cum
1103 1174 1261 1237 thesauro
1280 1175 1403 1236 nullius
1424 1176 1485 1236 sim
1500 1194 1586 1236 com-

386 1265 588 1320 mutaturus.

431 1340 538 1403 Credo
565 1348 600 1403 te
628 1360 746 1421 cupere
774 1340 955 1419 intelligere
984 1346 1111 1402 statum
1136 1341 1334 1422 Hungariae‚
1360 1342 1438 1403 olim
1462 1343 1589 1422 magnis

388 1426 489 1486 rebus
513 1426 612 1505 gestis
636 1424 894 1497 florentissimae,
920 1444 1008 1485 nnnc
1034 1443 1113 1485 vero
1138 1424 1228 1485 vltra
1255 1444 1356 1504 quam
1385 1426 1448 1486 dici
1477 1432 1589 1505 potest

389 1528 574 1589 oppressae.
618 1507 709 1582 Quae
730 1527 835 1587 nuper
854 1507 981 1569 Turcae
1001 1509 1036 1568 in
1057 1527 1096 1568 ea
1116 1508 1255 1569 iecerint
1275 1508 1357 1569 alias
1375 1508 1438 1570 tibi
1456 1508 1589 1570 abunde
1604 1529 1634 1579 15

389 1592 573 1673 perscripsi.
618 1591 692 1652 Rex
707 1597 820 1652 noster
837 1610 942 1671 nuper
963 1591 1133 1671 expediuit
1147 1610 1186 1652 eo
1200 1593 1391 1665 exercitum,
1408 1599 1447 1653 vt
1462 1593 1587 1672 opinor,

389 1675 535 1735 militum
552 1674 725 1736 duodecim
744 1673 797 1735 vel
818 1674 1091 1753 quattuordecem
1113 1675 1250 1736 milium.
1293 1675 1328 1736 Is
1346 1695 1421 1736 cum
1437 1675 1589 1737 omnibus

390 1758 490 1819 rebus
513 1777 598 1837 quae
623 1758 666 1819 ad
691 1757 934 1837 expeditionem
962 1758 1065 1837 ipsius
1094 1764 1173 1819 sunt
1201 1760 1401 1820 necessariae
1431 1759 1512 1820 bene
1539 1760 1588 1819 in·

389 1847 549 1915 structus,
564 1848 599 1902 et
610 1841 735 1902 viribus
745 1842 847 1901 etiam
858 1840 1034 1902 naualibus
1048 1847 1176 1913 anctus,
1185 1861 1374 1921 progressus
1384 1862 1454 1903 esse
1468 1842 1590 1903 dicitur

390 1944 495 2004 vsque
516 1922 724 2004 Strigonium.
769 1923 855 1997 Quid
876 1924 974 1985 isthic
996 1925 1061 1985 iam
1083 1924 1197 1985 iecerit
1217 1932 1269 1986 est
1288 1925 1396 1986 adhuc
1416 1927 1587 1986 incertum.
1602 1947 1636 1984 20

390 2008 502 2069 Vnum
517 2007 579 2069 hoc
593 2027 717 2081 vereor,
732 2026 774 2068 ne
788 2009 947 2088 temporis
961 2008 1139 2087 asperitate
1154 2008 1345 2070 debilitetur
1358 2015 1394 2069 et
1407 2009 1589 2088 frangatur,

390 2092 604 2170 hostiumque
625 2093 720 2164 vires,
739 2097 857 2171 vtpote
878 2110 963 2169 quae
984 2093 1019 2152 in
1040 2092 1150 2171 patria
1170 2098 1310 2171 possunt
1328 2111 1398 2153 esse
1417 2097 1452 2153 et
1473 2098 1591 2153 contra

389 2175 522 2254 frigoris
543 2176 611 2235 vim
633 2181 668 2235 et
689 2180 806 2235 contra
827 2173 892 2236 alia
913 2174 1150 2253 impedimenta
1174 2176 1405 2253 m<un>iti0res
1427 2182 1462 2236 et
1485 2176 1590 2254 magis

391 2259 533 2339 prouise,
549 2258 695 2319 euadant
710 2256 811 2336 (qnod
826 2258 915 2318 Deus
926 2256 1002 2337 Opt.
1016 2258 1103 2318 Max.
1116 2263 1260 2335 auertat)
1272 2259 1464 2337 superiores.
1495 2258 1590 2332 Quod

391 2343 419 2402 si
434 2341 566 2419 ii<er>et
579 2348 615 2402 et
629 2340 754 2419 aliquid
770 2341 836 2402 illis
847 2340 983 2420 periculi
997 2342 1212 2421 contingeret,
1223 2340 1350 2403 nullam
1365 2341 1484 2404 deinde
1498 2361 1589 2421 spem
1603 2361 1636 2412 25

391 2425 635 2504 recuperandae
650 2424 842 2504 Hungariae
856 2423 1003 2485 habituri
1017 2443 1171 2485 essemus.
1215 2424 1302 2486 Nam
1317 2425 1452 2498 Tuscae,
1465 2431 1504 2485 vt
1517 2426 1590 2499 scis,

391 2514 604 2589 prepotentes
625 2513 705 2567 sunt
725 2508 846 2580 hostes,
861 2526 975 2568 eorum
997 2514 1109 2568 autem
1132 2509 1182 2568 vis
1203 2509 1238 2568 in
1258 2508 1427 2570 celeritate
1446 2509 1590 2570 maxime

391 2592 555 2653 consistit.
599 2590 733 2652 Interea
761 2590 841 2651 dum
871 2591 1035 2670 principes
1063 2592 1190 2671 imperii
1217 2591 1342 2670 aliquid
1371 2599 1488 2654 contra
1515 2590 1590 2653 illos

391 2675 501 2736 faeere
520 2673 633 2746 velint,
650 2675 719 2754 ipse
740 2680 848 2735 totam
870 2676 945 2753 igne
961 2680 997 2735 et
1015 2674 1104 2735 ferro
1120 2674 1295 2736 deuastare
1314 2676 1439 2755 poterit
1455 2674 1588 2736 Germa·

391 2760 493 2830 num,
514 2776 692 2835 vereorque
710 2756 854 2818 multum
872 2777 913 2818 ne
931 2757 1013 2818 illud
1030 2776 1204 2819 commune
1219 2759 1423 2832 vaticinium,
1439 2758 1482 2819 ob
1501 2759 1588 2839 prin-
1604 2776 1637 2827 30

392 2843 504 2922 cipum
533 2842 785 2902 christianorum
814 2847 849 2901 et
875 2842 1039 2901 internam
1068 2841 1261 2902 seditionem
1290 2848 1325 2903 et
1348 2842 1590 2922 negligentiam,

392 2932 510 2988 nostro
531 2924 592 2987 hoc
613 2944 697 2986 aeuo
718 2923 914 2998 verificetur,
937 2925 1062 2986 Turcas
1087 2924 1211 2987 scilicet
1231 2925 1275 2987 ad
1296 2923 1465 2988 Coloniam
1487 2944 1591 3004 vsque

393 3010 586 3090 Agripinam
609 3010 723 3082 ituros,
745 3015 780 3069 et
802 3008 867 3069 illic
889 3028 959 3069 esse
983 3007 1206 3070 debellandos.
1250 3008 1331 3090 Spes
1352 3016 1424 3071 erat
1446 3010 1591 3071 maxima

392 3092 575 3165 Caesarem,
591 3111 698 3172 regem
713 3098 748 3152 et
762 3097 909 3153 caeteros
919 3090 1114 3153 Germaniae
1128 3093 1291 3172 principes
1305 3094 1340 3154 in
1354 3092 1415 3154 hoc
1430 3092 1592 3172 imperiali

392 3181 562 3238 conuentu
585 3195 624 3237 ea
646 3175 885 3236 deliberaturos
911 3195 995 3255 qnae
1021 3174 1065 3236 ad
1092 3175 1323 3255 propellendos
1350 3196 1391 3237 ex
1420 3176 1592 3256 Hungaria
1605 3193 1637 3245 35

393 3260 519 3321 Turcas
544 3260 708 3338 pertinere
733 3259 934 3320 viderentur.
977 3257 1077 3320 Secns
1103 3265 1215 3320 tamen
1244 3279 1345 3338 quam
1373 3259 1592 3339 opinabamur

393 3344 544 3422 contigit.
588 3342 675 3403 Nam
693 3343 884 3404 omniafere
904 3349 1070 3404 tractatus
1090 3343 1123 3403 in
1146 3342 1418 3404 altercationibus
1442 3349 1493 3404 est
1515 3362 1590 3404 con·

395 3433 559 3507 sumptus,
574 3432 610 3486 et
629 3432 806 3505 praetextu
825 3425 923 3487 fidaei
944 3425 1171 3505 religionisque
1191 3433 1324 3488 nostrae
1345 3425 1591 3488 conseruandae

394 3509 460 3572 alia
481 3509 592 3572 omnia
612 3515 692 3570 sunt
711 3508 868 3587 neglecta,
883 3510 933 3569 ita
947 3514 987 3569 vt
1000 3509 1083 3570 nihil
1097 3511 1230 3590 penitus
1247 3514 1430 3571 tractatum
1445 3529 1515 3571 esse
1530 3508 1591 3570 hoc

394 3595 428 3655 in
443 3600 610 3655 conuentu
624 3599 685 3653 ant
699 3591 830 3653 finitum
845 3592 952 3653 dicere
966 3593 1072 3672 possis
1086 3612 1187 3671 qnam
1201 3594 1362 3672 promissa
1373 3593 1593 3672 qnadraginta
1604 3611 1638 3661 40

394 3677 499 3739 millia
512 3676 662 3756 peditum
676 3681 711 3737 et
725 3682 802 3736 octo
816 3674 919 3737 millia
938 3677 1089 3754 equitum
1104 3676 1147 3737 ad
1165 3675 1315 3738 futuram
1334 3683 1452 3738 contra
1466 3676 1592 3738 Turcae

394 3760 578 3841 generalem
598 3759 859 3839 expeditionem:
882 3758 943 3819 hac
965 3765 1080 3820 tamen
1101 3759 1180 3839 lege,
1199 3760 1228 3820 si
1247 3759 1367 3821 Caesar
1381 3758 1592 3821 Germaniam

395 3844 566 3923 pacauerit
581 3862 619 3903 ac
633 3843 797 3922 principes
818 3843 853 3903 in
871 3843 1006 3922 negocio
1025 3842 1102 3904 fidei
1123 3843 1300 3904 concordes
1318 3843 1506 3904 reddiderit.
1550 3842 1591 3903 Id

395 3934 510 3989 autem
525 3927 659 4006 qnando
673 3924 743 3999 fiat,
758 3931 793 3986 et
808 3931 920 3986 vtrum
936 3945 1024 3986 nunc
1039 3926 1109 3986 fieri
1123 3927 1228 4006 possit
1241 3945 1338 3987 nemo
1356 3933 1408 3987 est
1425 3928 1482 4004 qui
1498 3927 1590 3987 sciat.

395 4010 506 4072 Tanta
530 4014 582 4071 est
607 4009 792 4070 animorum
817 4009 1001 4082 diuersitas,
1027 4010 1212 4088 principum
1237 4016 1309 4070 tam
1334 4009 1456 4070 diuersi
1479 4010 1591 4071 animi.
1604 4024 1638 4078 45

394 4095 468 4155 Hiis
490 4093 591 4173 igitur
612 4092 709 4153 rebus
731 4093 779 4153 ita
801 4092 977 4165 stantibus,
1000 4099 1036 4153 et
1058 4092 1155 4153 rebus
1177 4093 1329 4154 omnibus
1349 4095 1464 4173 pocius
1481 4093 1523 4155 ad
1543 4093 1591 4154 in·

394 4178 554 4239 teatinum
573 4175 696 4237 bellum
716 4194 815 4253 quam
835 4194 949 4256 pacem
969 4181 1122 4236 mutuam
1140 4176 1377 4255 spectantibus,
1400 4176 1480 4255 quid
1501 4175 1593 4238 aliud

394 4267 570 4340 expectare
591 4278 774 4339 possumus,
790 4278 890 4337 quam
910 4258 1108 4338 reipublicae
1129 4260 1327 4321 christianae
1345 4260 1538 4340 pericnlum,
1558 4264 1593 4319 et

393 4351 472 4425 post
486 4343 693 4423 Hungariam
708 4343 872 4414 amissam,
887 4340 1082 4404 Germaniae
1096 4344 1203 4404 tocius
1216 4342 1403 4404 excidium?

437 4427 539 4488 Plura
560 4446 613 4487 me
635 4426 775 4486 scribere
800 4424 968 4487 volentem
993 4426 1168 4506 intercepit
1193 4426 1358 4487 tabellarii
1383 4425 1494 4486 subita
1518 4443 1591 4504 pro·
1606 4441 1640 4490 50

393 4511 504 4573 iectio.
549 4510 633 4571 Boni
653 4511 753 4589 igitur
774 4508 916 4582 consule,
936 4510 983 4570 mi
1003 4509 1150 4583 Erasme,
1169 4510 1196 4570 si
1217 4529 1284 4570 non
1305 4530 1388 4589 quas
1409 4508 1509 4570 velles
1530 4506 1592 4568 ele·

393 4601 512 4675 gantes
526 4594 641 4674 legeris
654 4592 794 4654 litteras.

437 4677 519 4739 Vale
533 4696 575 4737 ex
589 4676 749 4756 Augusta.
765 4693 838 4737 xxv
853 4674 1005 4737 Octobris
1020 4691 1178 4737 n.n:xxx.

427 4818 470 4867 23.
488 4802 635 4854 eliesMS.
703 4817 745 4867 24.
762 4802 949 4854 euertstMS.
1018 4816 1060 4866 32.
1078 4800 1261 4853 TureosMS.
1329 4815 1371 4866 34.
1389 4799 1517 4865 imperali
1528 4798 1593 4850 MS.

586 4969 686 5035 psiJE
1020 4969 1113 5019 which
1124 4966 1310 5019 surrendered
1321 4981 1359 5018 on
1371 4979 1403 5030 27
1415 4965 1488 5017 Nos.

681 4971 958 5102 demaculat-n)

427 5053 470 5090 ac.
508 5037 674 5104 trigonium]
961 5073 968 5096 ,
1054 5049 1097 5100 27.
1114 5034 1325 5098 babdutam.
1337 5033 1392 5101 Ep.
1405 5037 1480 5097 ²39⁶·
1493 5047 1552 5099 4-7.
