4042 5900
519 611 581 673 eoa
866 609 1065 673 nsrrsss
1086 608 1367 673 orassemus
1626 615 1727 691 [1531

519 771 584 831 iam
598 776 634 831 et
647 768 787 831 afflictas
800 768 1000 831 valetudinis
1014 788 1116 848 quum
1130 768 1203 830 aliis
1216 768 1365 850 plurimis
1380 770 1532 832 subsidiis
1550 776 1630 850 eget
1650 776 1728 832 tum

519 855 661 915 maxime
678 854 755 914 vino
774 852 1014 932 Burgundieco,
1028 852 1118 931 quod
1137 852 1213 914 huic
1231 853 1402 915 stomacho
1420 873 1496 915 cum
1515 852 1728 915 Germanicis

474 959 508 995 2ο
520 937 657 1017 pessime
671 937 835 998 conuenit.
878 934 987 1009 Quum
1001 942 1114 997 autem
1129 956 1169 996 ea
1182 937 1278 997 istinc
1290 937 1353 997 huc
1364 937 1485 998 adferri
1496 956 1578 998 curo
1589 944 1728 1016 praeter

520 1020 632 1097 iniqua
657 1019 831 1098 impendia,
856 1026 917 1080 aut
941 1020 1078 1081 veniunt
1102 1018 1214 1098 qualia
1237 1019 1348 1092 nolim,
1371 1025 1432 1082 aut
1455 1021 1490 1081 in
1515 1021 1636 1083 itinere
1667 1041 1728 1102 per

519 1104 650 1182 aurigas
664 1104 835 1164 vitientur.

562 1184 736 1265 Speremus
764 1185 896 1265 quidem
921 1187 1032 1247 omnia
1056 1187 1125 1248 fore
1149 1185 1337 1265 tranquilla,
1362 1186 1420 1247 sed
1445 1192 1558 1248 tamen
1584 1188 1614 1249 si
1639 1188 1726 1267 quid

520 1270 669 1330 extiterit
682 1269 771 1348 quod
785 1269 948 1343 nolumus,
963 1270 1044 1331 mihi
1057 1276 1188 1350 gratum
1203 1276 1289 1331 esset
1302 1271 1392 1332 vrbis
1405 1271 1501 1331 istius
1515 1269 1666 1350 hospitio
1681 1272 1727 1333 ad

475 1371 508 1421 25
521 1358 652 1431 tempus
671 1354 729 1413 vti.
773 1353 880 1415 Nemo
898 1373 957 1433 per
975 1372 1028 1415 me
1046 1353 1256 1433 grauabieur3
1278 1360 1339 1426 est,
1353 1355 1461 1433 gratia
1477 1355 1615 1433 superis,
1633 1354 1728 1416 vnde

520 1434 608 1496 alem
629 1435 690 1497 hoc
712 1437 950 1516 corpusculum.
994 1436 1063 1498 Nec
1084 1455 1159 1497 cum
1181 1436 1250 1497 vlla
1271 1444 1362 1497 secta
1382 1437 1462 1498 mihi
1486 1439 1726 1500 commercium

520 1525 581 1580 est.
624 1518 741 1580 Nullos
763 1520 869 1581 habeo
892 1520 1069 1599 discipulos
1092 1520 1155 1580 nisi
1178 1539 1254 1581 cum
1278 1519 1408 1581 Christo
1433 1539 1636 1594 communes,
1661 1541 1727 1583 nec

522 1602 695 1664 habiturus
720 1622 793 1664 sum
818 1603 949 1664 volente
972 1603 1052 1664 Deo.
1095 1602 1144 1663 De
1167 1604 1257 1664 vitiis
1279 1605 1448 1665 hominum
1473 1604 1640 1682 quaedem
1663 1605 1726 1665 ad-

521 1688 644 1759 monui,
665 1706 749 1765 quae
769 1686 916 1748 nonnihil
937 1686 1110 1747 offendunt
1130 1705 1276 1748 morosos
1297 1687 1467 1765 quosdam,
1489 1705 1593 1765 quum
1615 1690 1726 1767 magis

476 1789 510 1840 30
522 1771 706 1848 oportuerit
720 1790 759 1832 ea
776 1772 935 1849 corrigere
952 1789 1053 1848 quam
1072 1788 1257 1831 succensere
1272 1770 1353 1831 bene
1370 1772 1527 1831 monenti.
1571 1769 1727 1832 Tantum

522 1872 645 1932 quaero
666 1859 799 1933 portum
820 1859 856 1914 et
876 1852 1089 1931 tranquillam
1109 1854 1219 1915 sedem
1243 1853 1318 1914 huic
1341 1854 1444 1914 aetati
1465 1859 1500 1915 et
1522 1854 1725 1917 valetudini.

522 1936 667 1998 Vocatus
688 1955 760 1997 sum
782 1942 817 1998 et
838 1956 937 1997 vocor
956 1936 1023 1998 alio
1041 1936 1219 2017 splendidis
1237 1936 1487 2010 conditionibus,
1504 1936 1562 1997 sed
1580 1956 1651 1999 non
1669 1945 1727 2000 est

522 2019 692 2080 consilium
706 2020 815 2099 egredi
828 2018 1004 2081 Caesareae
1019 2020 1153 2081 ditionis
1167 2021 1321 2099 pomeria,
1332 2022 1425 2081 cuius
1439 2020 1594 2099 singulari
1604 2021 1726 2083 fauore

523 2102 682 2164 hactenus
696 2102 830 2164 substiti
843 2103 1001 2164 aduersus
1016 2103 1252 2166 maleuolorum
1266 2110 1413 2165 conatus.

477 2203 510 2256 35
565 2184 659 2259 Quod
674 2187 702 2246 si
715 2192 827 2247 vestre
841 2188 1002 2266 sepientis
1015 2187 1149 2267 putabit
1166 2187 1227 2249 hoc
1246 2206 1377 2267 quoque
1394 2188 1438 2248 ad
1456 2206 1525 2248 rem
1544 2188 1725 2267 pertinere,

523 2269 624 2331 verbo
645 2268 798 2331 facillime
818 2270 1002 2350 impetrabo
1021 2276 1057 2331 et
1077 2290 1098 2331 a
1119 2270 1254 2332 Caesare
1275 2276 1310 2331 et
1327 2290 1348 2331 a
1365 2270 1570 2332 Ferdinando
1589 2270 1725 2332 litteras

523 2353 820 2416 commendaticias.
863 2352 1057 2432 Quanquam
1091 2373 1176 2433 quae
1209 2359 1320 2414 vestra
1354 2354 1541 2415 humanitas
1573 2359 1627 2415 est
1661 2374 1724 2416 nec

522 2436 653 2498 illorum
675 2436 955 2498 commendatione
976 2456 1035 2497 nec
1058 2438 1108 2498 his
1128 2438 1208 2498 meis
1228 2437 1347 2498 litteris
1369 2457 1451 2516 opus
1471 2457 1540 2498 esse
1563 2437 1723 2499 arbitror.

522 2519 680 2582 Attamen
701 2527 836 2601 propter
858 2522 966 2581 varias
987 2520 1156 2582 hominum
1181 2522 1360 2582 sententies
1385 2522 1558 2600 variosque
1580 2520 1724 2582 affectus

476 2623 510 2674 40
523 2605 631 2665 visum
652 2610 702 2665 est
724 2604 805 2665 nihil
826 2608 966 2676 tentare,
985 2605 1047 2664 nisi
1069 2605 1159 2684 prius
1177 2604 1355 2684 exploratis
1374 2605 1491 2665 animis
1508 2606 1635 2676 vestris,
1652 2605 1723 2665 sine

522 2706 664 2767 quorum
685 2687 799 2749 fauore
820 2688 928 2748 neseio
949 2707 993 2748 an
1014 2688 1087 2748 istic
1108 2687 1321 2767 tranquillam
1342 2687 1452 2748 sedem
1471 2688 1591 2749 habere
1610 2687 1721 2749 liceat.

523 2769 744 2844 Quamobrem
770 2777 881 2832 vestra
905 2771 1084 2832 clarissime
1108 2771 1267 2832 celsitudo
1289 2789 1355 2831 non
1384 2771 1578 2849 grauabitur
1606 2773 1723 2851 paucis

522 2853 631 2914 verbis
646 2854 721 2915 huic
735 2854 892 2934 epistolae
906 2853 1109 2933 respondere,
1122 2855 1174 2914 oui
1184 2873 1237 2915 me
1247 2873 1375 2933 semper
1385 2853 1554 2915 addictum
1565 2854 1723 2916 clientem

522 2937 593 3000 fore
615 2936 779 3018 profiteor,
805 2957 1019 3017 quaecunque
1048 2937 1222 2999 Erasmum
1250 2944 1301 2998 est
1329 2937 1483 2999 habitura
1510 2940 1609 3020 regio.
1656 2938 1723 3001 Vos

476 3039 509 3090 45
523 3040 637 3084 omnes
651 3023 799 3100 sospitet,
814 3040 931 3100 resque
945 3027 1073 3087 vestras
1088 3021 1171 3082 bene
1184 3021 1333 3082 fortunat
1346 3021 1507 3083 Dominus
1521 3021 1624 3084 Iesus.

564 3104 663 3185 Apud
677 3105 872 3183 Friburgum
887 3105 1052 3185 Brisgoiae
1067 3105 1223 3184 postridie
1238 3104 1349 3165 Ieoobi
1363 3106 1506 3186 apostoli
1519 3122 1694 3167 mnxm.

807 3470 908 3532 2515.
955 3465 1062 3531 Fron
1077 3464 1260 3531 Bssussn
1276 3484 1321 3532 or
1337 3466 1438 3533 Onne.

561 3605 659 3660 Trent
670 3603 735 3659 MS.
1479 3604 1646 3670 (Vienna.)

1334 3679 1584 3750 <My-August>
1600 3695 1684 3750 1531.

558 3807 630 3870 [The
638 3806 754 3857 letteris
763 3804 913 3872 preserved
921 3805 952 3855 in
960 3806 1011 3856 the
1024 3805 1267 3870 ‘Correspondenz
1277 3823 1304 3855 v.
1317 3806 1464 3857 Bernhard
1476 3823 1504 3857 v.
1516 3807 1625 3866 Trient,
1640 3822 1728 3872 1514-

526 3874 606 3939 1533'
623 3873 759 3953 formerlv
774 3874 803 3923 in
819 3873 869 3922 the
881 3873 1079 3988 ξιωιωωΤῙίιίν
1090 3878 1122 3988 pt
1133 3873 1243 3923 Vienna
1258 3876 1316 3934 (see
1332 3873 1385 3938 Ep.
1401 3886 1465 3936 1357
1476 3873 1726 3990 intmd.)l,3nowin

523 3941 720 4073 tranen
728 3941 893 4058 isse
905 3945 1032 4056 ren
1043 3955 1074 4055 r
1084 3941 1728 4072 Messene

525 4075 670 4126 ‘Minutas
681 4074 786 4124 mensis
797 4074 862 4124 Iulii
873 4088 935 4139 vsq.
947 4072 984 4123 ad
996 4088 1016 4122 x
1028 4073 1151 4137 Augusti
1162 4074 1308 4122 rsnxxx1'.
1344 4074 1404 4123 The
1412 4074 1511 4124 letters
1519 4089 1567 4123 are
1576 4074 1728 4140 evidently

524 4143 555 4194 in
566 4143 616 4192 the
627 4142 710 4192 order
721 4141 751 4191 in
762 4141 853 4191 which
864 4141 934 4204 they
945 4155 1018 4190 were
1032 4140 1157 4198 written,
1174 4139 1231 4190 end
1248 4141 1307 4190 this
1318 4156 1415 4190 occurs
1426 4141 1550 4191 towards
1563 4142 1614 4191 the
1625 4141 1684 4192 end
1694 4142 1726 4193 of

525 4211 576 4261 the
587 4209 700 4275 pocket.
735 4207 826 4258 There
836 4207 861 4258 is
871 4207 992 4258 another
1002 4206 1082 4258 dralt
1093 4208 1123 4256 ol
1134 4208 1159 4258 it
1169 4207 1198 4256 in
1209 4208 1260 4257 the
1271 4223 1349 4258 same
1361 4206 1488 4268 bundle.]

1053 4331 1196 4376 ensem.

567 4425 748 4487 Rnnnlran
763 4424 857 4485 nobis
870 4425 1006 4486 fuerunt
1020 4424 1149 4486 litterae
1164 4431 1301 4496 vestrae,
1317 4444 1358 4485 ex
1375 4424 1494 4503 quibus
1511 4424 1727 4503 cognouimus

526 4529 585 4571 vos
619 4507 839 4588 superioribus
873 4507 988 4568 diebus
1023 4508 1194 4587 postremis
1227 4509 1346 4568 nostris
1380 4507 1599 4587 respondisse:
1639 4528 1726 4587 quae

526 4591 657 4672 quidem
677 4591 721 4652 ed
739 4609 856 4652 manus
875 4597 1004 4651 nostras
1023 4610 1090 4652 non
1108 4609 1292 4670 peruenere.
1336 4591 1485 4651 Vidimus
1500 4592 1600 4652 etiam
1615 4610 1725 4653 exem-

525 4676 618 4756 plum
632 4675 817 4736 litterarum
832 4680 1015 4735 vestrarum
1030 4673 1073 4735 ad
1087 4673 1284 4754 Episcopum
1296 4674 1520 4754 Viennensem,
1532 4681 1567 4735 et
1577 4673 1727 4736 dolemus

497 4758 616 4837 §quod
637 4759 670 4818 in
691 4758 752 4818 hec
773 4763 884 4818 aetate
905 4763 1019 4818 nostra
1040 4756 1133 4818 vobis
1155 4758 1226 4818 viro
1246 4758 1395 4819 modesto
1417 4777 1475 4818 nec
1497 4757 1578 4819 talia
1598 4759 1728 4837 perpeti

529 4869 823 4970 *solisne-enm]
842 4909 960 4959 Neither
976 4910 1007 4959 ol
1021 4909 1103 4960 these
1187 4926 1211 4973 4.
1230 4910 1402 4971 litterarum]
1435 4910 1495 4960 Not
1527 4915 1639 4970 extant,
1670 4910 1728 4963 but

527 4978 628 5029 lettere
639 4977 763 5037 survive,
775 4977 812 5026 cl.
825 4976 880 5042 Ep.
893 4989 968 5039 2504.
981 4978 1027 5026 8n.
1153 4977 1727 5043 ansveredbyEp.25o3ol21Jun01531.
