4042 5900
501 664 562 725 rso
827 661 1026 725 currens
1047 661 1327 726 ornaremus
1599 667 1697 743 [1531

498 841 625 885 manus.
668 820 759 884 Nihil
781 822 867 884 enim
891 822 1054 902 potuisset
1079 821 1247 902 obtingere
1274 822 1385 884 animo
1409 841 1482 884 meo
1510 822 1696 899 iucundius,

499 925 599 985 quam
620 905 778 985 prolixius
798 906 932 985 Egnatii
951 906 1015 967 mei
1036 906 1244 983 colloquium.
1287 904 1369 967 Cum
1391 904 1504 968 Badeo
1524 925 1697 987 nunquam

469 987 1159 1152 ⁵hssfdltithf¹⁰shiffliffl
1173 988 1585 1134 diffiditis&
1595 997 1697 1153 {il}

499 1157 622 1218 bonum
643 1161 839 1235 gratumque
860 1157 968 1217 virum
988 1175 1058 1217 esse
1079 1175 1139 1235 par
1158 1161 1219 1228 est,
1240 1174 1317 1235 erga
1337 1155 1502 1218 hominem
1522 1157 1699 1221 excellenti

499 1238 650 1301 doctrina
670 1238 804 1313 clarum,
820 1239 926 1319 deque
942 1238 1061 1300 studiis
1075 1258 1112 1299 ec
1127 1239 1282 1300 studiosis
1295 1239 1447 1300 omnibus
1460 1241 1583 1319 optime
1600 1243 1696 1302 meri·

499 1328 581 1384 tum.
625 1321 659 1384 Si
680 1323 760 1402 quid
779 1323 844 1384 fuit
859 1322 1008 1395 offensae,
1024 1323 1113 1401 quod
1131 1323 1238 1402 ipsum
1256 1327 1316 1382 aut
1335 1323 1467 1383 omnino
1487 1322 1615 1385 nullum
1635 1331 1697 1388 aut

454 1425 598 1485 requam
623 1406 823 1468 leuissimum
843 1406 943 1468 luisse
964 1425 1046 1479 reor,
1068 1425 1089 1466 a
1110 1425 1162 1466 me
1182 1404 1314 1485 quidem
1335 1412 1445 1467 ortum
1465 1425 1534 1468 nou
1553 1413 1615 1480 est,
1638 1408 1697 1470 sed

498 1489 716 1550 veneficarum
729 1489 914 1569 linguarum
931 1490 1070 1551 susurris
1083 1508 1122 1550 ac
1136 1488 1267 1550 fascinis
1285 1494 1505 1567 procuratum.
1549 1489 1697 1553 Tametsi

426 1628 428 1631 .
499 1572 631 1634 Budeus
653 1574 704 1634 vir
726 1578 761 1634 et
785 1573 916 1653 probior
940 1579 991 1633 est
1013 1578 1049 1633 et
1073 1572 1246 1634 humanior
1268 1591 1367 1651 quam
1392 1578 1431 1634 vt
1452 1574 1571 1634 acriter
1593 1576 1696 1636 etiam

498 1655 667 1718 lacessitus
681 1658 715 1717 in
729 1676 915 1736 quenquam
935 1656 1045 1718 odiose
1059 1656 1200 1735 stringat
1218 1655 1389 1716 calamum.
1433 1657 1479 1716 Et
1494 1675 1554 1736 ego
1568 1676 1642 1719 sum
1656 1660 1696 1732 is,

499 1740 598 1818 quiin
608 1740 691 1801 tales
699 1741 787 1801 viros
798 1758 891 1819 aegre
899 1740 1020 1819 possim
1030 1738 1263 1811 incandescere,
1276 1738 1352 1800 licet
1363 1739 1477 1800 acerbe
1485 1746 1696 1819 prouocatus,

454 1848 486 1899 ις
498 1822 596 1885 modo
610 1842 662 1884 me
681 1824 792 1884 sinant
805 1842 874 1884 esse
891 1822 1122 1884 Christianum.
1164 1819 1218 1882 Ad
1235 1822 1319 1882 hano
1338 1822 1441 1883 solam
1460 1824 1696 1886 contumeliam

498 1905 579 1967 lenis
592 1926 661 1968 esse
675 1926 734 1967 nec
748 1925 881 1986 possum
893 1925 954 1967 nec
967 1905 1081 1968 debeo.

540 1989 629 2052 lllud
657 1995 752 2051 acute
781 1990 936 2070 perspicis
964 2008 1033 2050 esse
1060 1988 1124 2049 lati
1151 1989 1225 2061 mei,
1251 1987 1340 2067 quod
1365 1988 1544 2050 multorum
1569 1991 1697 2053 acerbis

498 2074 678 2135 inimiciciis
686 2074 868 2135 excercitus
878 2092 961 2146 sum,
971 2091 1074 2153 quum
1085 2073 1226 2133 maxime
1237 2090 1363 2151 semper
1378 2072 1546 2134 habuerim
1557 2075 1592 2135 in
1606 2076 1697 2136 votis

498 2158 651 2218 naeuius
672 2176 786 2219 eruore
807 2176 899 2218 meus
923 2156 1109 2217 rubesceret
1129 2155 1235 2217 stilus.
1279 2156 1359 2216 Eius
1381 2156 1428 2217 rei
1452 2161 1506 2216 sat
1527 2157 1611 2237 signi
1631 2164 1695 2232 est,

453 2265 486 2303 20
498 2239 587 2319 quod
601 2242 687 2302 inter
708 2245 762 2302 tot
775 2259 865 2302 meas
885 2240 1051 2320 apologias
1063 2238 1156 2300 nulla
1174 2244 1226 2300 est
1245 2239 1420 2300 inuectiua.
1463 2238 1536 2301 Hoc
1555 2260 1608 2301 me
1622 2241 1696 2303 fato

497 2328 615 2385 natum
632 2322 737 2385 leuius
757 2323 828 2384 lero
849 2343 948 2402 quam
971 2325 998 2384 si
1015 2342 1036 2383 a
1054 2322 1168 2384 multis
1189 2320 1346 2383 lacessitis
1366 2321 1532 2403 apologias
1553 2324 1695 2387 totidem

497 2408 714 2469 extorsissem.
756 2404 832 2469 Non
851 2411 903 2468 est
923 2406 974 2468 les
995 2405 1167 2485 θεομαχεῖν.
1210 2403 1344 2467 Summo
1364 2405 1413 2466 illi
1433 2405 1582 2486 chorago,
1602 2409 1696 2469 cuius

498 2490 662 2551 arbitratu
684 2490 846 2551 humanae
866 2490 956 2551 vitae
976 2489 1090 2551 fabula
1110 2490 1228 2569 agitur,
1251 2488 1432 2568 parendum
1452 2495 1512 2551 est.
1556 2490 1590 2551 Is
1611 2511 1696 2570 quos

498 2573 582 2647 vult,
597 2579 632 2635 et
647 2593 712 2653 qua
726 2592 863 2653 persona
877 2572 962 2646 vult,
977 2574 1132 2653 producit
1145 2573 1180 2634 in
1194 2572 1371 2633 theatrum.
1408 2570 1491 2633 Sita
1504 2572 1612 2635 voluit
1624 2594 1696 2637 esse

452 2681 485 2732 ²5
499 2657 678 2730 Mitionem,
693 2676 745 2718 me
760 2657 925 2729 Demeam,
941 2676 1017 2718 suas
1033 2657 1170 2736 quisque
1189 2661 1300 2736 partes
1313 2656 1532 2717 sustineamus
1551 2664 1694 2737 oportet.

498 2740 602 2801 Nouit
617 2740 767 2802 dominus
782 2739 862 2820 quid
876 2741 993 2819 cuique
1008 2740 1172 2819 expediat.
1215 2738 1337 2800 Hostes
1351 2738 1456 2801 habeo
1470 2739 1579 2819 plures
1593 2760 1695 2819 quam

498 2822 626 2897 vellem,
641 2823 766 2885 fateor:
801 2823 857 2885 sed
877 2829 1002 2897 eontra,
1022 2842 1089 2885 non
1110 2842 1231 2902 paucos
1251 2822 1357 2884 habeo
1378 2824 1499 2884 amicos
1520 2824 1693 2903 dignitate,

497 2909 687 2981 autoritate,
697 2907 857 2981 doctrina,
867 2926 993 2969 morum
1005 2907 1195 2986 integritate
1203 2905 1423 2987 precellentes.
1456 2906 1695 2971 Neohacteuus

498 2991 578 3052 mihi
592 2993 765 3070 quisquam
776 2992 926 3052 exhibuit
940 2992 1119 3070 negocium,
1130 2991 1192 3052 nisi
1206 2996 1266 3052 aut
1279 2990 1467 3051 cerebrosus
1477 2996 1537 3051 aut
1550 2991 1693 3066 inuidus,

451 3098 485 3148 30
498 3080 558 3136 aut
579 3080 769 3154 arroganter
782 3074 935 3136 indoctus
952 3080 1012 3135 aut
1031 3094 1071 3134 ex
1092 3073 1255 3135 calumnia
1269 3093 1392 3135 venans
1411 3072 1565 3153 gloriam:
1594 3074 1694 3155 idque

497 3159 652 3219 successit
662 3157 836 3220 nonnullis.
873 3158 936 3219 Vix
951 3158 1034 3219 alius
1045 3177 1097 3218 me
1111 3157 1176 3218 fuir
1186 3158 1365 3218 amicorum
1375 3156 1573 3218 lectionibus
1582 3158 1693 3233 ditior,

497 3242 687 3320 priusquam
713 3241 771 3302 hec
793 3241 984 3321 dogmatum
1010 3240 1202 3320 digladiatio
1223 3247 1428 3314 nasceretur;
1461 3241 1496 3300 in
1519 3260 1584 3319 qua
1612 3243 1694 3304 mihi

498 3323 622 3386 libebat
642 3325 785 3403 quietem
807 3343 911 3404 agere,
933 3324 989 3386 sed
1010 3343 1077 3386 non
1098 3323 1200 3385 licuit.
1244 3323 1363 3385 Volens
1385 3323 1500 3385 nolens
1521 3330 1695 3404 protrusus

498 3427 571 3469 sum
585 3408 620 3469 in
633 3408 788 3469 harenam
802 3408 1041 3487 gladiatoriam,
1055 3427 1114 3469 nec
1129 3407 1171 3468 ab
1191 3407 1252 3468 hoo
1266 3426 1399 3468 munere
1420 3406 1533 3468 videor
1547 3428 1693 3488 vnquam

451 3511 485 3563 3⁵
497 3490 611 3552 rudem
621 3492 867 3571 impetraturus,
876 3511 978 3571 quum
992 3511 1013 3552 a
1023 3490 1114 3553 nulla
1124 3510 1160 3552 re
1168 3491 1271 3570 magis
1280 3490 1457 3552 abhorreat
1467 3511 1558 3552 meus
1569 3494 1692 3571 genius.

498 3573 710 3636 Tolerabilior
733 3579 805 3636 erat
828 3594 901 3635 mea
928 3575 1083 3647 conditio,
1106 3575 1230 3636 sicum
1255 3593 1321 3635 vna
1349 3574 1493 3635 hostium
1516 3576 1585 3636 acie
1607 3583 1694 3638 esset

497 3657 744 3738 confligendum.
785 3658 881 3719 Nunc
895 3677 971 3719 cum
986 3677 1052 3719 vna
1065 3663 1176 3718 turma
1190 3658 1336 3719 eominus
1350 3664 1560 3738 pugnantem,
1572 3665 1694 3740 atergo

497 3741 693 3803 adoriuntur
701 3741 750 3803 illi
760 3742 822 3822 ipsi
830 3760 891 3821 pro
899 3741 1019 3821 quibus
1028 3740 1277 3815 dimico,vthoc
1285 3760 1414 3821 pugnae
1422 3761 1523 3821 genus
1531 3733 1694 3804 Gerionad

498 3826 684 3905 quempiam
707 3829 768 3886 aut
796 3823 998 3903 ἑκατόγχειρα
1027 3825 1183 3904 requirat,
1209 3829 1269 3884 aut
1298 3831 1385 3886 certe
1413 3825 1555 3904 aliquem
1583 3845 1624 3887 ex
1652 3846 1694 3889 eo

451 3929 485 3979 4ο
498 3908 667 3969 hominum
696 3927 811 3988 genere
839 3908 928 3987 quod
955 3908 1034 3969 olim
1066 3907 1165 3969 fuisse
1195 3913 1309 3968 narrat
1336 3908 1571 3988 Aristophanes
1602 3910 1693 3989 apud

498 3991 680 4066 Platonem,
698 3993 828 4072 gemina
840 3991 932 4064 fecie,
947 3993 1116 4070 quaternis
1137 3991 1288 4065 brachiis,
1308 3992 1513 4071 totidemque
1533 3993 1691 4055 eruribus.

496 4074 569 4135 Hoc
592 4094 632 4136 ne
660 4075 840 4155 suspiceris,
866 4075 996 4155 Egnati,
1025 4095 1095 4136 mee
1123 4080 1241 4136 nature
1269 4075 1354 4137 vicio
1382 4075 1544 4150 accidisse,
1573 4095 1642 4138 rem
1671 4098 1693 4139 a

496 4158 681 4238 primordiis
694 4164 850 4238 repetam.

539 4240 611 4303 Iam
632 4241 757 4322 pridem
779 4242 868 4321 apud
888 4247 1054 4304 nostrates
1075 4241 1273 4303 incredibilis
1294 4242 1487 4322 digladiatio
1508 4242 1583 4316 fuit,
1605 4244 1692 4306 inter

451 4342 484 4394 45
496 4324 638 4387 melioris
649 4324 855 4386 litteraturae
863 4323 1021 4405 Greoique
1029 4326 1186 4387 sermonis
1196 4325 1389 4387 candidatos
1398 4331 1434 4387 et
1447 4327 1534 4386 inter
1545 4325 1692 4390 Rabinos

497 4414 699 4488 personatos,
727 4410 785 4488 qui
813 4408 918 4470 celum
946 4414 1033 4470 terre
1060 4410 1194 4470 miscere
1223 4409 1411 4470 maluerunt
1438 4429 1538 4488 quam
1567 4409 1693 4489 aliquid

498 4492 622 4553 nescire
637 4491 748 4553 videri.
793 4492 855 4553 Hic
875 4493 902 4552 si
917 4510 983 4553 non
997 4491 1226 4566 vexilliferum,
1241 4498 1329 4553 certe
1345 4497 1539 4554 strennuum
1553 4493 1692 4556 militem

498 4574 643 4655 praebui.
685 4575 767 4637 Oum
781 4575 840 4637 hec
855 4576 1057 4638 concertatio
1070 4577 1213 4638 maxime
1226 4575 1378 4648 ferueret,
1393 4581 1546 4637 exortum
1560 4583 1611 4637 est
1630 4577 1692 4640 hoc

531 4698 556 4749 3.
575 4702 607 4735 a:
625 4684 982 4750 animomeoobtingereJ.
1033 4699 1058 4750 5.
1077 4701 1175 4737 ne...
1187 4684 1328 4751 gratulere
1339 4685 1453 4735 adda'.
1498 4687 1524 4736 8.
1542 4687 1691 4752 optimae:

497 4751 612 4802 bened.
654 4765 695 4802 11.
712 4752 868 4803 eoisseinis
878 4752 988 4803 adda&
1026 4754 1066 4803 18.
1085 4771 1116 4803 a:
1134 4752 1382 4803 sumexercitusJ.
1420 4767 1462 4815 39.
1480 4750 1693 4818 ἑκατόνχειραα]

498 4832 540 4883 41.
558 4817 776 4884 totidemquea:
794 4817 990 4869 ettctidemJ.
1027 4833 1070 4884 42.
1088 4819 1194 4885 Egnati
1202 4819 1265 4869 add.
1273 4818 1310 4869 α’.
1345 4822 1387 4884 46.
1406 4825 1573 4884 personatos
1581 4821 1692 4875 add.e¹.

532 4965 574 5014 25·
588 4951 736 5002 Mitionem
761 4988 767 5002 .
794 4989 800 5001 .
827 4987 834 5002 .
858 4951 1005 5015 Demeam]
1018 4952 1069 5004 See
1151 4966 1194 5018 41.
1211 4951 1371 5015 Platonem]
1382 4951 1479 5017 ngp.
1494 4954 1550 5016 189.

498 5017 630 5078 Terence,
642 5018 772 5083 Adelphi.
