4042 5900
327 694 422 773 ²499]
660 689 783 753 111111
804 687 978 752 1111111
1000 688 1179 751 omarus
1461 689 1522 748 111

326 850 500 929 professori
522 849 619 912 isthic
644 850 813 911 literarum
841 868 1029 929 graecarum
1057 847 1251 910 admiranda
1273 847 1455 909 eruditione
1483 866 1522 908 11

326 933 513 1012 eloquentia
535 938 662 995 ornato.
705 932 747 993 Id
774 939 887 994 tamen
914 933 971 993 vni
998 952 1073 993 meo
1100 932 1233 994 domino
1260 930 1384 992 decano
1412 931 1522 992 Marco
1536 951 1569 990 10

326 1016 469 1079 Laurino
483 1016 595 1090 debeo,
610 1036 676 1078 non
689 1016 865 1077 eruditioni
879 1035 980 1089 meae,
992 1016 1113 1095 quippe
1127 1014 1253 1076 exiliori
1267 1020 1368 1093 atque
1382 1014 1522 1076 tenuiori

326 1119 425 1179 quam
450 1106 489 1161 vt
513 1099 600 1161 hisce
622 1098 796 1179 praeclaris
818 1099 965 1178 rarisque
990 1099 1158 1160 Musarum
1180 1098 1322 1159 alumnis
1346 1098 1521 1176 quicquam

326 1183 541 1245 commendet.
584 1182 671 1244 Nam
690 1183 787 1244 huius
803 1182 991 1243 humanitas
1014 1202 1066 1243 me
1084 1180 1181 1243 simul
1202 1200 1276 1242 oum
1298 1180 1431 1241 domino
1449 1200 1523 1241 meo

326 1266 449 1328 Feuino
471 1273 595 1346 tuoque
616 1266 732 1327 Liuino
750 1266 794 1326 ad
816 1285 951 1328 coenam
973 1284 1049 1326 oum
1070 1265 1143 1326 istis
1163 1283 1368 1326 communem
1388 1264 1522 1325 admisit

326 1369 393 1427 qua
407 1350 539 1429 quidem
554 1369 655 1411 coena
668 1349 760 1411 nulla
774 1368 919 1428 vnquam
936 1350 1074 1428 contigit
1088 1349 1211 1428 gratior
1228 1347 1380 1426 vndeque
1395 1348 1521 1426 aegrius
1536 1365 1567 1415 15

326 1432 437 1493 diuelli
448 1453 501 1494 me
512 1453 584 1494 sum
593 1451 717 1513 passus.
760 1432 852 1494 Adeo
861 1438 952 1493 totus
962 1431 1145 1511 pendebam
1155 1450 1196 1492 ex
1206 1432 1301 1492 istius
1310 1431 1361 1491 tui
1370 1428 1521 1509 Symonis

326 1535 381 1577 ore
396 1516 582 1595 eloquentia
595 1515 791 1577 huberrimo.

368 1599 402 1660 Is
416 1600 502 1660 inter
515 1599 719 1661 coenandum
736 1599 779 1660 ad
799 1619 901 1660 vnum
916 1617 1028 1660 omnes
1047 1598 1090 1658 ad
1110 1597 1317 1661 scribendum
1335 1603 1387 1658 est
1403 1596 1520 1658 adhor-

327 1688 428 1755 tatus,
452 1682 526 1743 illos
548 1681 680 1762 quidem
703 1683 903 1762 penitissime
928 1682 989 1743 tibi
1011 1690 1117 1754 notos,
1140 1701 1193 1742 me
1215 1700 1293 1742 vero
1314 1699 1355 1741 ne
1376 1679 1522 1742 (1111111

326 1765 468 1844 quidem,
487 1765 753 1845 quandoquidem
774 1771 808 1826 te
829 1765 898 1826 vidi
915 1784 1095 1844 nunquam,
1113 1764 1391 1844 pertinacissimus
1409 1769 1521 1824 tamen
1535 1790 1568 1827 20

325 1854 459 1910 tuorum
468 1850 663 1928 scriptorum
672 1849 861 1922 admirator,
871 1848 1086 1927 praedicator,
1095 1849 1252 1919 imitator,
1264 1848 1292 1908 si
1302 1845 1383 1925 quid
1390 1852 1521 1907 nostrae

325 1938 449 2009 queant
469 1931 633 1993 viriculas.
678 1932 718 1993 In
737 1950 838 1993 coena
856 1931 982 1993 1111111
1002 1931 1037 1993 id
1057 1937 1109 1993 est
1126 1931 1270 1992 crebrius
1288 1949 1392 2008 eoque
1409 1948 1522 1991 omnes

325 2034 407 2093 pene
421 2015 574 2095 perpulit,
584 2021 622 2076 vt
636 2015 801 2077 iacturum
817 2035 851 2077 se
865 2016 1003 2094 quisque
1014 2016 1179 2095 reciperet.
1216 2013 1286 2092 Ego
1294 2012 1414 2092 quibus
1427 2014 1521 2092 potui

325 2098 431 2159 modis
447 2100 585 2177 purgaui
603 2118 711 2160 meam
730 2099 764 2159 in
785 2098 922 2160 dicendo
944 2097 1179 2177 scribendoque
1200 2097 1408 2158 tenuitatem.
1452 2096 1521 2157 Iste

325 2187 441 2242 contra
457 2187 492 2241 et
511 2201 532 2243 a
553 2201 654 2243 coena
671 2183 758 2243 inter
778 2180 1055 2243 deambulandum
1078 2182 1207 2261 saepius
1227 2186 1262 2241 et
1283 2179 1340 2240 vbi
1359 2180 1402 2240 ad
1424 2178 1566 2253 11111115

324 2263 365 2324 D.
381 2264 505 2326 Decani
519 2264 720 2327 reduxissem
737 2265 874 2326 daturos
892 2284 961 2326 sese
975 2265 1079 2344 quieti
1100 2264 1224 2337 ambos,
1240 2263 1336 2324 finem
1356 2262 1520 2335 hortandi,

325 2348 461 2427 vrgendi
474 2348 556 2409 iacit
569 2348 707 2421 nullum,
722 2347 825 2409 donec
842 2348 995 2428 pollicear
1012 2349 1210 2427 scripturum
1228 2366 1290 2408 me.
1334 2345 1522 2425 Suppuduit

324 2430 408 2491 hanc
422 2450 474 2492 me
488 2431 577 2492 vltro
591 2431 737 2493 oblatam
751 2432 882 2493 reiicere
895 2432 1165 2511 oportunitatem,
1179 2450 1221 2491 ne
1236 2430 1332 2510 plane
1342 2429 1521 2509 neglexisse

325 2514 452 2575 viderer
466 2514 571 2576 modis
585 2515 716 2593 quidem
738 2514 889 2576 omnibus
907 2514 1170 2593 amplexandam,
1185 2513 1303 2575 isthinc
1320 2532 1399 2574 vero
1413 2531 1520 2573 meam

324 2597 461 2676 prodere
476 2599 673 2677 imperitiam
695 2597 786 2677 apud
800 2599 933 2659 vnicum
949 2599 1120 2659 uniuersae
1135 2597 1306 2658 literature
1320 2595 1520 2676 phoenicem,
1534 2619 1568 2669 30

324 2682 528 2760 ineptiasque
549 2701 639 2742 meae
660 2681 836 2743 obtrudere
857 2680 981 2742 homini
1001 2681 1125 2759 alioqui
1148 2681 1239 2742 seriis
1259 2680 1519 2758 occupatissimo.

325 2764 412 2824 Vicit
434 2771 547 2825 tamen
568 2764 664 2825 istius
689 2765 796 2825 oratio
820 2783 930 2826 meum
957 2763 1126 2844 pudorem,
1149 2764 1270 2843 quippe
1298 2762 1521 2824 vehementior

325 2866 425 2926 quam
440 2854 479 2908 vt
493 2846 655 2908 calamum
670 2866 816 2927 premere
831 2849 1050 2909 sustinuerim.

366 2929 450 2992 Boni
464 2931 563 3010 igitur
577 2931 725 2994 consulet
739 2937 799 2993 tua
818 2930 1006 2993 humanitas
1021 2937 1167 2993 nostram
1185 2929 1269 2991 hanc
1287 2929 1518 2991 temeritatem.

324 3014 364 3075 In
385 3014 445 3075 hoo
462 3015 548 3075 enim
568 3016 765 3095 scripsimus,
786 3033 852 3076 non
873 3020 913 3076 vt
932 3016 1037 3076 nostri
1058 3015 1218 3075 rationem
1239 3013 1384 3092 aliquam
1407 3012 1520 3074 haberi
1534 3026 1566 3077 35

323 3097 462 3158 velimus
479 3097 569 3177 apud
589 3104 624 3159 te
643 3104 703 3159 aut
721 3117 897 3178 speremus,
912 3098 970 3160 sed
988 3104 1028 3158 vt
1045 3098 1169 3159 homini
1189 3098 1223 3158 in
1243 3096 1355 3158 ordine
1375 3096 1521 3158 literario

323 3179 417 3260 longe
426 3180 538 3242 infimo
546 3200 613 3242 non
621 3183 753 3242 omnino
762 3183 909 3262 ignotum
921 3181 1075 3243 videatur
1084 3187 1186 3260 atque
1196 3179 1380 3259 neglectum
1392 3179 1520 3240 Erasmi

323 3283 452 3337 nomen,
463 3283 560 3343 quem
572 3284 674 3326 vnum
683 3266 718 3325 in
729 3264 847 3326 studiis
856 3266 937 3326 meis
946 3264 1224 3348 omnibusduoem
1236 3263 1351 3325 habeo.
1389 3262 1520 3324 Valebis

323 3349 456 3427 optime,
480 3346 665 3409 doctissime
687 3348 832 3421 Erasme,
860 3349 1071 3428 animumque
1099 3348 1134 3408 in
1156 3353 1191 3409 te
1215 3366 1326 3409 meum
1353 3345 1520 3426 expendas

323 3450 453 3509 quaeso,
468 3449 534 3492 non
548 3433 679 3511 scripta,
693 3450 811 3511 nempe
826 3431 908 3493 bene
922 3431 1019 3493 mala.
1532 3446 1566 3498 40

366 3513 491 3594 Brugis,
506 3521 603 3576 nocte
617 3514 725 3576 media
738 3514 893 3576 feriarum
909 3534 1020 3575 111111
1035 3515 1153 3594 synaxi
1168 3514 1361 3575 dicatarum.

376 3597 466 3658 Tuus
481 3597 670 3659 Hadrianus
683 3597 816 3672 chilias,
831 3598 1069 3659 Donatianioae
1083 3598 1265 3659 iuuentutis
1279 3597 1475 3658 moderator.

366 3705 443 3768 Viro
465 3705 681 3786 vndecunque
695 3706 917 3768 eruditissimo
934 3712 1036 3786 atque
1053 3706 1243 3779 humaniss,
1257 3705 1400 3767 Domino
1417 3705 1519 3784 Desy·

323 3789 413 3851 derio
424 3789 561 3877 Erasmo
572 3789 805 3862 Roterodsmo,
817 3789 981 3870 Theologo
991 3789 1098 3851 modis
1106 3789 1257 3851 omnibus
1265 3788 1518 3850 absolutissimo.
1572 3812 1574 3817 ’

617 4025 717 4086 2500.
764 4020 817 4086 To
841 4020 1009 4087 Annam
1033 4021 1223 4086 Rasnnnn.

358 4156 519 4229 Epistolae
532 4157 685 4223 Floridae,
698 4176 729 4231 p.
747 4173 810 4213 120.
1294 4157 1453 4229 Freiburg.

358 4233 400 4287 K.
414 4249 445 4304 p.
461 4245 532 4302 127:
552 4233 593 4288 N.
606 4250 637 4305 p.
655 4248 744 4305 1045:
764 4233 864 4289 Lond.
878 4232 963 4288 xxvi.
977 4249 1032 4304 43:
1053 4233 1217 4299 LB.1191.
1269 4233 1383 4288 8June
1398 4248 1480 4302 1531.

354 4359 488 4421 [Andrew
500 4360 535 4410 de
547 4359 676 4410 Resende
689 4361 713 4420 (1
726 4359 1067 4426 1511-73)1111111111111151
1074 4359 1201 4425 adopted
1211 4360 1261 4411 the
1270 4373 1369 4411 names
1377 4361 1407 4410 11
1416 4360 1520 4412 Lucius

319 4426 377 4476 end
389 4426 514 4490 Angelus
526 4426 573 4486 (de
584 4426 778 4479 Vasoonoellos
790 4443 856 4492 says
867 4428 933 4478 that
945 4428 989 4477 his
1000 4427 1122 4485 mother,
1135 4427 1244 4477 [eonor
1254 4428 1314 4477 Vsa
1325 4428 1361 4477 de
1371 4428 1454 4488 Goes,
1461 4443 1519 4479 was

320 4493 409 4543 called
421 4493 530 4558 Angeia
542 4493 661 4544 because
672 4494 702 4544 11
716 4493 768 4544 her
782 4495 942 4560 goodness).
977 4495 1023 4544 He
1036 4509 1095 4545 was
1106 4494 1178 4544 born
1195 4494 1225 4544 11
1241 4509 1260 4544 1
1274 4493 1359 4545 noble
1374 4494 1473 4560 family
1486 4500 1519 4546 at

321 4559 416 4610 Evora
432 4561 462 4609 in
476 4559 620 4624 Portugal.
655 4561 759 4626 Losing
772 4561 817 4612 his
828 4562 924 4612 father
935 4560 1017 4611 when
1029 4561 1065 4611 he
1077 4575 1135 4611 was
1146 4566 1204 4611 two
1214 4576 1296 4625 years
1307 4560 1355 4611 old
1366 4561 1517 4621 (Poenum,

321 4642 349 4690 p.
366 4639 408 4691 45,
422 4625 440 4675 l.
460 4628 514 4690 23),
526 4627 562 4676 he
578 4642 634 4676 was
649 4633 722 4686 seut,
740 4643 772 4678 as
787 4643 806 4678 a
819 4628 877 4693 boy
889 4628 919 4678 11
933 4628 1069 4687 thirteen,
1083 4632 1115 4678 to
1130 4627 1180 4679 the
1193 4627 1353 4691 university
1365 4628 1396 4678 11
1410 4629 1517 4686 Aloala,

320 4693 412 4743 where
429 4693 465 4742 he
482 4693 599 4744 studied
615 4693 706 4744 under
724 4696 758 4745 Α.
777 4695 977 4746 Nebrissensia.
1013 4694 1048 4743 In
1065 4707 1130 4757 1517
1144 4694 1181 4745 he
1192 4709 1250 4745 was
1264 4693 1433 4745 withdrawn
1444 4696 1519 4746 from

320 4759 417 4811 Alcala
428 4761 520 4825 owing
531 4765 563 4810 to
574 4761 624 4811 the
634 4761 832 4813 disturbsnces
843 4762 971 4814 between
982 4760 1034 4812 the
1044 4762 1203 4826 university
1210 4761 1268 4811 and
1276 4761 1326 4811 the
1338 4767 1415 4813 town
1426 4762 1518 4812 which

319 4827 390 4876 toolr
401 4826 481 4892 place
491 4833 524 4877 11
535 4827 585 4877 the
597 4827 708 4878 funeral
716 4829 747 4879 11
758 4828 903 4880 1111111111.
939 4828 984 4878 He
995 4827 1163 4879 afterwards
1174 4827 1289 4879 studied
1299 4833 1332 4878 11
1343 4827 1517 4888 8111111111,

318 4921 427 5078 effi
449 4922 692 5025 1111111511
705 4962 761 5028 np.
775 4962 893 5013 111211·
946 5029 952 5040 ·
974 4961 1124 5080 ιωΙᾶῑιιῑιιο]
1136 4961 1314 5022 emmeram
1325 4978 1371 5014 ιω
1384 4963 1518 5028 np.14e3

944 5045 974 5080 m
1042 5065 1050 5079 ο
