4042 5900
386 667 480 745 2586]
720 667 776 731 To
797 667 975 731 sacros
997 666 1249 731 floxvuuus
1521 670 1583 730 405

385 826 512 888 ambias
530 832 568 886 vt
583 826 734 887 Hectoris
748 826 901 887 Hoxuirii
919 845 1038 888 nomen
1054 827 1088 887 in
1108 828 1286 888 amicorum
1304 845 1450 887 meorum
1470 825 1582 887 album

386 910 587 981 ascribatur;
621 911 686 970 imo
712 909 773 970 tibi
802 910 975 990 plurimam
1005 910 1111 972 habeo
1138 912 1288 990 gratiam,
1314 909 1403 988 quod
1431 929 1483 970 me
1512 915 1627 982 tam15

387 992 557 1071 singularis
575 994 670 1053 amici
692 993 873 1054 accessione
893 992 1094 1073 locupletare
1116 994 1259 1054 voluisti.
1304 992 1391 1053 Illud
1410 993 1491 1053 mihi
1510 1012 1580 1072 per·

386 1076 504 1137 suades
518 1076 680 1149 facillime,
695 1077 784 1155 quod
799 1095 918 1137 arcano
929 1076 1073 1155 quodam
1087 1083 1226 1137 naturae
1243 1096 1338 1137 seusu
1353 1081 1470 1156 raptus
1484 1076 1583 1137 fueris

386 1160 420 1219 in
441 1178 584 1219 amorem
602 1160 674 1221 mei.
718 1159 804 1221 Nam
825 1159 859 1220 id
878 1160 912 1220 ni
929 1159 1053 1233 luisset,
1070 1160 1149 1237 quid
1166 1159 1267 1220 habet
1287 1159 1337 1219 hic
1356 1159 1581 1232 homunculus,

388 1242 477 1321 quod
495 1241 547 1302 vel
565 1250 662 1316 amet,
678 1243 731 1303 vel
753 1242 934 1303 admiretur
953 1244 1139 1323 quispiam?
1182 1242 1316 1304 Gaudeo
1335 1249 1446 1303 tamen
1461 1241 1582 1320 vbique

388 1324 511 1386 multos
529 1326 656 1399 exoriri,
677 1327 733 1403 qui
753 1345 812 1387 suo
834 1326 1005 1405 splendore
1026 1345 1142 1399 meam,
1164 1327 1191 1386 si
1212 1345 1279 1404 qua
1299 1332 1359 1397 est,
1381 1324 1503 1385 famam
1525 1325 1580 1385 ob·
1595 1350 1629 1385 20

388 1416 528 1468 scureut.
573 1407 729 1470 Gratulor
753 1415 865 1469 autem
890 1416 924 1470 et
946 1416 1076 1470 vestras
1098 1409 1263 1487 Phrysiae,
1286 1428 1370 1486 quae
1393 1427 1467 1468 cum
1490 1414 1580 1469 ante·

388 1491 449 1552 hac
472 1490 572 1552 Como
593 1498 628 1552 et
650 1492 779 1553 Baccho
798 1492 988 1554 familiarior
1009 1492 1125 1553 habita
1146 1494 1191 1552 sit
1215 1510 1315 1570 quam
1337 1490 1473 1564 Palladi,
1495 1511 1582 1552 nunc

389 1575 556 1636 Musarum
582 1575 779 1636 domicilium
805 1595 874 1637 esse
898 1577 1051 1656 coeperit,
1077 1581 1131 1636 tot
1155 1574 1302 1636 felicibus
1327 1575 1462 1653 ingeniis
1486 1575 1582 1635 isthic

388 1657 672 1718 efflorescentibus.
718 1658 803 1732 Quid
822 1660 908 1720 enim
930 1658 1067 1720 Haionis
1090 1659 1249 1720 Hermani
1273 1659 1432 1718 senatoris
1456 1658 1582 1736 iugenio

388 1740 572 1813 dexterius,
586 1741 665 1819 quid
687 1741 832 1802 moribus
853 1741 1037 1814 humanius,
1059 1742 1140 1821 quid
1164 1741 1241 1802 stilo
1266 1741 1379 1821 purius
1404 1747 1463 1800 aut
1483 1760 1581 1820 expo·
1596 1766 1628 1815 2⁵

389 1823 504 1884 litius?
547 1823 597 1884 Sit
622 1826 721 1903 igitur
748 1823 913 1885 funiculus
942 1824 1073 1905 triplex,
1099 1826 1165 1903 qui,
1194 1830 1234 1885 vt
1262 1826 1310 1885 ait
1339 1823 1507 1884 Hebraeus
1529 1823 1583 1884 ille

388 1908 525 1986 sapiens,
538 1927 603 1967 non
618 1906 712 1967 facile
727 1909 899 1988 rumpitur,
911 1915 1088 1988 postquam
1103 1909 1239 1969 accessit
1250 1907 1373 1986 Viglius
1384 1905 1582 1979 Suichemus,

388 1991 481 2051 cuius
502 1992 664 2069 ingenium
684 1990 859 2070 plusquam
877 1992 1010 2052 niueum
1025 1993 1059 2052 in
1074 1993 1175 2071 ipsius
1189 1992 1232 2052 ad
1247 2009 1299 2051 me
1313 1989 1416 2050 literis
1429 2009 1582 2069 saepenu-

388 2092 478 2134 mero
492 2074 670 2135 demiratus
685 2093 766 2135 sum.
810 2072 874 2135 Sed
888 2094 961 2135 meo
975 2076 1009 2135 in
1023 2074 1115 2135 illum
1130 2076 1234 2135 amori
1247 2073 1424 2152 plurimum
1438 2074 1583 2145 accessit,

390 2162 604 2235 posteaquam
626 2156 678 2217 hic
700 2177 751 2218 me
773 2158 943 2231 salutauit,
966 2160 1099 2219 tametsi
1119 2177 1236 2237 parum
1257 2158 1291 2216 in
1315 2162 1480 2234 tempore:
1506 2176 1583 2217 nam
1597 2181 1630 2231 30

389 2240 526 2301 offendit
551 2248 585 2301 et
609 2239 826 2319 languentem,
844 2247 879 2302 et
901 2242 1104 2320 migrationis
1127 2240 1237 2301 taedio
1258 2239 1390 2300 lassum.
1435 2239 1582 2299 Admira-

390 2322 488 2383 bilem
507 2323 670 2401 quendam
687 2343 763 2402 erga
780 2343 832 2384 me
849 2323 1015 2397 affectum,
1035 2343 1101 2385 non
1120 2324 1185 2384 iam
1205 2324 1351 2384 oratione
1369 2328 1511 2394 tantum,
1526 2322 1584 2384 sed

390 2406 501 2478 oeulis,
521 2405 627 2479 vultu,
647 2408 815 2485 totiusque
835 2408 978 2487 corporis
996 2413 1090 2486 gestu
1111 2425 1188 2486 prae
1205 2426 1239 2467 se
1256 2406 1391 2467 ferebat.
1436 2405 1584 2484 Reliquit

389 2490 490 2548 etiam
505 2489 698 2568 μνημόσυνον
711 2490 799 2570 apud
814 2509 866 2550 me
881 2508 957 2551 sane
968 2509 1067 2568 quam
1079 2490 1218 2569 elegans.
1255 2488 1384 2551 Anulus
1397 2495 1469 2550 erat
1480 2497 1582 2550 astro-

390 2571 501 2649 logicis
519 2574 605 2633 notis
623 2573 780 2653 sculptus,
796 2575 853 2651 qui
870 2574 1044 2653 explicitus
1063 2573 1219 2653 sphaerae
1233 2574 1338 2634 vicem
1352 2571 1529 2645 exhiberet,
1545 2579 1584 2633 vt
1597 2597 1630 2648 3⁵

391 2654 470 2715 mihi
490 2655 587 2716 liceat
606 2656 766 2718 mundum
785 2664 912 2735 gestare
931 2656 1044 2736 digito.
1087 2657 1157 2717 Aut
1174 2676 1226 2717 me
1246 2656 1369 2717 fallunt
1385 2656 1504 2728 omnia,
1524 2662 1584 2716 aut

391 2738 454 2810 ille,
465 2739 491 2797 si
501 2740 608 2817 superi
619 2741 723 2800 vitam
732 2740 890 2812 dederint,
900 2740 1033 2801 futurus
1041 2745 1092 2801 est
1103 2739 1280 2818 aliquando
1290 2745 1418 2799 vestrae
1429 2738 1584 2817 Phrysiae

391 2840 546 2900 magnum
561 2829 798 2883 ornamentum.
842 2823 967 2884 Adibat
980 2829 1053 2884 tum
1068 2822 1211 2895 Italiam,
1226 2822 1438 2884 absoluturus
1453 2822 1584 2882 Patauii

391 2906 574 2966 studiorum
592 2925 724 2967 suorum
744 2925 885 2968 cursum.
928 2905 980 2968 Ab
1001 2905 1141 2986 Hayone
1161 2906 1328 2968 Harmano
1347 2907 1413 2968 iam
1433 2906 1489 2966 diu
1504 2903 1584 2966 nihil

390 2991 514 3068 accipio
533 2989 712 3062 literarum,
734 2990 777 3051 ob
798 2991 831 3051 id
850 2990 988 3051 fortasse
1005 2990 1096 3068 quod
1115 3010 1180 3051 uon
1200 2991 1298 3051 detur
1316 3009 1374 3070 per
1391 3009 1488 3068 quem
1508 2994 1584 3050 tuto
1597 3015 1631 3066 40

391 3072 521 3132 scribat.
576 3073 721 3133 Tametsi
754 3072 838 3134 solet
869 3074 930 3134 hoc
963 3074 1060 3135 officii
1091 3094 1206 3152 genere
1234 3075 1314 3134 mire
1343 3073 1474 3134 sedulus
1504 3091 1582 3134 essa.

391 3156 566 3216 Hominem
588 3157 667 3217 meis
689 3156 797 3217 verbis
821 3155 980 3217 salutabis
1005 3156 1186 3236 diligenter.
1230 3156 1316 3217 Nam
1342 3157 1375 3216 in
1401 3157 1585 3235 praesentia

390 3259 455 3299 non
481 3238 623 3299 vacabat
648 3240 795 3300 scribere.
839 3239 1005 3301 Salutabis
1029 3246 1065 3301 et
1092 3241 1253 3319 reliquum
1278 3240 1467 3300 sodalitium
1491 3239 1585 3300 nobis

390 3322 664 3395 beneuolentium‚
680 3324 713 3383 in
728 3323 817 3402 quod
828 3325 954 3385 vtinam
969 3323 1061 3384 nulla
1075 3325 1198 3403 irrepat
1212 3324 1333 3402 vipera,
1343 3342 1427 3400 quae
1438 3329 1584 3383 nostram

391 3407 568 3466 amicitiam
583 3405 737 3467 maleficis
752 3407 851 3467 viciat
864 3406 974 3467 sibilis.
1020 3406 1294 3468 Nocentissimum
1310 3406 1410 3466 habet
1425 3405 1583 3465 fascinum
1597 3430 1630 3482 45

391 3507 456 3548 non
468 3496 576 3550 rectus
588 3489 729 3551 inuidiae
741 3488 862 3550 oculus.
902 3490 1044 3551 Posthac
1056 3490 1174 3569 siquid
1189 3509 1209 3550 a
1224 3508 1275 3550 me
1290 3488 1359 3550 fieri
1370 3489 1460 3560 velia,
1475 3489 1583 3549 amici·

391 3573 457 3631 tiae
469 3574 537 3632 iure
549 3572 740 3652 postulabis.
783 3572 859 3634 Non
867 3573 1056 3652 repugnabo
1068 3573 1212 3644 Hectori,
1224 3574 1278 3633 cui
1292 3573 1348 3633 vix
1360 3571 1503 3633 Achilles
1512 3577 1584 3633 erat

391 3674 458 3734 par.
503 3655 571 3716 Nec
589 3656 705 3717 dubito
722 3657 802 3735 quin
819 3657 853 3717 in
869 3657 1014 3718 amicitia
1033 3675 1163 3734 quoque
1180 3657 1223 3716 sis
1239 3661 1298 3716 tuo
1316 3656 1440 3716 nomini
1454 3674 1583 3734 respon-

391 3758 496 3810 surus,
513 3739 789 3817 quemadmodum
804 3739 999 3801 iacetissime
1013 3739 1183 3819 polliceris.
1228 3739 1315 3799 Bene
1330 3738 1413 3800 vale.

432 3822 530 3901 Apud
545 3822 740 3902 Friburgum
756 3823 920 3902 Brisgoiae
936 3823 1001 3884 xiii.
1018 3823 1070 3883 die
1084 3822 1236 3884 Decemb.
1253 3821 1349 3883 Anno
1364 3838 1534 3882 unxxxr.
1598 3847 1632 3897 50

658 4080 816 4146 ²⁵⁷³2587.
865 4078 1079 4146 Tocouaan
1097 4078 1316 4146 Gocnaurus,

429 4219 505 4274 Vita
514 4217 637 4273 Erasmi
651 4237 681 4289 p.
700 4234 762 4273 101.
794 4224 798 4230 '
1307 4217 1466 4287 Freiburg.

428 4295 479 4350 0².
492 4313 524 4366 p.
540 4298 608 4362 236:
629 4294 728 4348 Lond.
742 4311 814 4348 xxx.
829 4297 879 4361 56:
900 4294 966 4349 LB.
983 4307 1064 4360 1205.
1232 4307 1266 4364 14
1279 4292 1450 4348 December
1465 4306 1547 4360 1531.

638 4421 710 4482 [The
720 4420 867 4486 year-date
878 4421 902 4471 is
914 4420 1067 4537 conflilrpinZd
1078 4420 1118 4485 by
1129 4420 1179 4471 the
1190 4419 1344 4481 contenta]

915 4502 957 4553 ³7·
1059 4524 1066 4537 ·

425 4640 466 4674 22.
484 4624 571 4674 Coruo
595 4659 601 4671 .
628 4659 633 4671 .
659 4658 666 4671 .
689 4620 809 4683 Palladi]
828 4622 964 4671 Erasmus
1047 4635 1090 4686 34.
1108 4619 1230 4682 Anulus]
1252 4620 1288 4670 In
1310 4620 1361 4671 the
1383 4619 1534 4683 inventory
1555 4618 1587 4669 oi

391 4692 469 4756 gives
485 4692 534 4740 the
551 4705 628 4739 sarna
642 4687 858 4753 descriptiones
874 4688 965 4739 Frisia
1014 4686 1159 4738 Erasmua’
1179 4686 1267 4752 gocds
1286 4686 1369 4736 made
1385 4700 1402 4746 9
1421 4685 1502 4749 April
1522 4698 1586 4749 153⁴

391 4760 421 4808 in
438 4773 456 4807 a
473 4757 558 4806 letter
575 4763 606 4806 to
623 4755 655 4805 P.
679 4755 788 4805 Bembo
807 4753 838 4804 ol
856 4768 872 4816 5
894 4753 964 4820 July
1014 4753 1222 4804 thereisnoted
1231 4768 1335 4817 among
1343 4753 1393 4803 the
1401 4753 1478 4817 rings
1490 4751 1586 4802 ‘Vnus

393 4823 756 4887 1532,deNolhac,p.127.
1014 4820 1208 4886 astrologicae,
1224 4819 1308 4884 Viglii
1325 4818 1463 4876 donum‘;
1483 4818 1540 4868 and
1556 4819 1586 4868 in

393 4959 399 4970 ·
425 4906 488 5008 2120
485 4890 604 5006 Haiorrpiis
616 4888 763 5004 Ηοτωὲιιὶ]
775 4888 816 4938 At
826 4886 885 5004 tp?
895 4887 965 4937 time
1015 4888 1066 4938 the
1075 4888 1226 4979 inventory
1234 4886 1331 5017 madfflql
1324 4900 1402 5002 qpinn
1411 4885 1481 5003 Juclp
1490 4887 1586 5002 1533?

489 4970 902 5014 uwacn,see..n.
1015 4971 1033 5006 a
1152 4969 1263 5005 asem
1381 4969 1585 5003 enm·

392 4975 466 5074 mro.
486 5022 644 5084 Hebraeus]
656 4968 839 5072 ucclffitis
850 5037 875 5086 4.
890 5034 930 5072 12.
1015 4969 1169 5088 sirm»
1180 5020 1278 5086 Major,
1290 5021 1309 5079 i,
1320 5035 1371 5086 pp.
1383 5033 1426 5085 39,
1438 5033 1480 5085 54.
1508 4967 1527 5017 Ρ
