4042 5900
400 680 495 758 2612]
714 676 771 741 ΤΟ
792 676 1010 741 BONIFAOE
1032 676 1278 740 AMERBACH
1532 676 1592 736 441

399 838 439 900 Id
461 840 546 899 enim
566 838 619 899 ille
641 837 725 917 petit
746 838 813 898 suis
834 837 963 899 litteris.
1007 836 1128 899 Vereor
1150 856 1191 898 ne
1211 834 1329 898 Caesar
1350 841 1484 898 moueat
1501 835 1596 895 nobis

397 922 520 1000 aliquid
537 941 641 983 nouae
656 922 851 1000 tragoediae.
895 921 982 982 Bene
996 920 1081 982 vale.

439 1025 468 1085 4.
485 1005 551 1066 Cal.
567 1006 712 1066 Martias.

440 1113 598 1175 Ornatiss.
614 1114 685 1174 viro
700 1112 740 1174 D.
752 1111 921 1175 Boniiacio
935 1110 1163 1173 Amerbachio.
1207 1110 1363 1172 Basileae.
1610 1095 1641 1131 ¹⁰

690 1450 849 1515 ²⁰⁰⁷2613.
896 1449 949 1517 To
972 1449 1158 1516 N1orronas
1182 1448 1296 1515 Onus.

434 1563 608 1633 Esterhazy
621 1562 685 1617 MS.
700 1580 731 1634 p.
746 1578 812 1631 232.
1321 1561 1480 1632 Freiburg.

434 1638 498 1693 OE.
514 1653 578 1693 200.
1213 1649 1248 1706 27
1262 1636 1422 1707 February
1436 1644 1553 1705 (1532).

555 1780 708 1824 ERASMVS
722 1778 970 1823 noannoofflvs
985 1780 1019 1824 N.
1036 1779 1123 1824 omo
1138 1778 1346 1824 slrcnnrsmo
1360 1778 1386 1823 8.
1399 1779 1432 1823 B.

436 1873 478 1933 Iu
500 1872 619 1932 litteris
641 1871 717 1943 tuis,
739 1872 785 1932 mi
806 1870 918 1944 Olahe,
938 1870 1147 1932 exosculatus
1167 1890 1240 1931 sum
1258 1871 1347 1932 istud
1363 1876 1478 1950 pectus
1497 1877 1592 1932 tuum

394 1954 488 2035 longe
517 1955 793 2016 candidissimum.
838 1954 931 2027 Quod
960 1954 1085 2016 Leuino
1112 1954 1266 2027 adfueris,
1292 1955 1374 2014 mihi
1397 1974 1593 2034 magnopere

393 2045 524 2119 gratum
536 2045 596 2099 est.
640 2036 742 2117 Spero
756 2038 825 2098 iore
836 2044 875 2098 vt
886 2039 954 2098 tuis
964 2038 1098 2099 monitis
1109 2037 1243 2098 adiutus
1255 2037 1390 2117 dignum
1403 2057 1436 2099 se
1448 2044 1593 2117 praestet

394 2141 468 2183 oum
484 2122 560 2183 aula
575 2128 644 2182 tam
660 2121 779 2182 celebri
794 2129 866 2182 tum
881 2121 1127 2183 cordatissime
1142 2122 1270 2200 reginae
1284 2120 1458 2182 famulitio.

436 2205 549 2266 Patria
564 2205 604 2266 de
619 2224 671 2265 me
685 2205 778 2283 queri
795 2223 861 2265 non
884 2210 1012 2284 potest;
1036 2205 1088 2265 cui
1105 2224 1145 2264 an
1167 2210 1361 2265 ornamento
1379 2204 1450 2277 eim,
1465 2206 1621 2277 neseio;5

392 2295 480 2349 certe
496 2289 553 2349 illa
567 2288 647 2348 mihi
660 2307 725 2349 non
735 2287 878 2349 multum
892 2288 1009 2348 attulit
1024 2307 1083 2348 nec
1098 2289 1282 2348 ornamenti
1296 2307 1356 2348 nec
1370 2289 1590 2350 emolumenti.

392 2370 598 2450 ASyluagio
620 2378 806 2451 pertractus
828 2372 1010 2451 contempsi
1034 2370 1201 2432 fortunam
1228 2371 1407 2451 Anglicam.
1451 2372 1491 2432 Ei
1516 2391 1592 2433 cum

392 2456 562 2535 praelatus
576 2474 688 2526 essem,
703 2474 744 2515 ne
759 2455 839 2533 quid
854 2474 875 2515 a
889 2474 940 2515 me
958 2459 1148 2534 expectaret
1166 2455 1406 2534 obsequiorum,
1421 2460 1522 2534 atque
1536 2455 1592 2517 ille

392 2558 505 2600 vocem
521 2558 628 2599 meam
642 2538 866 2617 approbasset,
882 2544 958 2618 post
972 2544 1109 2616 questus
1123 2544 1174 2599 est
1189 2537 1229 2599 de
1243 2558 1305 2610 me,
1320 2538 1410 2617 quod
1428 2558 1494 2599 non
1512 2557 1591 2618 quo-

392 2622 472 2683 tidie
487 2622 668 2683 obsiderem
683 2621 769 2683 iores
784 2622 894 2700 ipsius,
909 2640 1086 2701 pransurus
1101 2627 1160 2681 aut
1174 2627 1370 2682 coenaturus
1381 2641 1455 2682 cum
1466 2641 1514 2695 eo,
1526 2623 1593 2683 imo
1607 2646 1639 2681 ιο

391 2724 488 2785 saepe
503 2705 559 2766 illo
575 2706 618 2766 ad
638 2704 866 2765 duodecimam
884 2724 988 2784 vsque
1006 2704 1120 2765 horam
1139 2710 1325 2783 expectato,
1345 2704 1513 2766 famelicus
1532 2711 1592 2767 aut

391 2790 569 2867 asperrima
590 2789 707 2866 hyeme
728 2794 829 2849 noctu
850 2787 985 2850 domum
1004 2789 1179 2861 rediturus,
1200 2788 1289 2867 quod
1309 2788 1342 2849 id
1361 2790 1519 2868 temporis
1532 2808 1591 2850 nec

391 2879 503 2932 tutum
518 2877 591 2933 erat
606 2891 663 2952 per
680 2870 854 2951 Hispanos.
897 2871 949 2932 Ex
969 2873 1109 2933 caesaris
1130 2874 1284 2951 pensione
1305 2890 1371 2932 non
1393 2873 1508 2952 recepi,
1528 2873 1591 2933 nisi

390 2975 451 3036 pro
465 2958 654 3035 sequianno.
696 2955 834 3017 Absenti
848 2957 1014 3017 teruntius
1027 2961 1220 3017 numeratus
1234 2974 1300 3017 non
1314 2961 1375 3029 est,
1387 2956 1463 3017 licet
1474 2954 1592 3018 Caesar

390 3059 431 3099 ex
447 3039 615 3118 Hispaniis
635 3039 685 3099 bis
704 3040 870 3119 scripserit
890 3039 930 3100 D.
954 3039 1158 3119 Margaretae
1180 3040 1312 3112 amitae,
1335 3046 1374 3099 vt
1395 3039 1475 3100 mihi
1496 3046 1637 3111 extra15

391 3123 539 3183 ordinem
560 3122 743 3184 satisfieret.
787 3123 979 3184 Pensionem
997 3143 1016 3184 e
1033 3122 1198 3203 prebenda
1217 3122 1404 3184 Curtracer'r.
1426 3124 1510 3183 mira
1531 3125 1589 3183 im-

390 3207 550 3285 pudentia
564 3207 732 3286 intercipit
747 3206 866 3267 Petrus
885 3206 1064 3279 Barbirius,
1084 3206 1236 3267 Decanus
1255 3206 1478 3279 Tomacensis‚
1497 3206 1589 3269 theo·

390 3289 493 3368 logne,
508 3295 543 3350 et
564 3290 640 3351 talis
654 3291 778 3350 amicus
793 3296 832 3350 vt
850 3309 916 3350 non
936 3290 1148 3351 dubitaturus
1167 3289 1284 3350 fuerim
1305 3289 1352 3350 illi
1371 3289 1482 3350 decem
1502 3292 1589 3352 vitae

389 3373 531 3445 credere,
554 3374 580 3433 si
603 3373 713 3434 decem
732 3372 927 3434 habuissem.
971 3373 1109 3434 Louanii
1126 3372 1291 3452 quomodo
1305 3379 1471 3433 tractatus
1488 3375 1549 3434 sim
1569 3394 1590 3434 a

389 3456 597 3535 quibusdam,
609 3476 697 3517 nunc
707 3475 773 3516 non
781 3456 928 3518 referam.
971 3456 1042 3517 Aut
1052 3456 1239 3517 abeundum
1250 3462 1331 3529 erat,
1342 3462 1401 3517 aut
1409 3457 1590 3518 exercenda
1603 3482 1636 3517 20

389 3539 579 3600 carnificina
593 3559 692 3619 quam
708 3539 928 3601 moliebantur
942 3541 976 3600 in
990 3540 1142 3601 humeros
1157 3558 1247 3600 meos
1263 3538 1446 3601 detrudere.

432 3622 481 3683 De
496 3622 574 3683 aula
588 3630 700 3684 tamen
719 3642 785 3683 non
804 3641 931 3701 queror,
952 3625 1044 3684 cuius
1061 3623 1167 3684 fauori
1187 3622 1247 3683 hoc
1270 3623 1382 3695 debeo,
1404 3623 1494 3702 quod
1514 3623 1589 3685 libri

388 3707 453 3767 mei
469 3706 565 3766 isthic
580 3708 689 3767 exusti
703 3725 769 3767 non
783 3712 870 3767 sunt.
907 3706 976 3768 Nec
987 3705 1084 3767 isthic
1096 3705 1199 3767 vllum
1211 3706 1315 3768 habeo
1326 3726 1401 3767 vere
1416 3726 1589 3786 syncerum

388 3791 531 3850 amicum
558 3795 688 3869 praeter
711 3808 813 3850 vnum
837 3788 1024 3851 conradum
1050 3788 1257 3861 Goelenium;
1284 3809 1387 3868 quum
1412 3791 1446 3850 in
1471 3791 1589 3871 Anglia

388 3874 564 3952 repererim
579 3875 701 3933 amicos
715 3879 750 3933 et
763 3873 942 3952 prudenter
955 3879 989 3934 et
1004 3878 1194 3934 constanter
1211 3871 1396 3935 beneuolos.
1434 3873 1589 3953 Regnent
1602 3898 1635 3948 25

387 3956 485 4016 isthic
509 3956 671 4029 monachi,
699 3957 890 4035 praesertim
919 3957 952 4016 in
975 3955 1166 4029 Brabantia,
1192 3976 1258 4035 quo
1279 3975 1395 4035 genere
1419 3956 1589 4019 hominum

387 4039 470 4100 nihil
485 4039 645 4111 stolidius,
660 4038 741 4099 nihil
756 4041 924 4101 immitius.
941 4086 944 4094 .
967 4039 1014 4100 Hi
1028 4059 1080 4101 me
1090 4039 1218 4119 fingunt
1229 4038 1367 4113 hostem,
1376 4040 1465 4120 quod
1476 4041 1588 4102 admo·

388 4124 515 4183 nuerim
531 4123 650 4202 quibus
665 4125 699 4183 in
713 4124 811 4184 rebus
828 4125 872 4184 sit
891 4142 969 4185 vera
988 4123 1103 4203 pietas.
1146 4123 1193 4184 At
1210 4122 1257 4184 illi
1275 4123 1412 4185 mallent
1429 4125 1589 4204 populum

388 4205 616 4267 nihilomnino
630 4226 752 4286 sapere.
790 4205 871 4268 ‘Sed
887 4206 950 4268 illis
964 4226 1038 4268 mea
1053 4207 1215 4286 presentia
1229 4207 1377 4286 imponet
1391 4207 1558 4269 silentium
1569 4209 1587 4270 ’.

388 4289 463 4350 Imo
474 4291 586 4369 pocius
596 4291 755 4352 excitabit
770 4290 954 4352 clamorem.
990 4289 1121 4351 Armati
1131 4296 1209 4350 sunt
1219 4289 1430 4351 horribilibus
1440 4291 1586 4353 aediotis.
1601 4315 1635 4365 30

388 4372 466 4433 Vidi
490 4373 634 4434 edictum
660 4374 860 4453 Antuerpiae
882 4375 1092 4451 excus[s]um.
1135 4373 1299 4434 Aleander
1319 4373 1588 4454 Archiepiscopus
1647 4441 1655 4459 ⁸

387 4454 618 4517 Brundusinus
632 4457 710 4519 olim
725 4457 805 4518 nihil
820 4476 887 4519 non
901 4457 1035 4519 molitus
1049 4461 1100 4517 est
1114 4462 1153 4517 vt
1167 4476 1219 4518 me
1229 4457 1389 4537 perderet,
1400 4477 1459 4519 nec
1470 4457 1588 4519 dubito

388 4540 471 4618 quin
485 4539 546 4600 hoc
560 4540 647 4601 idem
662 4560 748 4601 nunc
763 4547 850 4619 agat,
866 4546 1033 4618 utcunque
1048 4540 1244 4601 dissimulat.

433 4619 629 4684 Strauerunt
643 4623 754 4703 pulcre
769 4625 857 4685 viam
872 4624 915 4684 ad
932 4623 967 4685 id
986 4622 1075 4702 quod
1094 4623 1284 4686 moliuntur.
1327 4623 1419 4685 Exiit
1434 4623 1588 4686 volumen

388 4704 519 4767 Alberti
543 4706 594 4768 Pii
616 4708 741 4787 egregie
763 4707 930 4781 stolidum,
956 4706 1014 4768 sed
1042 4711 1156 4767 tamen
1181 4706 1343 4769 claritudo
1371 4709 1511 4769 nominis
1535 4726 1587 4769 me
1600 4730 1633 4782 35

424 4907 498 4957 2613.
518 4921 542 4972 7.
561 4907 704 4974 Syluagio]
735 4907 880 4959 Erasmus’
912 4908 963 4958 im·
1015 4909 1276 4973 370.18n,436.5n.

387 4974 478 5040 perial
489 4976 607 5039 pension
624 4974 884 5026 andtheCourtrai
900 4990 963 5040 pre-
1049 4989 1090 5025 21.
1107 4975 1280 5038 carnificina]
1304 4975 1510 5042 'Butchering'
1536 4976 1588 5027 the

387 5040 467 5092 bend
480 5041 552 5093 both
567 5041 634 5093 date
648 5042 722 5093 irem
739 5044 814 5105 1516,
828 5057 875 5093 see
886 5041 963 5108 Epp.
1013 5042 1183 5094 Lutberana.
