4042 5900
295 754 297 759 .
321 677 420 755 ²421]

653 916 753 978 2421.
801 910 853 977 Το
868 910 991 977 «122222
1007 910 1189 978 Tussnus.

360 1039 521 1111 Epistulae
533 1039 677 1095 Floridae
689 1058 721 1111 p.
736 1052 782 1109 79.
1260 1038 1419 1109 Freiburg.

360 1114 574 1259 Κὶῐέῗῐεέ.
588 1132 620 1187 p.
637 1130 727 1184 1013:
747 1115 845 1171 Lond.
859 1114 944 1171 xxvi.
961 1130 1013 1170 12:
1189 1113 1383 1185 3212222231
1399 1128 1481 1182 2532.

424 1308 496 1371 [The
507 1308 575 1360 date
586 1309 611 1361 is
621 1308 775 1360 conflnned
787 1309 826 1373 by
837 1308 888 1360 the
898 1309 1057 1359 connexion
1068 1308 1139 1359 with
1151 1307 1227 1373 Epp.
1239 1321 1315 1372 2422,
1328 1308 1415 1372 2423]

657 1424 751 1470 111228.
767 1424 842 1470 RO'I'.
858 1424 982 1470 1A00130
996 1423 1147 1469 TUSSANO
1162 1423 1189 1469 S.

364 1532 437 1595 Pro
451 1532 562 1595 studio
577 1533 681 1594 Brixii
694 1534 818 1613 pariter
832 1533 989 1595 debemus
1003 1533 1153 1612 vtrique;
1175 1550 1236 1611 pro
1250 1532 1355 1593 officio
1370 1530 1460 1610 quod
1474 1531 1518 1591 ad

317 1622 446 1677 sartam
456 1617 616 1678 internos
629 1618 770 1696 gratiam
784 1618 907 1678 attinet
920 1636 978 1678 nec
993 1621 1032 1677 22
1046 1635 1106 1677 222
1120 1634 1180 1695 ego
1194 1633 1389 1694 magnopere
1403 1615 1516 1677 debeo.

318 1697 441 1760 Odium
464 1701 499 1760 in
522 1706 556 1761 te
579 1700 706 1762 nullum
734 1719 955 1781 conceperam,
970 1699 1032 1761 hoc
1056 1699 1165 1760 auimo
1187 1704 1286 1759 natus
1308 1703 1348 1758 vt
1372 1698 1518 1759 eruditos

317 1783 409 1843 viros
438 1782 479 1844 de
507 1783 625 1844 studiis
648 1784 729 1845 bene
754 1789 924 1856 merentes,
947 1803 988 1844 ne
1017 1783 1045 1843 si
1069 1781 1222 1844 occidant
1245 1781 1387 1860 quidem,
1411 1780 1518 1843 odisse

316 1866 452 1945 possim.
497 1865 581 1927 Rem
596 1866 640 1927 ad
654 1886 706 1928 me
720 1868 976 1947 perscripserunt
989 1865 1117 1946 aliquot
1136 1866 1268 1926 minime
1284 1864 1381 1938 leues,
1397 1882 1463 1924 non
1478 1869 1518 1926 vt
1530 1895 1547 1944 5

317 1947 421 2028 vulgo
435 1948 584 2011 auditam
594 1949 651 2011 sed
662 1956 702 2012 vt
712 1958 914 2030 compertam
926 1949 1077 2011 omnibus
1088 1949 1235 2010 sensibus
1245 1970 1253 2021 ;
1268 1967 1307 2009 ac
1317 1952 1368 2022 (vt
1379 1949 1516 2026 ingenue

316 2031 440 2108 fatear)
455 2039 693 2112 persuaserant.
730 2033 821 2095 Nihil
836 2040 949 2095 tamen
963 2033 1200 2094 amarulentius
1215 2034 1249 2091 in
1264 2037 1298 2092 te
1312 2031 1516 2111 cogitabam;

317 2114 379 2175 sed
404 2115 579 2177 immodico
602 2116 747 2196 quodam
772 2116 898 2178 Budaei
921 2117 1032 2177 studio
1054 2116 1180 2177 iactum
1206 2114 1457 2193 interpretabar,
1479 2133 1517 2175 ao

317 2197 405 2259 22122
419 2200 541 2260 amicos
555 2199 635 2261 mihi
651 2219 781 2280 quoque
796 2200 963 2280 optabam,
987 2199 1122 2261 Budaeo
1137 2205 1224 2260 certe
1238 2217 1304 2259 non
1319 2197 1516 2259 inuidebam.

316 2280 523 2360 Argumento
551 2284 663 2363 potuit
687 2303 755 2345 2222
783 2283 923 2363 epistola
951 2302 1025 2344 mea
1053 2288 1122 2344 tam
1151 2282 1267 2343 leniter
1295 2281 1517 2361 expostulans,
1533 2311 1565 2347 ro

317 2383 424 2443 quum
438 2364 472 2425 id
486 2367 643 2446 temporis
658 2368 799 2428 maxime
814 2367 957 2428 ferueret
972 2365 989 2426 ὁ
1004 2364 1133 2443 θόρυβος
1152 2364 1268 2430 ἐκεῖνος
1285 2385 1360 2426 vere
1380 2363 1516 2429 πανικός.

317 2446 390 2508 Nec
405 2449 489 2509 enim
505 2457 681 2511 occurrunt
695 2450 807 2524 verba,
823 2449 943 2529 quibus
962 2449 1023 2510 hoc
1044 2449 1169 2510 factum
1190 2448 1306 2509 melius
1324 2448 1516 2527 exprimam.

316 2528 384 2591 Sed
398 2533 588 2611 priusquam
604 2533 735 2594 Brixius
752 2533 793 2594 de
811 2534 907 2594 nobis
926 2534 960 2594 in
981 2533 1122 2613 gratiam
1140 2531 1330 2593 reducendis
1351 2530 1516 2604 scriberet,

317 2614 450 2675 animus
464 2622 536 2676 erat
550 2615 631 2676 mihi
648 2618 714 2677 iam
733 2636 867 2696 prorsus
885 2616 1064 2689 defecatus,
1080 2616 1163 2677 adeo
1183 2621 1222 2675 vt
1243 2634 1283 2675 ne
1305 2616 1338 2675 in
1361 2614 1518 2675 memoria

316 2696 453 2775 quidem
467 2698 572 2759 vllum
585 2700 654 2760 eius
669 2701 715 2761 rei
729 2700 904 2780 vestigium
917 2699 1098 2761 resedisset.
1533 2725 1564 2776 15

361 2778 456 2853 Quod
472 2781 585 2843 scribis
599 2782 640 2843 de
654 2782 826 2863 magnifica
843 2782 1028 2844 conditione
1043 2782 1129 2844 vnde
1147 2800 1221 2843 mea
1234 2801 1334 2843 causa
1350 2780 1517 2854 excideris,

315 2863 447 2943 publice
456 2884 687 2945 aspersus,nou
695 2866 863 2946 satisquid
872 2866 1021 2927 sibivelit
1029 2864 1184 2945 intelligo.
1204 2864 1272 2926 Nec
1280 2866 1367 2926 enim
1376 2864 1519 2925 arbitror

315 2948 448 3009 vnicam
463 2968 600 3028 eamque
617 2949 807 3031 perbreuem
821 2949 994 3030 epistolam
1008 2955 1141 3012 tantum
1153 2948 1242 3029 apud
1256 2951 1360 3029 regios
1370 2967 1519 3028 proceres

315 3030 438 3092 habere
453 3034 614 3112 ponderis,
630 3040 669 3094 vt
684 3034 726 3096 ob
744 3053 816 3095 eam
834 3035 960 3096 veneris
979 3035 1013 3094 in
1034 3032 1224 3114 periculum,
1239 3052 1280 3095 ne
1294 3032 1418 3095 Graeca
1432 3033 1519 3112 regio

313 3115 481 3194 stipendio
503 3115 677 3197 profitendi
700 3137 818 3179 munus
836 3136 903 3179 non
925 3118 1184 3197 consequereris;
1206 3118 1398 3197 praesertim
1415 3134 1518 3196 quum
1532 3145 1566 3184 20

316 3197 490 3260 Budueum
501 3199 637 3261 haberes
652 3206 758 3274 tuum,
774 3202 866 3262 cuius
880 3200 1071 3280 suffragium
1085 3202 1119 3260 in
1130 3220 1169 3262 22
1179 3201 1313 3281 negocio
1328 3219 1430 3261 vnum
1445 3198 1518 3278 plus

315 3283 455 3343 caeteris
469 3284 620 3344 omnibus
639 3284 782 3346 valebat.
827 3283 891 3346 Sed
905 3284 985 3345 haee
1005 3291 1173 3363 utcunque
1194 3283 1326 3356 habent,
1344 3284 1448 3344 satius
1467 3287 1519 3343 est

315 3366 417 3425 missa
431 3365 545 3428 iacere.
576 3367 679 3447 Magis
693 3367 775 3429 libet
790 3369 851 3429 tibi
861 3367 1030 3447 gratulari,
1046 3369 1091 3429 mi
1105 3368 1259 3440 Tussane,
1272 3368 1328 3446 qui
1342 3367 1386 3427 ad
1399 3384 1519 3426 munus

314 3448 408 3509 istud
416 3447 510 3528 longe
518 3450 773 3529 pulcherrimum
782 3453 826 3512 sis
834 3450 989 3524 delectus,
996 3451 1058 3513 hoc
1069 3450 1419 3530 est,inamplissimum
1426 3449 1517 3510 thea-

315 3537 408 3592 trum
419 3533 609 3611 productus,
616 3535 702 3595 vnde
711 3536 777 3595 iam
785 3554 852 3596 non
860 3533 963 3596 Gallis
971 3541 1105 3596 tantum
1115 3535 1172 3596 sed
1181 3536 1333 3595 22122222
1342 3534 1413 3594 22121
1424 3533 1518 3593 122122
1531 3563 1565 3612 25

314 3615 511 3677 eruditionis
519 3618 802 3697 minimevulgaris
810 3619 974 3698 specimen
983 3618 1091 3680 aedas.
1114 3617 1183 3679 Nec
1192 3617 1309 3678 dubito
1318 3617 1398 3696 quin
1410 3623 1448 3677 22
1457 3634 1517 3695 pro

315 3703 379 3758 tua
392 3697 591 3761 dexteritate
602 3700 836 3780 vigilantiaque
851 3703 895 3762 sis
909 3702 1006 3763 istam
1018 3701 1165 3762 fabulam
1176 3702 1225 3761 ita
1236 3700 1418 3761 saltaturus
1429 3705 1468 3759 vt
1483 3704 1518 3760 et

315 3801 338 3842 a
352 3781 573 3844 studiosorum
588 3785 743 3845 centuriis
757 3785 909 3846 omnibus
924 3783 1075 3865 plausum
1090 3784 1229 3856 auferas,
1243 3789 1280 3844 et
1293 3784 1409 3862 optimi
1425 3783 1516 3843 Prin·

314 3865 823 4029 2222222222
836 3866 1517 4031 2222222222

1411 3998 1418 4011 .
1531 3980 1565 4030 32

359 4030 555 4112 Magnopere
592 4033 654 4094 tibi
685 4034 834 4113 gratulor
869 4041 905 4096 et
940 4034 1140 4096 omatissimi
1169 4032 1331 4095 Praesulis
1361 4033 1518 4095 Lodouici

315 4112 479 4177 canossae
500 4117 689 4191 amicitiam,
712 4137 810 4197 quem
835 4119 916 4180 mihi
937 4118 1027 4198 apud
1049 4117 1227 4178 Britannos
1250 4136 1346 4178 22222
1370 4117 1516 4196 contigit,

677 4257 717 4294 11.
736 4244 859 4295 ierueret
870 4243 950 4294 JN’:
968 4244 1080 4295 iaueret
1091 4242 1154 4293 N²⁸.

352 4442 374 4477 1.
393 4427 493 4488 Brixii]
506 4427 622 4492 SeeEp.
635 4440 710 4491 2342.
941 4427 1284 4494 wereappointcdllarch
1294 4440 1366 4490 1530.
1401 4425 1516 4491 SeeEp.

350 4507 374 4556 5.
393 4494 628 4559 perscripserunt]
648 4494 703 4560 Ep.
722 4508 795 4559 ²027·
814 4497 890 4557 25-6,
942 4498 1008 4558 2456
1020 4494 1124 4545 introd.

314 4561 374 4611 and
385 4560 422 4610 ci.
435 4560 489 4625 Ep.
503 4574 566 4610 2222
580 4561 685 4611 introd.
975 4576 1017 4624 32.
1035 4561 1187 4622 02222222]
1203 4561 1255 4612 See
1270 4560 1325 4626 Ep.
1344 4561 1394 4623 489
1410 4557 1515 4609 introd.

352 4642 392 4678 10.
410 4627 542 4693 epistola]
554 4627 608 4692 Ep.
621 4642 696 4688 2229.
941 4628 1079 4678 Erasmus
1092 4627 1267 4693 graphically
1280 4625 1427 4677 described
1441 4625 1517 4676 their

352 4709 391 4758 13.
404 4694 889 4759 scriberet1Ep.2340,ci.Erasmus'
941 4695 1004 4746 first
1015 4695 1216 4759 msetinginE
1240 4707 1335 4755 .2599.
1350 4707 1373 4743 r·
1382 4696 1425 4756 63.
1459 4692 1516 4742 Tu·

313 4761 397 4827 reply
409 4762 462 4826 Ep.
476 4774 550 4825 2379.
942 4777 1029 4812 sanus
1046 4761 1103 4811 had
1118 4768 1185 4812 ente
1250 4760 1399 4811 Canossa's
1410 4758 1517 4809 service

352 4842 441 4889 29-22.
459 4828 567 4879 Graeca
583 4829 659 4894 regio
675 4827 830 4893 stipendio]
847 4828 891 4880 Oi.
941 4829 972 4878 in
994 4841 1068 4890 2529,
1088 4829 1143 4880 1222
1162 4829 1192 4878 12
1215 4828 1289 4878 Nov.
1310 4827 1340 4877 oi
1362 4826 1429 4877 that
1448 4840 1517 4890 year

313 4896 369 4962 Ep.
385 4897 458 4960 2842.
472 4896 547 4946 26-8.
942 4895 1058 4946 Francis
1080 4894 1096 4944 1
1121 4894 1261 4959 procured
1286 4894 1331 4943 1212
1356 4892 1460 4943 release
1483 4898 1517 4943 to

348 4977 391 5023 29.
408 4961 889 5029 institutss'l'heCollegedeFrenos,
940 4959 1516 5028 appointhimtotheCollegedannosr

313 5028 461 5096 projcotcd
470 5030 500 5080 in
509 5042 589 5095 15173
606 5029 657 5080 the
664 5029 727 5080 first
734 5029 891 5096 professore
940 5045 987 5080 see
999 5029 1054 5094 Ep.
1066 5029 1125 5079 810.
1136 5041 1216 5093 4522.
