4042 5900
513 659 574 719 154
836 655 1335 721 161116661666611116
1615 660 1711 737 [1531

513 816 601 878 bona
614 815 716 877 faciat
730 815 860 876 malam.
883 815 979 889 Quod
993 816 1125 895 quidem
1139 817 1220 877 mihi
1235 817 1348 878 videor
1362 818 1443 878 satis
1457 818 1594 878 comiter
1609 823 1712 896 atque

513 901 613 960 etiam
629 906 779 960 amanter
792 899 915 961 iecisse.
960 898 1069 961 ‘Clam
1081 900 1099 974 ',
1114 901 1248 979 inquies,
1266 900 1512 962 ‘admonendus
1525 907 1599 962 erat
1610 901 1628 962 ’.
1671 900 1712 962 Id

470 1005 501 1054 15
514 1003 534 1043 a
548 1002 600 1043 me
614 1001 681 1043 non
695 982 794 1043 semel
808 983 1006 1056 estfactum,
1022 983 1079 1044 sed
1093 1002 1194 1061 quam
1208 983 1269 1044 hoc
1283 983 1398 1045 tulerit
1409 1002 1513 1063 aequo
1524 985 1646 1057 animo,
1658 991 1714 1045 sat

514 1073 658 1146 arguunt
671 1065 783 1139 libelli,
799 1085 882 1144 quos
896 1068 1006 1127 emisit
1020 1084 1086 1127 non
1101 1068 1171 1127 sine
1185 1086 1305 1145 magna
1319 1068 1383 1127 mei
1397 1068 1539 1129 nominis
1553 1067 1690 1128 inuidia.

556 1148 619 1210 Sed
641 1151 713 1228 quis
735 1150 869 1210 obsecro
889 1150 1113 1229 ewangelicus
1131 1149 1193 1210 tibi
1211 1152 1361 1211 narrauit
1375 1170 1448 1213 eam
1463 1150 1507 1212 ad
1521 1151 1712 1212 Vulturium

514 1232 697 1312 Epistulam
706 1234 848 1312 primum
857 1252 877 1294 a
886 1233 1031 1294 meolam
1041 1234 1174 1294 missam
1186 1231 1310 1294 Simoni
1318 1233 1453 1307 medico,
1463 1240 1502 1295 vt
1512 1234 1712 1314 Agrippinae

515 1316 739 1388 excuderetur,
749 1317 946 1395 priusquam
957 1318 1170 1395 accepissetis
1181 1317 1223 1378 ad
1235 1335 1331 1395 quem
1342 1323 1414 1377 erat
1425 1318 1567 1396 scripta?
1589 1315 1713 1378 Siccine

470 1420 503 1457 20
516 1399 609 1461 decet
620 1400 770 1460 veritatis
782 1399 980 1479 professores
989 1399 1156 1480 indulgere
1167 1400 1363 1461 mendaciis?
1378 1400 1451 1461 Imo
1461 1402 1603 1480 primum
1612 1402 1714 1461 missa

515 1488 566 1544 est
580 1502 681 1544 manu
695 1483 858 1562 descripta
866 1483 910 1544 ad
919 1483 1117 1555 Vulturium,
1127 1482 1334 1544 admonitum
1342 1482 1413 1544 lore
1424 1488 1462 1544 vt
1472 1483 1614 1544 forsitan
1623 1485 1714 1563 typis

515 1566 749 1628 excuderetur:
772 1572 848 1646 post
858 1585 978 1627 excusa
987 1573 1039 1627 est
1053 1566 1204 1646 Friburgi
1217 1566 1324 1628 multo
1334 1573 1513 1646 antequam
1527 1567 1715 1646 perueniret

515 1650 738 1729 Agrippinam,
754 1669 820 1728 quo
833 1668 886 1710 me
903 1651 1004 1711 inscio
1018 1649 1148 1729 perlata
1160 1656 1212 1710 est
1223 1669 1281 1730 per
1294 1649 1456 1710 famulum
1471 1668 1600 1711 meum:
1623 1650 1715 1730 quod

516 1732 733 1794 sancientum
748 1732 910 1806 nolebam,
922 1732 975 1794 vel
986 1752 1034 1806 eo,
1046 1752 1087 1793 ne
1101 1752 1193 1794 meus
1207 1733 1432 1812 typographus
1446 1733 1571 1812 aliquid
1581 1740 1715 1813 caperet

471 1838 503 1886 25
516 1816 715 1890 detrimenti,
730 1817 757 1876 si
774 1816 840 1877 11116
856 1817 977 1877 iterum
990 1815 1216 1877 excuderetur.
1259 1815 1348 1877 Nihil
1363 1818 1464 1897 igitur
1478 1835 1560 1896 opus
1573 1823 1647 1878 erat
1660 1816 1714 1877 hic

517 1905 577 1960 tuo
596 1900 700 1961 officio
722 1906 761 1960 vt
783 1899 950 1979 exemplar
968 1900 1011 1961 ad
1031 1899 1221 1960 Vulturium
1241 1906 1276 1961 et
1296 1901 1483 1961 vniuersam
1503 1898 1715 1961 sodalitatem

517 1983 675 2056 mitteres,
690 2002 829 2061 eumque
844 1989 914 2043 tam
933 1982 1082 2044 horribili
1100 1984 1220 2044 nuncio
1239 1983 1281 2044 ad
1296 1981 1418 2043 bellum
1432 1983 1653 2045 extimulares.

559 2065 654 2139 Quod
668 2065 708 2126 de
723 2065 848 2127 Bucero
862 2066 1004 2139 dubitas,
1014 2068 1098 2127 scito
1111 2066 1191 2126 mihi
1207 2065 1372 2127 hominem
1386 2086 1427 2127 ne
1436 2066 1477 2128 de
1487 2067 1570 2128 facie
1581 2066 1714 2145 quidem

518 2169 587 2211 esse
596 2155 862 2222 notum,tantum
871 2150 966 2210 abest
976 2156 1016 2210 11
1026 2150 1182 2211 internos
1191 2149 1259 2210 vlla
1267 2151 1487 2211 intercesserit
1495 2149 1712 2211 familiaritas.

471 2255 506 2306 3⁰
518 2233 599 2293 Mihi
620 2239 732 2293 tamen
751 2251 976 2312 persuaseram
995 2233 1030 2292 in
1047 2251 1086 2293 eo
1100 2232 1200 2312 paulo
1213 2231 1287 2312 plus
1306 2252 1375 2295 esse
1390 2233 1560 2294 ciuilitatis
1579 2253 1617 2294 ac
1637 2252 1713 2312 pru·

518 2316 649 2377 dentiae
659 2335 758 2394 quam
769 2334 848 2395 prae
860 2336 893 2376 66
903 2315 969 2376 fert
979 2316 1034 2376 ille
1044 2314 1136 2389 liber,
1147 2315 1254 2377 multo
1264 2316 1360 2377 1116116
1368 2316 1525 2378 condiens
1535 2318 1713 2378 aconitum.

518 2399 615 2460 Itane
629 2418 708 2461 vero
718 2400 826 2460 visum
841 2405 892 2459 est
906 2398 969 2460 tibi
984 2398 1106 2460 bellum
1120 2398 1247 2460 lacinus
1258 2399 1347 2478 quod
1361 2399 1532 2461 Huttenus
1547 2401 1582 2460 in
1596 2400 1714 2461 leonis

519 2482 650 2544 Bullam
664 2483 788 2545 aedidit
802 2481 961 2561 postillae,
977 2489 1017 2543 vt
1030 2482 1074 2543 ad
1087 2482 1175 2543 illius
1189 2484 1408 2543 imitationem
1422 2484 1581 2544 inuitares
1596 2483 1713 2544 Vultu·

518 2568 626 2628 rium?
662 2565 747 2640 Quin
766 2566 880 2627 eadem
900 2584 999 2645 opera
1018 2565 1061 2626 ad
1076 2566 1222 2625 omnium
1239 2570 1511 2645 stratagematum
1527 2585 1611 2644 quae
1625 2573 1715 2627 terra

472 2670 506 2721 ³5
518 2651 665 2728 marique
679 2650 779 2729 gessit
792 2648 963 2710 Huttenus
977 2648 1229 2709 aemulationem
1246 2650 1391 2710 inuitas?
1412 2647 1498 2722 Quid
1512 2655 1624 2710 autem
1639 2668 1713 2711 con·

518 2732 641 2794 lectum
660 2739 712 2793 est
729 2732 795 2794 illis
814 2732 1004 2793 scurrilibus
1019 2731 1172 2794 scholiis?
1203 2732 1255 2794 An
1270 2732 1345 2793 hinc
1359 2733 1475 2794 melius
1489 2732 1590 2793 habet
1604 2731 1714 2793 Euan·

518 2815 661 2896 galium?
690 2815 871 2894 Aliquanto
882 2815 1035 2889 deterius,
1047 2817 1172 2896 opinor.
1204 2816 1418 2896 Magistratus
1426 2815 1714 2895 Argentoratensis

518 2899 761 2980 typographum
787 2900 926 2961 coniecit
950 2901 985 2960 in
1009 2919 1181 2973 carcerem,
1208 2901 1288 2961 satis
1312 2898 1483 2961 declarans
1510 2905 1714 2979 quantopere

518 2983 673 3064 probaret
688 2983 832 3045 Vulturii
845 3003 987 3063 operam.
1031 2981 1094 3044 Sed
1109 2982 1213 3045 dulcis
1227 2990 1278 3044 est
1289 2983 1445 3044 vindicta.
1482 2983 1636 3044 Etiamne
1649 2983 1714 3044 dis·

472 3067 1049 3147 4opendiovestraecausaeempta?
1071 3065 1280 3128 Olenitatem
1292 3066 1538 3146 Euangelicam!
1560 3065 1624 3127 Vbi
1635 3085 1715 3128 vero

519 3150 644 3211 dictum
669 3157 721 3211 661
739 3170 760 3211 6
783 3170 844 3223 me,
869 3150 934 3211 Vos
954 3151 1046 3212 velut
1064 3149 1209 3210 auiculas
1231 3169 1350 3211 caueae
1371 3148 1511 3210 inclusas
1531 3150 1715 3212 contineri?

519 3233 637 3294 Nonne
652 3232 785 3313 plurimi
798 3233 934 3293 latitant
948 3239 1049 3306 metu,
1065 3251 1174 3293 nonne
1188 3231 1354 3312 plaeriqua
1373 3252 1537 3311 nusquam
1555 3239 1637 3294 eunt
1651 3234 1715 3294 nisi

519 3316 652 3396 publica
666 3315 730 3377 1116
745 3317 951 3396 principum?
972 3315 1052 3389 Quis
1066 3322 1177 3376 autem
1192 3315 1257 3377 luit
1271 3315 1325 3377 ille
1339 3322 1481 3395 nugator
1492 3318 1549 3394 qui
1563 3316 1649 3377 dixit
1661 3335 1715 3378 me

520 3400 702 3461 vixaudere
711 3399 1042 3478 Friburgumegredi?
1062 3398 1590 3461 MihiverolioetetiamBasileam
1599 3399 1714 3473 redire,

474 3501 507 3553 45
520 3484 549 3544 si
566 3483 673 3556 velim,
691 3488 726 3544 et
742 3483 954 3562 Argentorati
972 3482 1130 3556 habitare,
1149 3484 1178 3543 si
1194 3481 1318 3543 lubeat.
1360 3481 1488 3555 ‘Quur'
1504 3484 1613 3561 inquis
1628 3490 1714 3544 ‘non

519 3567 736 3646 proficiscitur
744 3566 946 3627 Louanium?
961 3564 1052 3639 Quur
1059 3585 1126 3626 non
1135 3564 1323 3627 Coloniam?
1338 3564 1505 3639 Quurnon
1511 3565 1714 3627 Lutetiaml’

520 3648 606 3723 Quin
620 3650 723 3722 addis,
735 3657 833 3729 ‘quur
841 3669 907 3710 non
919 3649 1081 3722 Toletum,
1094 3648 1235 3709 Romam
1245 3655 1306 3709 aut
1313 3648 1614 3728 Hierosolymaml’
1629 3649 1715 3729 Egra

520 3734 659 3812 migraui
669 3733 875 3812 Friburgum,
882 3739 1015 3793 tantum
1023 3732 1269 3793 abestvtanimi
1277 3734 1384 3811 gratia
1392 3732 1528 3793 debeam
1537 3751 1715 3812 peromnes

520 3816 900 3878 ciuitatesobambulare.
916 3814 1716 3896 QuidmihinegotiiestLutetiaeautAgrippinae‘l

475 3916 509 3966 50
563 3898 626 3961 Sed
637 3899 721 3980 finge
733 3899 813 3960 mihi
823 3919 890 3960 non
901 3918 970 3960 esse
981 3904 1094 3959 tutum
1105 3899 1266 3978 proficisci
1275 3899 1423 3976 quolibet
1433 3921 1440 3973 ;
1463 3899 1550 3960 vnde
1559 3899 1621 3960 hoc
1632 3900 1715 3978 peri·

521 3983 641 4057 culum,
651 3985 715 4044 nisi
729 3982 818 4062 quod
832 3985 867 4044 in
882 4001 940 4044 vos
954 3983 1058 4043 lenior
1071 3981 1120 4043 fui
1134 4000 1233 4061 quam
1248 3980 1296 4042 illi
1307 3982 1487 4043 volebant?
1509 3982 1581 4043 Hoc
1593 3983 1717 4044 scilicet

521 4066 632 4128 decuit
650 4067 732 4128 mihi
750 4087 771 4127 a
790 4067 883 4128 161116
904 4065 1092 4127 hominibus
1111 4066 1315 4143 aequissimis
1333 4065 1437 4126 obiici.
1480 4064 1593 4145 Egone
1614 4065 1716 4127 tendo

521 4151 706 4211 extinctum
739 4150 977 4230 Euangelium?
1014 4149 1086 4210 Iam
1114 4168 1209 4209 aures
1238 4148 1333 4208 nobis
1363 4148 1548 4210 istiusmodi
1578 4150 1715 4211 vocibus

523 4288 754 4295 u—--——-—...

557 4355 597 4402 1⁶.
615 4350 712 4413 libelli]
724 4350 841 4417 SeeEp.
860 4364 934 4411 2219.
948 4364 1008 4400 1111.
1176 4362 1217 4412 33.
1236 4348 1375 4413 postillae]
1392 4348 1478 4399 Bulla
1499 4349 1598 4400 16611111·
1617 4349 1717 4400 honis

556 4418 596 4467 18.
615 4417 894 4483 SimoniJRiquinus;
906 4432 953 4468 aee
961 4416 1016 4481 Ep.
1026 4418 1093 4480 2246
1143 4423 1344 4466 contremens
1352 4416 1515 4466 M.Lutberi
1524 4424 1549 4466 et
1560 4417 1717 4480 6616661616

521 4483 626 4535 introd.
1144 4483 1218 4542 (eum
1245 4482 1361 4533 fluum·
1387 4484 1473 4544 116116)
1501 4482 1652 4548 published
1677 4484 1717 4549 by

555 4564 630 4602 20-1.
648 4550 735 4601 missa
758 4556 803 4602 est
826 4565 915 4601 manu
939 4548 1093 4614 descripta]
1144 4549 1386 4611 Hnttenin15ao.

523 4616 608 4668 From
629 4617 684 4682 Ep.
705 4618 772 4681 2238
790 4618 815 4667 it
833 4632 954 4682 appears
973 4617 1040 4667 that
1056 4631 1094 4666 on
1178 4630 1219 4680 37.
1238 4615 1422 4680 Magistratus
1458 4616 1716 4681 Argentoratensis]

522 4684 629 4749 raosipt
659 4684 689 4734 61
721 4684 780 4734 this
810 4683 1006 4734 Goldenhauer
1037 4682 1095 4732 had
1144 4682 1204 4732 The
1221 4681 1372 4748 strasburg
1388 4683 1568 4748 magistrates
1587 4698 1663 4734 seem
1684 4689 1716 4734 to

522 4751 638 4801 written
653 4766 672 4799 a
688 4749 774 4801 letter
789 4753 822 4802 16
840 4751 985 4809 Erasmus,
1003 4749 1095 4800 which
1145 4750 1218 4800 have
1229 4749 1317 4799 taken
1328 4751 1387 4800 this
1394 4750 1490 4800 action
1501 4750 1596 4800 ontbe
1607 4765 1716 4800 remon·

522 4817 634 4868 arrived
652 4816 734 4868 when
750 4817 802 4867 the
823 4816 915 4881 Epist.
932 4832 955 4867 6.
977 4817 1094 4868 Pseuda-
1144 4822 1257 4867 strance
1267 4815 1298 4866 oi
1309 4816 1444 4867 Erasmus
1455 4816 1716 4882 containedinEp.

522 4898 606 4947 11661.
618 4899 677 4935 was
686 4884 802 4949 already
812 4883 842 4935 in
853 4884 903 4934 the
914 4898 1001 4948 111666.
1146 4896 1227 4945 61931
1245 4883 1281 4933 cl.
1294 4883 1349 4948 Ep.
1361 4897 1435 4948 2321.
1448 4884 1523 4933 26-8.

556 4964 598 5067 3³13.
616 4950 962 5067 111ξο1ἐ1161]11ρ161..41161.;
981 4965 1028 5001 see
1039 4950 1094 5015 Ep.
1178 4951 1220 5014 46.
1239 4949 1408 5012 Louanium]
1419 4949 1461 5001 cf.
1474 4949 1543 5000 LE&
1558 4963 1632 5016 1454.

523 5030 572 5082 223
600 5017 644 5068 int
698 5055 704 5068 .
