4042 5900
1293 609 1419 671 348
1947 607 2344 671 LETTERS
2387 607 2498 672 OF
2539 606 2951 673 ERASMUS
3558 612 3601 688 [1

1283 774 1468 830 esset
1495 787 1616 830 nos
1644 787 1903 831 summo
1930 768 2251 831 desiderio
2278 770 2487 830 teneri
2515 771 2757 830 vestris
2783 775 2855 831 et
2888 767 3240 830 mellifluis
3274 769 3601 849 colloquii

1236 878 1267 927 5
1294 852 1583 914 iucunda
1623 852 2096 914 consuetudine
2135 858 2295 914 ante
2334 852 2694 914 discessum
2732 858 3032 914 nostrum
3072 852 3220 913 frui
3266 872 3525 933 posse:
3572 872 3601 933 q

1295 938 1351 996 si
1394 937 1534 997 sine
1575 935 1920 997 incomodo
1959 942 2187 998 vestro
2226 935 2365 997 fieri
2405 937 2671 1016 poterit,
2714 942 2794 997 vt
2835 935 3092 1016 Spiram
3136 936 3585 1012 acceleretis,

1293 1020 1497 1080 etiam
1556 1025 1757 1097 atque
1822 1020 2025 1081 etiam
2088 1020 2469 1081 hortamur:
2542 1020 2658 1080 vbi
2713 1021 2914 1081 etiam
2981 1018 3164 1080 vltra
3243 1020 3601 1100 particula

1295 1102 1710 1164 affectionem
1752 1109 2071 1176 nostram,
2115 1122 2250 1164 non
2295 1103 2532 1165 minori
2581 1104 2731 1163 vsui
2779 1104 2908 1164 toti
2952 1102 3268 1181 religioni
3319 1104 3601 1165 christia

1294 1186 1422 1247 erit
1450 1187 1823 1266 praesentia
1850 1193 2077 1248 vestra
2105 1190 2336 1265 (quum
2358 1185 2440 1248 de
2461 1204 2539 1246 ea
2559 1187 2904 1266 praecipue
2925 1186 2994 1247 in
3016 1194 3384 1249 conuentu
3407 1190 3601 1268 impe

1208 1295 1272 1331 10
1295 1269 1719 1330 tractandum
1749 1271 1862 1347 sit)
1892 1288 2094 1348 quam
2130 1271 2187 1330 si
2215 1269 2797 1349 compositionibus
2834 1276 2904 1330 et
2936 1271 3286 1331 continuis
3325 1270 3601 1333 lection

1296 1358 1515 1414 totum
1557 1352 1678 1414 hoc
1718 1352 1896 1432 quod
1934 1353 2124 1414 vobis
2164 1352 2487 1431 reliquum
2525 1360 2628 1414 est
2657 1359 2918 1432 tempus
2947 1353 3467 1433 impenderetis.
3562 1354 3601 1415 E

1294 1437 1561 1497 interim
1604 1435 2044 1516 intelligemus
2086 1436 2275 1498 vobis
2318 1436 2653 1497 decretum
2695 1455 2853 1509 esse,
2893 1435 3063 1497 velle
3098 1436 3457 1500 desiderio
3503 1456 3601 1500 no

1296 1520 1785 1599 obtemperare:
1852 1521 1951 1582 ita
2008 1539 2274 1600 operam
2332 1519 2638 1580 dabimus
2694 1525 2773 1580 vt
2829 1519 3133 1580 omnibus
3191 1522 3601 1583 necessitati

1296 1604 1535 1664 vestris
1565 1604 1810 1683 optime
1839 1606 2177 1682 prouisum
2204 1609 2415 1664 eatur.
2502 1601 2745 1663 Verum
2774 1606 3004 1681 (quum
3032 1602 3199 1663 nihil
3226 1603 3437 1665 aliud
3466 1624 3601 1685 pra

1209 1710 1270 1760 15
1296 1687 1644 1747 comodum
1674 1693 1970 1748 vestrum
1999 1687 2365 1766 cupiamus)
2395 1686 2618 1747 omnia
2651 1684 2928 1747 arbitrio
2966 1692 3191 1747 vestro
3229 1687 3601 1767 relinquin

1297 1770 1404 1831 cui
1431 1771 1501 1830 in
1531 1770 1836 1831 omnibus
1862 1776 2128 1849 gratum
2157 1768 2370 1831 facere
2397 1770 2716 1849 cupimus.

1819 1950 2113 2033 254ιῇ542
2204 1944 2309 2012 To
2341 1944 2717 2011 BomAca
2751 1945 3188 2012 Amnamcn.

1376 2083 1563 2140 Basle
1587 2081 1717 2138 MS.
1746 2083 1884 2138 AN.
1914 2083 2038 2138 111.
2074 2098 2163 2152 15.
2194 2098 2286 2152 3²·
3132 2082 3474 2156 Freiburg.

1375 2159 1449 2224 Q.
1478 2162 1572 2214 66.
2966 2170 3035 2228 17
3062 2156 3448 2229 September
3478 2176 3597 2232 153

1367 2286 1483 2347 [An
1506 2285 1742 2350 original
1768 2285 1957 2346 letter,
1981 2285 2305 2350 autogr-aph
2336 2285 2708 2364 throughout.
2777 2284 2898 2335 The
2924 2285 3107 2337 date·
3090 2302 3139 2335 is
3165 2285 3496 2339 confirmed
3520 2288 3601 2355 by

1300 2354 1612 2404 references
1634 2359 1699 2404 to
1720 2352 2010 2403 Erasmus'
2035 2352 2226 2403 illness
2248 2352 2363 2402 and
2386 2353 2487 2403 the
2510 2353 2646 2403 visit
2667 2359 2732 2404 to
2755 2352 3143 2418 Neuenburg.]

1385 2442 1448 2506 S.
1508 2444 1580 2505 P.
1667 2443 2014 2504 Minimum
2071 2442 2306 2516 abfuit,
2365 2444 2526 2522 quin
2580 2443 2851 2504 adierim
2906 2442 2972 2504 N
2972 2442 3251 2522 eapohn
3310 2442 3601 2508 Canoni

1302 2529 1417 2606 qui
1447 2527 1579 2588 illic
1607 2527 1810 2588 habet
1837 2527 2008 2600 edes,
2039 2526 2288 2588 obtulit
2315 2545 2576 2605 equum,
2607 2526 2990 2606 quadrigam
3019 2532 3288 2600 tectam,
3318 2527 3601 2609 hospiti·

1303 2612 1463 2690 quid
1519 2630 1653 2672 non
1672 2616 1699 2672 ‘P
1784 2609 1904 2671 Ille
1962 2615 2365 2690 precesserat
2421 2610 2525 2671 die
2581 2610 2832 2683 Martis,
2884 2630 3005 2671 nos
3062 2610 3389 2690 quadriga.
3451 2631 3601 2675 erar

1303 2696 1647 2773 sequuturi
1673 2694 1778 2755 die
1807 2694 2129 2755 Mercurii.
2203 2693 2420 2754 Pridie
2450 2693 2921 2755 denunciatum
2949 2699 3053 2755 est
3081 2693 3291 2767 nobis,
3314 2701 3400 2755 vt
3422 2715 3601 2758 esser

1245 2797 1276 2846 5
1302 2778 1522 2858 parati
1550 2777 1636 2838 ad
1664 2783 1939 2838 sextam.
2028 2777 2308 2837 Factum
2334 2782 2456 2839 est.
2543 2778 2698 2839 Mox
2728 2777 3217 2849 denunciatum,
3242 2778 3557 2857 aurigam
3591 2800 3601 2840 1

1301 2860 1639 2922 abiturum
1667 2866 1823 2921 ante
1858 2865 2184 2922 octauam.
2271 2858 2679 2939 Sumpsimus
2714 2878 2932 2921 ouum.
3022 2859 3315 2920 Rursum
3348 2860 3601 2923 denun·

1303 2949 1434 3017 tur,
1465 2964 1600 3006 non
1628 2943 1964 3005 abiturum
1995 2949 2154 3005 ante
2192 2942 2665 3006 duodecimam.
2752 2941 2897 3004 Iam
2935 2943 3239 3005 miseram
3280 2945 3601 3008 sarcinuls

1303 3027 1548 3089 Relata
1575 3033 1693 3100 est,
1722 3026 1989 3088 famulis
2018 3026 2559 3105 significantibus,
2590 3026 2775 3087 illum
2806 3047 2884 3088 eo
2917 3026 3022 3088 die
3062 3045 3389 3105 nusquam
3432 3029 3601 3091 ituri

1304 3109 1408 3172 Sic
1451 3131 1571 3190 ego
1612 3110 1823 3171 fessus
1863 3112 2136 3183 itineris,
2176 3111 2558 3190 priusquam
2596 3111 2724 3171 iter
2762 3110 3149 3190 ingrederer,
3179 3112 3470 3172 remansi
3510 3113 3601 3175 do

1217 3215 1280 3250 10
1305 3194 1500 3273 idque
1544 3193 1771 3255 multis
1814 3194 1896 3254 de
1937 3195 2170 3255 causis.
2257 3192 2558 3255 Incertus
2600 3213 2800 3267 eram,
2844 3213 2931 3255 an
2974 3213 3156 3255 socer
3198 3193 3500 3267 redisset,
3542 3203 3601 3257 ei

1306 3278 1599 3350 redisset,
1644 3277 1935 3350 verebar,
1980 3277 2217 3337 necubi
2259 3282 2430 3338 esset
2472 3278 2540 3337 in
2583 3278 2811 3339 vineis.
2899 3277 3244 3338 Postremo
3288 3275 3601 3340 dubitabt

1305 3380 1392 3422 an
1431 3379 1637 3421 essem
1676 3367 1903 3439 gratus
1941 3360 2177 3440 hospes
2216 3360 2500 3434 futurus,
2531 3362 2801 3422 veniens
2836 3379 2877 3420 a
2909 3360 3054 3421 loco
3086 3358 3440 3440 pestilenti.
3533 3361 3601 3423 N

1305 3443 1410 3504 hic
1461 3451 1740 3524 pereunt
1788 3444 2010 3522 aliqui,
2064 3449 2133 3505 et
2182 3463 2408 3506 rumor
2457 3443 2626 3505 solet
2672 3445 2959 3505 atrocior
3007 3462 3148 3505 esse
3198 3463 3285 3506 re.
3372 3443 3475 3506 Ne
3527 3445 3601 3507 d<

1307 3526 1571 3605 quidem
1622 3527 1850 3588 deerat
1894 3526 2072 3604 quod
2122 3546 2398 3605 agerem.
2484 3527 2718 3588 Adhuc
2764 3527 2926 3587 mihi
2970 3546 3073 3587 res
3124 3533 3227 3588 est
3275 3545 3425 3588 cum
3476 3527 3597 3590 fab

1220 3628 1280 3678 15
1306 3610 1539 3671 Adhuc
1567 3612 1941 3690 peregrinor
1968 3612 2039 3671 in
2067 3610 2347 3690 propriis
2379 3610 2629 3672 edibus.
2716 3610 2944 3671 Dices:
2990 3608 3438 3689 Significaram
3460 3612 3601 3673 redi

1307 3712 1623 3764 socerum,
1663 3700 1733 3755 et
1772 3700 1838 3754 te
1875 3693 2015 3755 fore
2054 3695 2499 3773 gratissimum
2539 3693 2884 3773 hospitem.
2971 3692 3137 3766 Scio,
3178 3699 3246 3754 te
3291 3693 3601 3772 significat

1308 3783 1427 3838 tuo
1456 3796 1634 3837 more
1663 3777 1960 3839 officiose.
2036 3777 2285 3838 Tamen
2314 3796 2431 3856 ego
2462 3777 2849 3850 nesciebam,
2880 3777 3058 3856 quod
3086 3776 3504 3856 significaraS.
3583 3781 3601 3837 (

1308 3862 1400 3920 sic
1420 3865 1447 3921 ’.Ρ
1489 3861 1761 3938 inquies.
1849 3860 2183 3922 Bobellius
2217 3861 2375 3922 treis
2410 3859 2741 3941 epistolas,
2772 3862 2946 3922 inter
2983 3879 3148 3938 quas
3186 3866 3331 3921 erat
3368 3866 3507 3932 tua,
3541 3861 3601 3922 b«

1307 3949 1505 4023 potus
1551 3943 1906 4021 reliquerat
1951 3945 2020 4004 in
2067 3944 2444 4018 diuersori0,
2493 3943 2671 4022 quod
2715 3950 2819 4004 est
2863 3945 3036 4004 inter
3080 3942 3406 4004 Basileam
3450 3949 3522 4004 et
3569 3944 3601 4005 Ι

1217 4046 1284 4081 20
1309 4026 1608 4106 burgum.
1694 4027 1827 4088 Eas
1856 4034 2014 4089 ante
2037 4027 2312 4088 biduum
2342 4028 2607 4089 demum
2636 4028 2874 4108 accepi.
2961 4025 3168 4105 Cupio
3195 4028 3377 4099 scire,
3410 4046 3573 4087 num

1309 4116 1464 4170 tuae
1493 4111 1654 4170 satis
1683 4111 1819 4170 sint
1846 4131 1928 4171 ex
1956 4112 2160 4172 animi
2188 4112 2536 4172 sententia.
2608 4110 2781 4172 Nam
2804 4129 3028 4172 rumor
3049 4110 3177 4171 huc
3198 4109 3448 4190 perfert
3467 4129 3601 4189 par

1308 4198 1531 4272 gratas
1572 4192 1852 4255 fabulas.
1939 4193 2079 4255 Nos
2121 4199 2191 4254 et
2227 4213 2269 4255 a
2308 4195 2605 4255 cruciatu
2641 4194 2825 4274 pedis
2865 4199 2934 4255 et
2967 4213 3009 4255 a
3044 4193 3366 4254 stomachi
3403 4193 3599 4274 prolu

1310 4283 1417 4337 sat
1444 4275 1721 4337 feliciter
1742 4275 2217 4350 conualuimus,
2239 4279 2454 4358 gratia
2473 4276 2754 4340 Christo.
2841 4276 3019 4340 Vale.
3106 4275 3340 4338 Saluta
3367 4276 3601 4339 Basilit

1391 4358 1567 4421 Frib.
1603 4373 1701 4436 17.
1732 4359 1837 4421 die
1866 4358 2046 4440 Sept.
2080 4374 2262 4437 1531.

1219 4460 1283 4510 25
2911 4443 3226 4505 Erasmus
3256 4443 3412 4505 Rot.
3444 4448 3601 4505 tuus

1394 4549 1654 4613 Clariss.
1686 4549 1812 4612 LL.
1846 4551 2100 4613 doctori
2130 4551 2472 4614 Bonifacio
2498 4551 2952 4614 Amerbachio.
3038 4551 3350 4614 Basileae.

1316 4661 1529 4751 *2540.
1565 4706 1615 4752 6.
1653 4702 1898 4767 Spiram]
1922 4701 2006 4753 cf.
2033 4702 2141 4768 Ep.
2163 4716 2310 4765 2511.
2334 4717 2457 4768 431²·
2560 4719 2716 4754 same
2728 4702 3158 4753 informationis
3168 4717 3410 4767 givenm
3426 4701 3536 4768 Ep.
3555 4716 3601 4777 ²-f

1313 4767 1404 4818 On
1427 4768 1553 4819 Oct.
1584 4770 1645 4818 18
1669 4769 1868 4819 Schets
1889 4769 2081 4820 writes
2102 4776 2167 4821 to
2190 4770 2461 4821 Erasmus
2560 4771 2622 4821 of
2658 4784 2717 4832 31
2757 4770 2906 4830 Oct„
2941 4769 3021 4835 by
3053 4768 3127 4820 de
3160 4769 3556 4829 Fonseca301.

1314 4834 1427 4901 (ΕΡ
1388 4849 1446 4901 Ρ.
1494 4836 1649 4896 2558)
1689 4836 1822 4886 that
1861 4837 1962 4886 the
2001 4836 2137 4888 Diet
2175 4838 2279 4887 has
2316 4838 2461 4888 been
2562 4839 2713 4899 2565.
2738 4851 2821 4887 20.

1312 4901 1635 4965 postponed
1655 4902 1745 4953 till
1765 4902 2026 4968 January
2045 4902 2162 4953 and
2188 4904 2237 4953 is
2266 4909 2370 4955 not
2396 4910 2461 4955 to
2628 4904 2780 4953 2541.
2819 4905 2898 4954 18.
2933 4903 3061 4965 tua]
3083 4902 3203 4954 Not
3224 4907 3446 4953 extant.

1312 4973 1466 5018 meet
1483 4974 1547 5018 at
1561 4967 1749 5033 spires
1767 4970 1874 5020 but
1889 4975 1955 5021 at
1968 4969 2270 5022 Ratisbon.
2339 4971 2460 5022 The
2630 4984 2778 5021 20-1.
2814 4986 2905 5021 res
2918 4971 3077 5033 tuae]
3096 4969 3197 5022 See
3214 4969 3323 5035 Ep.
3342 4983 3476 5032 2519
3492 4969 3601 5021 inti
