4042 5900
328 678 424 758 2432]
746 673 802 738 ΤΟ
822 674 940 738 JOHN
961 673 1086 737 MORE
1461 674 1521 736 139

327 832 428 895 dorus
450 830 549 906 Gaas,
572 833 606 894 in
628 831 688 894 hoo
710 851 825 911 genere
846 831 1060 905 felicissimus,
1082 838 1117 893 et
1143 830 1331 892 leonardus
1356 829 1521 894 Aretinus.

326 915 415 978 Nam
436 916 669 995 Argyropilum
691 916 835 978 arbitror
855 921 931 995 post
952 915 1150 976 seditionem
1171 913 1326 975 Aldinam
1351 932 1425 974 eam
1447 932 1520 993 pro·
1535 938 1584 988 155

328 1000 474 1060 uinciam
490 1019 685 1079 aggressum.
728 998 792 1061 Sed
805 998 927 1060 Aldina
941 999 1111 1061 volumina
1130 998 1284 1076 quoniam
1302 1016 1422 1076 magno
1436 1016 1521 1058 eme·

327 1083 461 1156 bantur,
484 1082 726 1145 submonebant
751 1088 867 1143 tenues
891 1082 1119 1161 Philosophiae
1144 1080 1347 1154 candidatos,
1371 1100 1431 1142 nec
1454 1080 1522 1142 iere

326 1166 581 1227 inueniebantur
594 1167 656 1227 nisi
670 1168 705 1227 in
720 1165 837 1228 Italia:
860 1172 937 1246 post
951 1167 1008 1226 vix
1023 1184 1168 1244 vnquam
1187 1165 1319 1244 reperiri
1333 1170 1521 1244 coeperunt,

327 1248 505 1310 diuenditis
519 1249 671 1311 omnibus
685 1256 745 1311 aut
753 1256 842 1311 certe
855 1249 1028 1328 plerisque.
1070 1249 1116 1309 At
1130 1248 1191 1309 hoc
1200 1248 1369 1327 praestitit
1382 1247 1523 1309 Ioannes

327 1331 490 1406 Bebelius,
502 1338 541 1393 11
554 1333 828 1394 inaestimabilem
842 1332 1034 1393 thesaurum
1049 1332 1139 1411 typis
1152 1331 1259 1392 multo
1272 1330 1522 1410 elegantissimis
1535 1344 1586 1392 111

327 1415 519 1494 euulgatum
541 1416 724 1495 quamlibet
742 1417 851 1478 tenuis
872 1434 938 1477 non
959 1434 1079 1494 magno
1099 1416 1208 1494 precio
1228 1414 1291 1476 sibi
1310 1415 1416 1494 possit
1436 1433 1522 1475 com·

327 1518 454 1579 parare.
490 1499 563 1560 Imo
577 1518 643 1560 non
652 1518 784 1578 prorsus
797 1499 884 1560 idem
898 1499 993 1560 nobis
1004 1498 1127 1577 prodiit
1135 1497 1338 1571 Aristoteles,
1348 1498 1404 1559 sed
1416 1497 1523 1559 multo

328 1602 429 1661 quam
444 1590 544 1644 antea
554 1582 619 1644 luit
633 1582 855 1656 emaculatior,
871 1582 969 1660 idque
983 1581 1191 1661 potissimum
1206 1582 1327 1655 studio,
1339 1580 1521 1660 vigilantia,

329 1665 457 1745 fideque
476 1663 616 1727 Simonis
634 1663 788 1745 Grynaei,
804 1666 930 1726 iuuenis
948 1667 982 1726 in
1000 1665 1090 1727 omni
1102 1684 1218 1744 genere
1234 1665 1405 1726 literarum
1419 1663 1522 1725 haud-

328 1768 495 1828 quaquam
510 1749 688 1828 vulgariter
701 1749 841 1810 eruditi:
863 1755 900 1809 at
914 1768 980 1810 111
995 1750 1065 1810 sine
1081 1749 1250 1828 praesidiis
1258 1747 1403 1809 fidelium
1414 1765 1521 1808 exem·
1536 1761 1585 1821 2⁶5

328 1832 517 1912 plariorum.
560 1832 726 1912 Siquidem
741 1834 776 1893 in
790 1831 977 1893 Dialecticis
992 1831 1160 1893 adhibitus
1173 1838 1225 1893 est
1238 1830 1523 1893 emendatissimus

329 1916 442 1989 codex,
457 1917 571 1995 inquo
586 1917 643 1976 vix
658 1915 727 1977 vlla
741 1916 805 1977 luit
819 1916 1032 1995 paginaquae
1042 1934 1108 1977 non
1117 1915 1250 1994 aliquod
1261 1915 1523 1995 operaeprecium

330 1999 457 2061 attulit.
494 1999 535 2059 In
549 1999 697 2079 Physicis
712 1998 1009 2061 auscultationibus
1023 1998 1173 2060 consulta
1182 2005 1259 2059 sunt
1268 1997 1426 2077 Simplicii
1436 2016 1522 2058 com·

330 2083 501 2157 menteris,
523 2089 558 2144 et
578 2084 613 2143 in
635 2082 732 2144 huius
750 2084 936 2162 argumenti
956 2082 1042 2144 libro
1062 2083 1202 2161 septimo
1222 2100 1282 2161 pro
1300 2081 1524 2142 Themistiana

330 2166 521 2246 paraphrasi
535 2167 678 2246 reposita
692 2172 769 2227 sunt
783 2168 885 2245 ipsius
899 2165 1084 2227 Aristotelis
1099 2165 1208 2238 verba,
1222 2164 1322 2244 idque
1340 2183 1382 2225 ex
1400 2164 1523 2225 autori·
1537 2188 1586 2240 270

331 2256 402 2310 tate
422 2247 588 2329 Simplicii,
603 2256 643 2311 vt
657 2248 858 2311 confidamus
875 2250 909 2310 in
923 2249 973 2311 his
987 2249 1116 2310 duobus
1129 2247 1281 2328 operibus
1294 2252 1355 2308 aut
1367 2247 1449 2308 nihil
1463 2252 1524 2307 aut

331 2351 430 2411 quam
439 2333 609 2394 minimum
618 2332 687 2394 1111
698 2332 788 2411 quod
796 2332 899 2394 lector
909 2332 1080 2394 desideret.
1114 2332 1154 2392 In
1163 2330 1524 2392 librisDeAnimalibus

330 2415 403 2476 loca
416 2434 483 2477 non
496 2435 601 2495 pauca
614 2422 790 2495 repurgata
808 2421 896 2488 sunt,
913 2414 1075 2495 praesidio
1092 2414 1275 2475 tralationis
1294 2413 1523 2475 Theodoricae.

331 2498 428 2560 Liber
444 2504 507 2559 τῶν
526 2498 606 2577 μετὰ
627 2498 666 2559 τὰ
686 2498 799 2578 φυσικὰ
819 2500 990 2560 minimum
1011 2504 1084 2559 1111
1102 2499 1292 2577 inquinatus
1312 2497 1447 2569 mendis,
1462 2497 1524 2557 nisi

330 2581 420 2661 quod
453 2581 527 2642 huic
557 2583 646 2661 operi
673 2588 771 2644 autor
799 2583 868 2661 ipse
896 2601 964 2644 non
991 2581 1125 2642 videtur
1151 2587 1334 2642 extremam
1362 2579 1525 2641 addidisse
1537 2602 1586 2655 ²75

330 2684 475 2727 manum.
494 2665 665 2727 Ethicaad
673 2666 908 2728 Nicomachum
917 2672 1005 2726 recte
1014 2665 1189 2738 habebant,
1199 2684 1258 2725 nec
1267 2664 1445 2726 admodum
1453 2682 1523 2743 ege·

332 2748 415 2809 bant
428 2749 647 2811 emendatoris
659 2750 831 2811 industria.
874 2749 984 2828 Atque
1001 2749 1129 2809 vtinam
1146 2747 1291 2809 licuisset
1308 2750 1343 2808 in
1360 2746 1525 2827 opusculis

330 2833 561 2894 minutioribus
576 2852 687 2894 omnes
701 2833 831 2913 explere
845 2832 989 2906 lacunas,
1005 2838 1040 2892 et
1054 2832 1143 2911 quod
1156 2832 1376 2911 deprauatum
1394 2837 1467 2892 erat
1481 2829 1525 2892 ad

331 2915 465 2995 plenum
479 2918 662 2979 restituere.
705 2916 779 2979 Imo
792 2918 921 2978 vtinam
936 2915 1049 2978 liceret
1066 2917 1177 2979 omnia
1193 2934 1278 2996 quae
1295 2916 1330 2977 in
1346 2915 1444 2977 huius
1462 2914 1525 2976 1111

330 2999 614 3062 lucubrationibus
627 3001 855 3063 desiderantur
870 3001 1055 3080 adiungere.
1537 3008 1587 3059 280

372 3082 467 3145 Certe
482 3085 639 3164 quicquid
653 3085 696 3146 ab
710 3085 795 3146 Aldo
806 3085 872 3146 fuit
885 3084 1042 3157 aeditum,
1059 3084 1110 3145 hic
1124 3089 1159 3145 et
1173 3083 1314 3145 solidum
1329 3082 1478 3155 hahetur,
1490 3087 1525 3142 et

332 3167 439 3228 multo
456 3169 657 3247 castigatius,
678 3168 817 3246 denique
831 3168 925 3247 longe
939 3169 1059 3229 minori
1073 3168 1182 3247 precio
1198 3166 1354 3246 parabile.
1394 3166 1434 3227 Id
1451 3184 1525 3226 meo

331 3249 476 3330 periculo
500 3270 567 3312 non
591 3251 740 3312 dubitem
762 3250 916 3330 polliceri,
938 3270 1111 3331 meamque
1132 3250 1229 3312 fidem
1254 3250 1350 3312 facile
1370 3249 1525 3329 probabit

331 3333 469 3412 diligens
483 3334 610 3408 motor,
626 3336 653 3395 si
668 3353 735 3396 non
744 3334 937 3413 grauabitur
951 3334 1106 3396 conferre.
1150 3334 1222 3395 Iam
1233 3335 1262 3394 si
1275 3335 1349 3413 quis
1359 3331 1526 3412 expendat

331 3419 466 3495 quantis
477 3417 604 3496 vigiliis,
619 3420 753 3497 quantis
766 3418 949 3491 sudoribus,
964 3420 1099 3497 quantis
1112 3419 1212 3479 etiam
1224 3416 1397 3497 impendiis
1408 3421 1526 3495 parata
1538 3424 1587 3485 185

332 3501 376 3560 111
400 3500 480 3561 haec
502 3502 657 3562 studiosis
683 3502 834 3564 omnibus
858 3502 1084 3575 commoditas,
1107 3501 1268 3562 fatebitur
1290 3499 1469 3580 plurimum
1491 3503 1526 3559 et

331 3583 455 3645 fauoris
469 3590 504 3645 11
517 3586 642 3663 gratiae
656 3585 767 3646 deberi
781 3585 897 3645 Ioanni
911 3584 1054 3658 Bebelio,
1069 3586 1127 3664 qui
1140 3604 1242 3664 quum
1257 3585 1370 3663 possit,
1385 3582 1525 3644 aliorum

330 3666 490 3746 exemplo,
506 3667 633 3729 friuolis
641 3687 679 3729 ac
693 3687 770 3729 mox
780 3668 966 3729 emorituris
975 3667 1094 3728 libellis
1103 3668 1217 3728 venari
1225 3685 1378 3746 praesens
1388 3665 1524 3738 lucrum,

332 3750 450 3812 maluit
470 3752 504 3810 in
524 3754 667 3832 egregios
684 3757 816 3812 autores
833 3752 1010 3811 maximam
1028 3749 1226 3811 facultatum
1244 3768 1377 3811 suarum
1396 3755 1525 3828 partem

332 3834 519 3913 periclitari.
557 3835 665 3896 Lacon
676 3833 731 3895 ille
740 3834 820 3895 nihil
829 3834 1022 3895 morabatur
1030 3833 1163 3894 diuitias
1175 3833 1216 3894 de
1223 3833 1359 3894 funibus
1368 3832 1506 3912 pensiles
1517 3852 1524 3892 :
1538 3853 1588 3901 290

332 3917 390 3977 sed
404 3918 494 3979 haud
508 3919 574 3979 scio
588 3938 630 3978 an
644 3918 818 3979 incertiora
828 3918 896 3979 sint
906 3935 990 3997 quae
1001 3916 1146 3996 pendent
1156 3917 1197 3978 de
1208 3916 1339 3977 chartis.
1375 3915 1526 3995 Aequum

332 4007 383 4061 est
402 4007 514 4062 autem
528 4006 568 4061 11
585 4020 696 4062 omnes
712 4000 883 4062 literarum
901 4000 1040 4061 studiosi
1054 4000 1170 4061 talium
1184 4001 1331 4060 virorum
1345 3999 1526 4060 industriae

332 4083 478 4156 faueant,
490 4090 524 4145 et
532 4083 675 4145 iauendo
685 4084 728 4145 ad
738 4083 857 4144 similia
868 4082 1021 4144 audenda
1031 4083 1187 4144 studeant
1198 4082 1382 4143 accendere.
1418 4080 1459 4142 Id
1469 4081 1527 4143 fiet

333 4168 362 4226 si
386 4174 513 4246 quanto
537 4167 647 4229 studio
668 4166 723 4228 ille
748 4172 880 4228 tantum
902 4166 1094 4228 thesaurum
1119 4165 1226 4239 offert,
1248 4171 1346 4227 tanta
1365 4165 1527 4227 auiditate

656 4339 715 4390 273.
733 4325 895 4377 tralationis
906 4343 939 4375 a:
957 4325 1153 4376 translationis
1164 4324 1202 4376 N.

367 4581 459 4641 256-7.
477 4575 905 4642 magnoamebanturJBoniiace
957 4590 988 4640 13
999 4589 1116 4626 1111111.
1151 4574 1318 4626 Thevelues
1326 4589 1393 4638 may
1404 4573 1528 4639 perhaps

334 4644 492 4694 Amerbach
504 4659 570 4708 says
582 4645 648 4694 that
659 4643 784 4694 whereas
799 4644 834 4694 he
848 4644 905 4693 had
956 4644 991 4693 be
1017 4642 1169 4693 estimated
1196 4642 1271 4693 irom
1298 4642 1348 4692 the
1376 4641 1435 4690 lact
1462 4641 1528 4691 that

334 4718 367 4762 to
390 4726 448 4776 pay
473 4725 502 4760 12
529 4726 637 4761 crowns
660 4710 705 4761 ior
729 4710 779 4760 the
803 4710 905 4761 Aldine
954 4709 1355 4775 Boniiaoeregardsacrown
1370 4707 1482 4758 aweek
1496 4722 1529 4758 as

334 4777 480 4836 Aristotle,
500 4778 551 4828 the
568 4776 657 4827 Bebel
679 4776 787 4828 edition
808 4781 905 4827 costa
954 4773 1374 4840 ahighpriceiorboardandl
1432 4775 1438 4786 '
1484 4774 1530 4825 ior

333 4859 442 4894 11111111
461 4844 555 4906 (Baelo
575 4844 633 4895 ΜΒ.
653 4842 683 4894 C.
707 4843 772 4894 v1·.
789 4857 831 4909 54.
852 4844 904 4908 14).
954 4844 979 4893 E
1001 4842 1119 4894 horinus
1141 4843 1171 4893 in
1193 4842 1276 4893 Basle
1299 4840 1395 4903 (Baelo
1467 4878 1474 4892 .
1496 4841 1527 4892 0.

334 4912 419 4961 From
447 4911 568 4961 another
595 4910 682 4962 letter
711 4911 742 4961 oi
771 4910 906 4961 Boniiace
998 4913 1021 4959 ⁸.
1035 4923 1076 4974 73.
1089 4911 1159 4974 234).

333 4977 532 5038 (BasleMflAE.
541 4977 608 5028 VI⁸.
617 4991 660 5043 54.
669 4977 905 5039 olwelearnthat
987 4990 1046 5038 290.
1064 4975 1170 5038 111111]
1205 4974 1356 5039 epoptes,
1395 4973 1458 5026 Lib.
1497 4973 1528 5036 ii,

333 5044 384 5095 the
397 5044 509 5095 Froben
524 5044 861 5111 Augustinewaaprioed
871 5049 905 5096 at
954 5041 1158 5108 31νωῦ4111145.
