4042 5900
433 654 473 716 aa
760 653 1261 720 nnrmnsornnasuus
1537 660 1633 737 [1530

433 814 560 885 turmis,
589 815 704 874 statim
732 814 828 875 adest
855 816 913 894 qui
941 814 1022 877 mihi
1051 835 1072 877 a
1096 821 1188 895 tergo
1216 815 1315 877 letale
1343 814 1464 877 vulnus
1493 816 1631 897 infligat.

433 894 553 976 Scripsi
574 896 770 969 Diatribam‚
789 898 925 960 obortus
946 904 997 959 est
1018 896 1154 960 Stunica
1173 917 1249 960 cum
1268 899 1336 960 suis
1358 899 1631 961 conclusionibus.

387 1005 421 1056 30
433 977 553 1059 Scripsi
579 980 848 1060 Hyperaspisten,
877 987 1012 1043 exortus
1037 988 1088 1043 est
1117 981 1231 1043 Bedda
1259 1000 1335 1043 curn
1362 983 1430 1043 suis
1459 982 1632 1045 vinulentis

433 1062 612 1124 calumniis.
643 1060 762 1143 Scripsi
770 1071 886 1125 contra
895 1064 1085 1126 Vulturium
1093 1071 1128 1125 et
1137 1065 1308 1138 Buccrum‚
1319 1071 1516 1128 exortusest
1524 1066 1633 1128 denuo

432 1144 588 1206 Albertus
603 1146 698 1219 Pins;
722 1148 778 1225 qui
794 1148 885 1227 prius
907 1147 1024 1208 aeditis
1039 1148 1168 1209 addidit
1187 1150 1311 1210 iustum
1329 1148 1493 1223 volumen,
1509 1150 1545 1210 in
1566 1168 1633 1229 quo

433 1228 564 1307 collegit
578 1248 619 1289 ex
634 1230 785 1291 omnibus
800 1232 930 1310 scriptis
945 1232 1025 1291 meis
1038 1251 1123 1311 quae
1134 1232 1290 1293 videntur
1300 1232 1411 1293 affinia
1421 1231 1633 1312 dogmatibus

433 1311 634 1392 improbatis.
678 1313 782 1392 Atqui
802 1315 829 1374 si
849 1313 958 1394 placet
977 1314 1212 1394 reprehendere
1234 1316 1354 1388 affinia,
1376 1334 1479 1394 quum
1502 1335 1633 1378 summa

387 1420 419 1469 35
433 1396 554 1456 veritas
570 1396 614 1456 sit
633 1396 738 1456 affinis
757 1396 907 1469 falsitati,
929 1397 1085 1477 polliceor
1106 1417 1158 1458 mc
1180 1397 1394 1460 collecturum
1415 1398 1632 1461 articulorum

432 1478 499 1540 duo
513 1478 604 1539 milia
618 1499 659 1539 ex
671 1480 817 1541 Decretis
832 1480 1039 1554 Pontificum,
1055 1500 1138 1559 eque
1152 1482 1458 1561 probatissimorum
1467 1482 1634 1544 Ecclesiae

432 1561 604 1622 doctorum
630 1564 860 1636 monumentis,
886 1570 925 1624 vt
950 1565 1105 1625 omittam
1128 1564 1331 1644 σκανδαλώδη
1356 1570 1392 1625 et
1414 1567 1634 1627 irreuerenter

432 1645 530 1706 dicta.
577 1645 680 1724 Atqui
696 1646 763 1707 tale
777 1652 827 1707 est
842 1653 1073 1726 argumentum
1093 1647 1183 1726 quod
1205 1650 1348 1727 suscepit
1370 1649 1448 1710 Pius
1469 1655 1510 1709 vt
1531 1651 1559 1709 si
1581 1668 1634 1711 mc

431 1730 512 1789 totis
537 1729 662 1790 viribus
686 1748 818 1808 pergam
841 1731 936 1803 tueri,
965 1749 1024 1809 per
1047 1732 1249 1792 occasionem
1277 1751 1413 1792 noceam
1438 1750 1558 1793 causae
1581 1734 1635 1793 cui

385 1835 419 1887 40
430 1811 537 1886 laneo,
553 1813 710 1891 cuiusque
723 1814 830 1891 gratia
843 1812 984 1874 duarum
1003 1820 1168 1876 sectarum
1187 1814 1452 1876 irreconciliabile
1465 1815 1581 1877 odium
1600 1817 1636 1877 in

431 1914 684 1975 meprouocau1.

473 1977 507 2039 Si
521 1979 601 2058 quid
616 1979 771 2039 acciderit
785 1980 958 2052 tumultus,
974 1999 1030 2040 ero
1050 1981 1136 2042 inter
1155 1981 1277 2060 primas
1296 1981 1448 2043 victimas
1469 1980 1635 2062 Zuinglia·

431 2081 549 2123 norum
572 2069 607 2123 et
632 2062 890 2136 Luteranorum;
913 2082 1105 2142 quanquam
1133 2064 1195 2125 hoo
1215 2062 1312 2125 citius
1333 2065 1452 2145 patiar,
1471 2084 1574 2144 quam
1595 2071 1636 2127 vt

431 2145 570 2207 diuellar
584 2166 605 2207 a
620 2147 735 2207 castris
751 2145 913 2207 Ecclesiae
932 2145 1130 2208 Catholicae.
1175 2147 1291 2209 Nullos
1311 2147 1425 2227 collegi
1444 2147 1635 2228 discipulos,

386 2249 418 2302 45
431 2228 514 2290 nulli
539 2235 646 2290 sectae
671 2236 793 2290 memet
818 2229 940 2303 addixi,
962 2235 1096 2291 tantum
1119 2230 1261 2292 inuidiae
1284 2237 1482 2311 tantumque
1504 2233 1635 2311 pericn-

431 2312 537 2373 lorum
553 2332 652 2373 senex
667 2318 701 2373 et
715 2312 975 2374 valetudinarius
993 2315 1066 2393 pati
1080 2314 1182 2375 malui
1197 2333 1296 2393 qnam
1311 2314 1452 2393 digitum
1466 2314 1574 2377 latum
1590 2316 1635 2378 ab

431 2395 691 2457 orthodoxorum
711 2397 874 2456 consortio
894 2396 1050 2458 recedere.
1095 2398 1215 2475 Itaque
1237 2405 1276 2459 vt
1293 2397 1408 2459 demus
1423 2400 1458 2459 in
1473 2403 1526 2461 tot
1541 2398 1637 2461 libris

432 2478 557 2557 aliquid
571 2499 592 2539 a
606 2498 658 2540 me
672 2480 830 2559 scriptum
851 2480 1023 2552 incautius,
1039 2485 1152 2541 tamen
1169 2481 1221 2542 hio
1240 2482 1369 2542 animus
1383 2483 1637 2562 promerebatur

431 2562 603 2641 aliquanto
618 2564 773 2623 maiorem
791 2563 948 2623 fauorem.
993 2562 1066 2624 Scio
1085 2564 1242 2643 quicquid
1261 2566 1330 2644 agit
1352 2565 1439 2639 Pius,
1461 2572 1580 2628 autore
1599 2574 1637 2629 et

386 2665 419 2714 50
431 2645 582 2707 adiutore
600 2646 803 2725 Hieronymo
816 2645 1039 2707 Alexandrino
1053 2665 1165 2726 agere:
1189 2648 1242 2708 cui
1255 2648 1347 2710 nulla
1360 2654 1412 2709 est
1431 2668 1530 2711 causa
1547 2669 1637 2730 quur

431 2729 512 2790 mibi
530 2728 617 2790 male
634 2728 724 2802 velit,
743 2735 821 2790 sunt
842 2728 971 2808 aliquot
992 2749 1078 2807 quur
1100 2729 1181 2791 bene
1203 2730 1287 2791 velle
1308 2730 1437 2793 debeat.
1481 2730 1566 2794 (ium
1585 2733 1637 2795 illi

430 2811 566 2873 fortuna
584 2820 669 2873 esset
690 2812 792 2885 nulla,
814 2813 1010 2892 profuerunt
1031 2812 1080 2873 illi
1102 2813 1402 2875 commendationes
1424 2834 1533 2877 meae:
1557 2816 1635 2878 dein

431 2895 654 2976 compluribus
668 2897 701 2957 in
716 2895 795 2957 locis
809 2895 1020 2958 honorificam
1034 2896 1122 2960 illius
1135 2897 1221 2959 facio
1235 2898 1443 2960 mentionem.

473 2978 565 3040 Haec
580 2981 613 3040 in
628 2981 734 3041 sinum
755 2982 842 3040 vnici
863 2982 995 3060 patroni
1015 2982 1088 3054 mei,
1104 3001 1202 3059 quem
1221 3001 1349 3061 semper
1365 2983 1447 3043 mihi
1461 2982 1634 3046 fauentem

385 3084 418 3134 55
431 3071 586 3142 expertus
602 3083 684 3135 sum,
700 3063 866 3124 effundere
881 3065 988 3124 visum
1003 3070 1072 3137 est;
1095 3069 1135 3124 vt
1149 3064 1283 3142 quando
1297 3067 1466 3145 superiora
1484 3068 1635 3130 reuocari

431 3164 498 3208 non
513 3152 652 3225 possunt
668 3148 744 3224 (iam
759 3149 845 3207 enim
861 3147 911 3207 Pii
926 3147 1007 3208 liber
1027 3146 1223 3225 excuditur),
1238 3149 1273 3208 in
1292 3154 1460 3228 posterum
1479 3151 1635 3214 cohibeas

432 3229 562 3291 illorum
577 3229 663 3291 ieras
678 3231 827 3308 querelas
841 3230 894 3290 vel
910 3230 1171 3292 insimulationes
1190 3233 1311 3311 potius,
1334 3232 1414 3293 mihi
1433 3234 1635 3312 periculosas

432 3313 460 3374 si
474 3313 681 3386 obticescam,
697 3314 740 3374 ad
755 3313 971 3374 cohercendas
985 3313 1136 3374 haereses
1150 3313 1284 3375 inutiles
1299 3316 1326 3375 si
1340 3316 1565 3395 respondeam.

473 3395 569 3469 Quod
583 3395 791 3457 ecclesiasten
807 3397 1038 3457 Thannensem
1058 3417 1099 3457 cx
1122 3417 1195 3458 mea
1214 3398 1499 3461 commendatione
1516 3403 1634 3464 statim

386 3490 420 3538 60
431 3479 613 3553 absoluisti,
629 3480 734 3540 habeo
748 3482 888 3559 gratiam
904 3481 1105 3541 humanitati
1116 3486 1204 3553 tuae,
1214 3481 1295 3541 mihi
1305 3500 1372 3542 non
1386 3501 1473 3544 nunc
1488 3485 1634 3564 primum

431 3568 595 3642 expertae.
640 3563 714 3625 Non
730 3583 819 3623 eram
834 3563 884 3624 his
899 3563 1019 3624 litteris
1030 3563 1299 3643 interpellaturus
1314 3566 1545 3644 occupationes
1556 3574 1635 3630 tuas

432 3651 467 3707 et
480 3647 639 3726 plurimas
654 3654 689 3707 et
702 3647 919 3725 grauissimas,
935 3648 997 3707 nisi
1013 3647 1121 3708 denuo
1136 3649 1282 3709 iussisses
1297 3653 1336 3709 vt
1350 3648 1532 3712 scriberem.

475 3728 508 3790 Si
522 3730 602 3807 quid
616 3729 668 3790 hic
680 3749 787 3808 pecco,
804 3730 856 3790 vel
871 3729 1027 3808 obsequio
1042 3730 1294 3793 condonandum
1309 3737 1370 3806 est,
1386 3732 1439 3793 vel
1455 3741 1635 3815 conceptae

433 3813 498 3873 iam
513 3813 591 3873 olim
606 3812 646 3873 de
662 3813 818 3892 singulari
833 3813 983 3874 bonitate
998 3819 1059 3875 tua
1073 3813 1220 3876 fiduciae.
1266 3815 1307 3876 R.
1324 3815 1364 3878 D.
1381 3816 1418 3877 Τ.
1434 3816 1634 3881 incolumem

386 3906 419 3967 65
432 3895 669 3976 florentemque
683 3904 819 3959 tueatur
833 3897 993 3960 Dominus
1008 3897 1109 3958 lesus.

475 3979 600 4041 Datum
616 3980 705 4061 apud
721 3981 916 4061 Friburgum
932 3982 1106 4061 Brisgoiae.
1150 3979 1213 4041 An.
1229 3996 1386 4043 mnxxx.

466 4102 541 4154 42-3.
561 4089 789 4154 Zuinglianorum
809 4097 840 4140 et
859 4090 1068 4140 Lateranorum
1086 4088 1124 4139 J:
1151 4087 1287 4143 ἐπινικίους
1306 4090 1345 4141 K.
1429 4105 1471 4155 49.
1489 4092 1553 4145 Scio
1571 4131 1579 4145 .
1599 4133 1633 4146 ..

432 4168 475 4219 53.
494 4155 668 4205 mentionem
680 4172 732 4207 om.
745 4157 782 4206 K.
853 4169 894 4218 57.
914 4157 989 4206 ieras
1001 4156 1182 4220 scripsimus:
1201 4172 1278 4207 seras
1290 4155 1320 4207 J.

465 4305 508 4354 44.
526 4287 709 4350 diuellarlcf.
722 4289 777 4354 Ep.
790 4292 865 4351 2366.
879 4304 940 4352 5911.
1091 4305 1133 4353 53.
1151 4290 1336 4352 mentionem]
1361 4291 1453 4342 There
1481 4308 1530 4344 are
1557 4311 1633 4349 eom.

466 4370 509 4420 50.
524 4355 727 4417 Alexandrino]
733 4356 775 4406 cf.
783 4356 837 4422 Ep.
845 4370 918 4419 2329.
929 4360 1005 4407 10611.
1079 4357 1231 4421 limentery
1240 4357 1396 4408 references
1408 4365 1460 4410 not
1470 4361 1577 4426 onlyin
1589 4365 1636 4418 his

466 4438 508 4488 5²·
525 4422 794 4485 commendationes]
822 4422 914 4473 When
942 4424 1005 4475 Ale·
1058 4373 1166 4483 litters,
1185 4424 1239 4474 but
1255 4438 1308 4488 ag.
1326 4424 1356 4473 in
1373 4426 1425 4475 the
1439 4427 1551 4492 Adooio
1567 4445 1635 4500 ¹034

432 4490 522 4542 ander
533 4489 585 4540 leit
597 4488 674 4554 Italy
685 4496 717 4540 to
728 4505 764 4555 go
775 4489 893 4540 toParis
901 4491 930 4540 in
941 4493 1005 4553 1508
1057 4490 1116 4541 and
1126 4490 1286 4549 elsewhere,
1298 4505 1345 4540 sce
1357 4491 1381 4540 Ε
1405 4530 1411 4541 .
1427 4505 1500 4558 1195.
1513 4509 1575 4558 52n.

432 4557 570 4607 Erasmus
580 4571 650 4621 gave
659 4556 718 4605 him
729 4555 860 4606 valuable
868 4555 967 4607 letters
975 4559 1006 4608 oi
1091 4571 1133 4620 59.
1151 4557 1342 4619 ecclesiasten]
1355 4507 1406 4610 νζ
1415 4558 1549 4616 bevenot
1560 4565 1635 4619 been

432 4623 636 4682 introduction,
648 4637 695 4673 see
706 4621 782 4688 Epp.
794 4634 865 4684 1195.
874 4636 916 4686 51,
929 4638 1005 4689 ²443·
1058 4624 1122 4675 able
1132 4630 1164 4674 to
1175 4624 1306 4689 identity.
