4042 5900
316 682 412 761 2451]
714 677 771 741 ιο
790 677 947 742 somus
969 677 1113 741 prauo
1450 679 1509 740 ra:

359 838 431 900 Tua
453 838 493 899 de
512 838 666 918 principis
686 856 764 917 erga
784 856 837 899 me
858 836 968 899 studio
989 854 1214 918 propensaque
1235 835 1410 898 voluntate
1430 835 1511 897 mihi
1523 862 1557 913 30

315 921 460 983 iucunda
473 922 538 983 fuit
552 923 654 1001 magis
668 940 768 1001 quam
787 922 968 983 necessaria
984 920 1182 982 testificatio.
1226 919 1292 982 Tot
1309 921 1511 1000 argumentis

316 1004 404 1066 illius
418 1007 451 1066 in
466 1024 598 1066 menon
612 1005 710 1067 modo
725 1004 996 1076 beneuolentiam,
1012 1003 1068 1065 sed
1087 1009 1123 1064 et
1139 1004 1297 1083 pietatem
1317 1003 1510 1082 iampridem

316 1089 522 1168 exploratam
543 1095 578 1149 et
598 1094 803 1168 perspectam
824 1088 936 1149 habeo.
980 1087 1100 1165 ltaque
1120 1086 1300 1148 mihi'nihil
1320 1105 1424 1165 aeque
1437 1106 1509 1166 per·

316 1191 450 1233 suasum
464 1178 515 1233 est
529 1191 638 1250 quam,
653 1172 809 1251 quicquid
822 1172 857 1232 in
871 1171 933 1232 hae
947 1190 1047 1232 causa
1059 1170 1147 1243 iecit,
1162 1170 1206 1231 ab
1223 1171 1417 1232 ιιιιιίιίιιίιιιο
1435 1189 1509 1250 pro·

315 1254 441 1316 lectum
455 1256 564 1317 animo
577 1255 685 1316 fuisse.
722 1254 790 1316 Nec
802 1254 845 1316 ob
859 1254 893 1316 id
906 1254 974 1333 pilo
988 1256 1097 1315 minus
1111 1272 1163 1314 me
1177 1252 1265 1314 illius
1278 1253 1509 1314 humanissime
1522 1276 1555 1328 35

317 1338 503 1399 celsitudini
524 1338 641 1400 debere
661 1344 755 1418 puto,
776 1338 867 1417 quod
887 1356 938 1398 res
960 1338 995 1397 in
1016 1337 1180 1399 diuersum
1205 1337 1310 1398 cessit.
1353 1337 1509 1398 Animum

316 1428 464 1501 spectare
478 1421 581 1494 decet,
593 1441 660 1482 non
671 1423 806 1483 exitum.
843 1420 950 1495 Quare
957 1421 1125 1499 quodtam
1136 1419 1308 1499 diligenter
1315 1420 1509 1500 persuadere

315 1506 429 1566 niteris
450 1504 669 1567 illustrissimo
690 1504 766 1566 duci
787 1503 869 1565 nihil
891 1503 982 1565 aliud
1001 1504 1101 1564 fuisoe
1120 1504 1325 1584 propositum
1345 1521 1444 1583 quam
1459 1509 1508 1576 vt,

315 1588 396 1649 dum
406 1607 514 1649 meam
528 1595 730 1650 senectutem
743 1587 786 1648 ab
801 1587 852 1648 his
862 1587 969 1649 turbis
982 1588 1107 1660 asserit,
1116 1592 1151 1648 et
1164 1587 1348 1648 studiorum
1363 1606 1509 1648 meorum

315 1671 561 1750 tranquillitati,
583 1678 618 1732 et
639 1671 798 1751 publicae,
818 1676 858 1732 vt
871 1672 929 1743 ais,
945 1670 1084 1732 vtilitati
1098 1670 1258 1743 consulat,
1279 1668 1450 1732 honestam
1469 1676 1508 1732 tu
1521 1697 1556 1748 4⁰

315 1754 459 1833 quidem,
474 1756 525 1815 vir
539 1756 671 1835 egregie,
686 1754 744 1815 sed
757 1773 994 1834 superuacuam
1008 1773 1141 1833 operam
1154 1755 1265 1814 sumis.

358 1836 454 1911 Quod
467 1843 579 1899 autem
594 1838 706 1899 scribis
720 1837 782 1898 hoc
796 1843 909 1899 actum
923 1843 963 1898 ιι
976 1836 1032 1898 ille
1046 1838 1192 1916 praecisa
1201 1838 1340 1898 materia
1351 1837 1418 1898 litis
1429 1837 1509 1898 mihi

316 1922 486 2000 negocium
506 1940 572 1982 non
589 1922 770 1994 facesseret,
792 1926 853 1981 aut
873 1922 901 1981 si
921 1919 1104 1992 facesseret,
1124 1920 1158 1980 id
1176 1920 1207 1980 ei
1225 1920 1294 1980 aine
1312 1920 1429 1982 fraude
1443 1939 1509 1982 non

315 2009 403 2065 esset
417 2011 479 2065 etc.
492 2025 499 2066 :
521 2004 565 2066 ad
579 2004 638 2066 heo
655 2005 785 2083 aliaque
799 2004 896 2065 huius
909 2004 1036 2082 generis
1049 2003 1191 2064 arbitror
1205 2008 1239 2064 te
1249 2022 1315 2064 non
1326 2003 1509 2065 desiderare

314 2106 517 2167 responsum,
535 2090 564 2149 si
582 2087 681 2150 modo
698 2086 836 2148 schedae
855 2086 974 2165 quibus
994 2086 1039 2147 ad
1060 2092 1154 2148 tuam
1175 2087 1315 2166 priorem
1336 2086 1508 2166 epistolam
1521 2112 1555 2163 4⁵

316 2172 466 2251 rescripsi
487 2171 549 2232 tibi
570 2171 717 2232 redditae
735 2177 823 2243 sunt,
843 2175 904 2232 aut
924 2171 953 2230 si
972 2189 1028 2230 eas
1049 2176 1109 2231 tua
1129 2169 1268 2232 lectione
1289 2170 1443 2249 dignatus
1464 2190 1508 2232 es.

316 2254 386 2315 Nec
406 2256 493 2315 enim
514 2274 567 2316 me
587 2254 673 2334 fugit
697 2274 797 2333 quam
821 2273 889 2315 non
910 2255 1083 2332 capiantur
1104 2253 1265 2315 eiusmodi
1285 2254 1364 2313 rixis
1380 2254 1510 2333 ingenia

315 2357 479 2417 generosa.
523 2337 618 2412 Quod
632 2340 659 2398 si
673 2338 795 2398 nemini
813 2336 993 2417 persuadeo
1012 2342 1213 2398 monstrosas
1235 2336 1412 2399 Thrasonis
1430 2336 1508 2399 deli-

315 2422 391 2493 tias,
403 2421 482 2500 quid
493 2421 573 2482 mihi
581 2427 738 2501 superest,
747 2421 810 2482 nisi
820 2427 860 2482 ιι
869 2419 1069 2498 Euangelico
1080 2419 1195 2499 clypeo
1203 2426 1324 2482 memet
1332 2419 1509 2494 obarmem,

315 2505 500 2583 patientia?
541 2504 623 2566 Cum
638 2511 691 2566 tot
704 2505 791 2565 enim
807 2505 964 2565 monstris
982 2503 1063 2563 mihi
1084 2523 1135 2564 res
1153 2509 1213 2576 est,
1228 2509 1268 2564 ιι
1280 2505 1347 2565 iam
1361 2503 1511 2565 debuerit
1523 2527 1557 2578 5ο

315 2588 446 2648 animus
467 2587 511 2649 ad
531 2589 596 2649 ista
613 2587 810 2649 occalluisse.
854 2586 917 2648 Sed
935 2592 1048 2648 tamen
1069 2588 1199 2648 interim
1220 2585 1275 2647 ille
1296 2607 1337 2648 ex
1356 2588 1511 2685 principis

315 2671 448 2749 tuisque
461 2670 580 2732 litteris
593 2670 739 2732 fructum
753 2670 832 2732 tulit
842 2689 940 2749 quem
951 2669 1092 2767 optabat
1101 2670 1291 2732 maximum.
1327 2669 1413 2744 Quid
1423 2670 1510 2731 euim

316 2752 485 2849 illipotuit
495 2755 639 2816 accidere
645 2754 827 2851 gloriosius,
840 2773 939 2833 quam
955 2755 982 2814 si
997 2753 1163 2814 tantifieri
1173 2752 1334 2825 videatur,
1346 2760 1385 2815 vt
1396 2759 1511 2815 tantus

316 2837 475 2916 princeps,
498 2842 601 2916 tuque
620 2839 671 2898 vir
684 2836 728 2898 ob
742 2837 877 2898 eximias
895 2838 1037 2898 virtutes
1055 2843 1090 2897 et
1111 2836 1218 2898 clarus
1238 2843 1273 2897 et
1294 2838 1455 2916 gratiosus
1476 2843 1511 2897 et

316 2920 407 2999 apud
421 2920 615 2983 monarchas
628 2922 809 2983 autoritate
826 2919 962 3001 pollens,
977 2919 1105 2982 labores
1122 2919 1163 2982 de
1180 2920 1342 3018 placando
1356 2920 1511 2982 leuissimi
1523 2943 1556 2995 55

315 3006 456 3083 nugonis
471 3006 589 3066 animo.
632 3003 778 3066 Conatus
792 3011 843 3066 est
857 3010 892 3065 et
905 3004 987 3066 alios
1001 3004 1148 3066 eruditos
1167 3005 1320 3077 excitare,
1335 3010 1375 3065 ιι
1389 3004 1450 3065 hac
1469 3004 1511 3066 de

316 3106 352 3147 re
381 3106 438 3166 per
466 3087 594 3150 litteras
623 3108 751 3150 mecum
775 3093 918 3167 agerent.
961 3085 1026 3149 Sed
1054 3088 1144 3167 piget
1174 3087 1291 3149 harum
1319 3089 1510 3149 naeniarum

316 3172 509 3232 meminisse.
547 3172 766 3250 Posteaquam
778 3171 839 3232 hoo
853 3170 925 3232 fato
939 3177 1038 3232 natus
1053 3191 1135 3243 sum,
1147 3172 1241 3232 iuuat
1251 3172 1345 3231 intui
1356 3171 1510 3232 similium

316 3255 461 3315 virorum
476 3256 623 3316 amicicia
637 3256 870 3334 conquiescere,
885 3273 968 3332 quos
982 3254 1087 3315 habeo
1101 3273 1168 3315 non
1182 3260 1253 3315 tam
1271 3274 1392 3333 paucos
1411 3274 1511 3334 quam

315 3336 415 3397 multi
429 3337 491 3398 sibi
509 3338 716 3417 persuadent.
761 3337 850 3399 Tuae
869 3356 948 3398 vero
968 3336 1216 3398 necessitudinis
1236 3339 1463 3411 accessionem,
1483 3340 1558 3399 sito

316 3420 396 3499 quid
419 3420 500 3482 mihi
523 3422 637 3494 credis,
662 3422 765 3501 pluris
788 3421 873 3483 facio
901 3440 1001 3499 quam
1027 3422 1054 3481 si
1076 3421 1264 3499 contigisset
1293 3421 1511 3483 sacerdotium

316 3504 500 3582 quamlibet
522 3507 677 3584 opimum.
720 3504 773 3566 Ad
796 3524 870 3565 eam
892 3503 1045 3565 alendam
1074 3523 1140 3566 non
1168 3503 1311 3565 arbitror
1335 3524 1417 3584 opus
1441 3524 1511 3566 esse

315 3586 430 3648 multis
452 3588 572 3648 officiis.
617 3586 676 3649 Sat
697 3590 759 3649 erit
781 3589 809 3648 si
828 3586 966 3648 subinde
986 3589 1110 3648 mutuis
1129 3587 1249 3648 litteris
1263 3589 1434 3648 excitetur.
1478 3587 1512 3650 si

315 3668 396 3748 quid
411 3676 523 3731 tamen
537 3673 600 3732 erit
614 3673 648 3731 in
662 3691 729 3750 quo
739 3690 858 3749 queam
868 3672 978 3731 animo
988 3677 1049 3732 tuo
1057 3671 1226 3731 autetiam
1236 3677 1369 3731 tuorum
1380 3677 1511 3750 gratum

315 3752 432 3826 iacere,
448 3754 528 3814 nihil
543 3756 606 3815 erit
620 3755 709 3833 quod
722 3774 789 3815 non
803 3753 955 3815 alacriter
969 3774 1007 3814 ac
1022 3753 1173 3815 lubenter
1187 3773 1260 3814 sum
1274 3761 1511 3833 praestaturus,
1524 3765 1557 3826 65

316 3836 415 3897 modo
434 3836 585 3898 fueritin
605 3857 680 3898 mea
700 3842 875 3916 potestate,
891 3838 919 3897 si
936 3836 990 3897 vel
1004 3837 1064 3898 abs
1079 3844 1113 3898 te
1132 3839 1277 3899 monitus
1294 3837 1395 3911 fuero,
1411 3838 1465 3899 vel
1484 3840 1512 3899 si

316 3938 386 3980 sese
400 3918 527 3981 dederit
541 3922 758 4000 oportunitas.
802 3920 878 4000 legi
892 3939 972 3980 vero
986 3940 1086 4000 quam
1104 3920 1169 3981 fers
1184 3939 1262 3981 sane
1277 3940 1377 3999 quam
1396 3921 1512 3983 lubens

315 4002 494 4076 subscribo,
510 4010 549 4064 vt
563 4005 597 4063 in
612 4005 758 4065 amicicia
772 4009 895 4076 nostra,
910 4003 1004 4064 velut
1017 4005 1084 4065 iam
1098 4002 1249 4083 legitimis
1263 4005 1415 4083 auspiciis
1429 4006 1512 4066 inita

315 4087 474 4164 iustisque
488 4089 632 4148 numeris
646 4086 848 4159 confirmata,
867 4086 1003 4148 laudum
1023 4089 1205 4167 reciprocae
1225 4087 1322 4161 vices,
1344 4090 1513 4150 excusatio

316 4169 385 4230 stili
399 4169 612 4248 neglectioris,
627 4176 662 4231 et
676 4171 704 4231 si
718 4170 798 4249 quid
811 4170 902 4231 aliud
912 4177 963 4231 est
974 4170 1071 4231 huius
1079 4172 1214 4250 generis,
1225 4171 1260 4232 id
1268 4190 1363 4233 omne
1374 4171 1512 4251 posthae
1524 4192 1558 4242 70

316 4252 486 4315 sublatum
515 4255 568 4314 sit.
612 4253 658 4315 Vt
681 4253 901 4315 illustrissimo
926 4255 1065 4334 principi
1086 4273 1139 4316 me
1163 4254 1282 4316 reddas
1306 4254 1511 4317 commenda-

350 4425 392 4473 3o.
410 4413 640 4462 commemoratio
655 4419 718 4475 post
734 4411 885 4463 voluntate
899 4412 963 4462 odd.
977 4411 1024 4476 8¹:
1043 4429 1096 4464 om.
1112 4412 1143 4463 J.
1211 4426 1253 4476 31.
1271 4413 1511 4464 testificatioadd.

317 4477 383 4527 o¹J:
401 4476 492 4541 om..8
553 4492 594 4541 33.
613 4478 727 4528 etaN¹.
745 4477 863 4529 aoJN³.
921 4481 963 4541 36.
981 4478 1160 4540 Animum8.
1178 4480 1336 4529 Animum
1354 4479 1511 4530 AnimosJ.

316 4543 823 4662 ιιι····ι.ιιι4...ιι4
827 4543 1315 4678 :mamati
1332 4545 1512 4674 :suda

316 4690 358 4740 57
316 4624 494 4742 “agogas
504 4627 682 4741 ‹2:‹218gdd2
675 4677 797 4729 ...omJ
864 4679 907 4728 61.
911 4627 1186 4742 qdamodda&
1205 4682 1248 4730 62.
1266 4679 1414 4744 opuaodd.
1426 4679 1510 4730 02¹J

316 4743 549 4872 wint:
560 4748 602 4810 ⁶⁴
616 4715 777 4862 ffllt‘
786 4744 984 4863 tufi:
1032 4745 1513 4874 ἑ4ιιώῗῖ4ιιῗιέ4ι4ιὶἷ4ιῗ

672 5035 1154 5102 45.aohedae]seeRp.2395.211a
