4042 5900
402 658 496 733 2573]
708 654 831 717 raon
852 653 1032 716 canaan
1054 654 1299 719 cocnmuus
1536 658 1598 719 aaa

401 834 476 875 cum
491 814 579 893 apud
595 834 646 875 me
661 820 788 893 reputo,
803 833 869 875 non
884 833 1018 894 possum
1032 816 1114 876 satis
1128 816 1241 877 mirari
1259 822 1460 895 postremam
1478 817 1597 895 episto-

400 897 467 958 lam
483 905 586 970 tuam,
602 916 686 976 quae
700 897 876 959 videbatur
890 898 1000 959 nescio
1014 898 1095 977 quid
1108 899 1236 959 timoris
1251 918 1308 978 pre
1323 919 1358 960 se
1368 899 1452 960 ferre
1463 907 1599 979 propter
1612 924 1627 974 5

399 980 715 1042 Determinationem
729 979 991 1053 Sorbonicorum,
1006 1000 1091 1060 quae
1105 983 1230 1042 sisciae
1244 1001 1344 1061 quam
1358 1001 1480 1061 paucos
1495 982 1597 1043 homi-

400 1084 479 1124 num
502 1071 646 1137 moueat,
667 1071 755 1125 certe
776 1084 815 1125 ea
836 1084 935 1125 causa
957 1083 1057 1143 quam
1078 1066 1252 1126 minimum
1275 1067 1460 1127 mouereris.
1504 1066 1598 1127 Adde

400 1148 488 1227 quod
510 1155 545 1208 et
568 1148 624 1220 illi,
647 1150 704 1226 qui
727 1149 824 1208 rectis
847 1147 966 1208 studiis
988 1147 1075 1209 male
1097 1147 1225 1221 volunt,
1247 1150 1340 1209 cuius
1360 1150 1487 1229 generis
1508 1156 1597 1223 sunt,

399 1233 518 1310 quibus
534 1234 656 1293 veritas
671 1233 738 1293 tuis
753 1231 873 1292 diuinis
884 1230 1054 1292 laboribus
1064 1231 1195 1293 detecta
1205 1238 1240 1293 et
1251 1231 1323 1293 orbi
1333 1240 1466 1294 ostensa
1476 1232 1597 1293 famem

399 1316 496 1393 parit,
513 1315 607 1395 longe
627 1315 719 1376 aliud
737 1315 945 1393 expectarint
964 1314 1118 1393 exlongo
1135 1314 1193 1375 illo
1207 1322 1306 1394 partu
1328 1316 1465 1377 heroum
1479 1314 1596 1376 Sorbo·
1613 1343 1644 1377 ιο

399 1400 556 1470 nieorum,
568 1418 709 1478 quorum
721 1400 829 1458 virtus
839 1404 874 1458 et
885 1397 1048 1475 sapientia
1063 1416 1129 1458 non
1140 1399 1189 1458 ita
1200 1398 1327 1477 pridem
1338 1418 1397 1477 per
1407 1399 1596 1460 eorumdem

399 1482 706 1543 determinationem
722 1500 820 1560 super
836 1480 980 1541 diuortio
999 1482 1083 1560 regis
1103 1481 1270 1543 BritanIae
1289 1500 1355 1542 non
1378 1483 1447 1543 sine
1468 1502 1597 1543 summa

398 1585 511 1626 eorum
535 1566 672 1626 infamia
688 1565 844 1636 innotuit,
861 1570 896 1623 et
911 1582 998 1624 nuno
1016 1564 1120 1643 magis
1141 1566 1333 1637 innotescet,
1354 1566 1382 1626 si
1404 1566 1536 1644 quidem
1558 1570 1596 1627 tu

399 1649 480 1709 illud
495 1657 591 1710 vetus
612 1656 708 1709 tuum
728 1647 919 1719 obtinueris,
934 1665 976 1707 ne
995 1648 1030 1707 in
1049 1666 1148 1708 causa
1170 1649 1269 1709 toties
1290 1649 1425 1710 victrice
1446 1649 1597 1710 hostibus

398 1733 504 1805 cedas,
520 1733 578 1793 sed
592 1733 768 1793 veritatem
783 1729 882 1791 solito
899 1731 1083 1809 patrocinio
1101 1730 1251 1810 digneris.
1296 1731 1336 1791 Id
1351 1738 1441 1793 certo
1455 1733 1539 1793 scias
1553 1732 1596 1794 ab
1612 1758 1642 1807 15

398 1816 550 1876 omnibus
572 1816 748 1895 expectari,
770 1815 829 1892 qui
849 1812 911 1873 tibi
934 1812 1016 1874 bene
1041 1813 1169 1886 volunt,
1191 1835 1230 1875 ac
1254 1814 1365 1875 hostes
1388 1815 1469 1876 nihil
1493 1834 1596 1894 aeque

397 1900 485 1960 votis
514 1918 688 1978 exposcere
719 1917 819 1976 quam
849 1903 887 1957 vt
921 1895 1053 1957 silentio
1080 1897 1222 1959 videaris
1253 1917 1427 1976 agnoscere
1460 1918 1595 1972 errores,

397 2001 537 2060 quorum
567 1990 600 2043 te
628 1980 798 2043 Sorbouici
822 1978 1026 2041 insimulant.
1069 1978 1109 2041 Id
1130 1982 1159 2041 si
1183 1980 1252 2054 fiat,
1276 1982 1357 2041 satis
1377 1982 1504 2043 ducunt
1526 2001 1596 2043 esse

396 2068 520 2126 iactum
549 2065 758 2126 fundamenti
783 2064 825 2124 ad
852 2063 886 2123 id
910 2062 997 2141 quod
1023 2064 1216 2124 iamdudum
1245 2064 1437 2139 moliuntur,
1466 2072 1506 2126 vt
1533 2065 1595 2126 sub

397 2149 513 2209 vmbra
528 2149 691 2228 religionis
706 2148 818 2208 omnia
832 2146 919 2209 bona
934 2146 1046 2207 studia
1065 2153 1229 2220 auertant,
1245 2148 1308 2208 tibi
1327 2156 1487 2228 perpetua
1505 2149 1594 2228 igno·
1609 2176 1643 2212 20

396 2233 515 2293 miniae
530 2239 610 2293 nota
625 2234 745 2292 inusta.
789 2229 1009 2304 Quamobrem
1025 2230 1101 2291 vide
1115 2250 1157 2291 ne
1171 2232 1308 2310 patiaris
1321 2230 1489 2293 obscurari
1503 2239 1594 2294 ante·

396 2316 457 2376 hac
473 2315 721 2377 benefactorum
735 2313 883 2393 gloriam,
899 2318 934 2374 et
948 2314 1134 2374 memineris
1148 2320 1205 2392 τῆς
1221 2313 1361 2392 θουρίδος
1380 2314 1477 2394 ἀλκῆς
1495 2335 1595 2394 quam

396 2399 457 2459 tibi
479 2419 520 2461 ex
541 2397 785 2470 certaminibus,
805 2415 891 2475 quae
909 2396 1078 2475 quondam
1098 2396 1206 2458 tulisti
1223 2417 1290 2459 non
1304 2396 1438 2472 leuiora,
1454 2400 1594 2459 certissi-

396 2502 483 2543 mam
510 2501 719 2561 auguramur.
763 2480 853 2541 Illud
882 2480 1015 2540 interim
1041 2480 1104 2540 tibi
1128 2480 1290 2541 affirmare
1315 2500 1458 2560 possum,
1484 2482 1518 2542 in
1543 2482 1595 2542 his

395 2567 581 2644 regionibus
600 2564 681 2625 nihil
701 2565 877 2643 quicquam
897 2582 966 2624 esse
985 2562 1242 2637 formidandum,
1257 2584 1332 2625 cum
1350 2564 1472 2625 habeas
1487 2567 1595 2644 ipsum
1609 2592 1641 2641 25

394 2648 566 2709 Caesarem
578 2668 615 2709 ac
625 2649 770 2727 reginam
782 2647 980 2725 Hungariae,
990 2646 1114 2707 adhaec
1125 2649 1318 2727 praecipuos
1329 2647 1424 2708 aulae
1435 2667 1594 2727 proceres,

395 2739 434 2792 vt
448 2732 610 2792 leuissima
625 2731 742 2803 dicam,
758 2731 914 2808 neutiqua
934 2729 1021 2791 male
1039 2730 1074 2789 in
1093 2735 1128 2791 te
1147 2732 1322 2805 animatos,
1338 2731 1426 2809 quod
1440 2752 1458 2792 e
1472 2732 1593 2792 multo·

395 2835 467 2875 rum
498 2813 667 2893 colloquiis
695 2816 765 2892 ipse
793 2814 891 2874 certis
919 2814 1122 2892 argumentis
1150 2813 1307 2875 intellexi.
1356 2815 1498 2876 Proinde
1527 2834 1593 2876 non

395 2898 492 2960 modo
514 2899 555 2960 de
580 2897 658 2960 fisco
679 2896 716 2958 τὸ
739 2896 827 2962 ἀδεὲς
849 2894 927 2970 δέος,
949 2896 1006 2958 sed
1029 2915 1162 2976 prorsus
1184 2915 1314 2959 omnem
1338 2898 1528 2978 scrupulum
1551 2918 1593 2960 ex

393 2984 504 3044 animo
525 2983 666 3054 dimoue,
688 2988 723 3042 et
744 2981 826 3042 illud
843 2999 904 3060 age
921 2981 1012 3058 quod
1034 3000 1085 3042 res
1106 2982 1179 3061 ipsa
1200 2988 1322 3055 monet,
1342 2983 1370 3042 si
1389 2982 1521 3061 quidem
1542 2984 1593 3044 vis
1606 3011 1640 3061 30

394 3069 480 3126 tueri
497 3067 712 3127 autoritatem
732 3063 891 3126 hactenus
911 3083 1041 3124 summa
1060 3065 1185 3125 virtute
1205 3072 1404 3143 partemne
1423 3063 1594 3127 Serbonici

393 3151 558 3229 sophistae
574 3155 704 3210 tantam
718 3148 940 3228 petulantiam
954 3147 1066 3208 ferant
1080 3148 1223 3226 impune.

435 3234 498 3294 Sed
513 3234 669 3312 quoniam
684 3232 789 3292 maior
802 3238 854 3292 est
869 3230 1046 3310 prudentia
1060 3237 1120 3292 tua
1134 3250 1234 3310 quam
1249 3238 1289 3292 vt
1304 3232 1348 3292 sis
1365 3231 1592 3294 admonendus

393 3336 412 3376 a
430 3336 606 3395 quoquam,
621 3335 680 3377 nec
700 3314 856 3377 alacritas
875 3320 911 3375 et
930 3313 1177 3394 indefatigabile
1198 3315 1346 3376 studium
1368 3315 1592 3377 defendendae

393 3401 544 3460 veritatis
561 3399 809 3460 adhortatorem
830 3398 977 3476 requirit,
993 3398 1066 3459 ideo
1085 3398 1148 3458 hiis
1167 3401 1296 3459 omissis
1317 3398 1384 3459 alia
1404 3418 1589 3478 persequar.
1604 3428 1637 3478 35

392 3483 432 3544 In
452 3485 565 3562 primis
585 3483 667 3543 illud
686 3481 776 3561 quod
797 3480 952 3561 Aegidius
973 3479 1141 3542 Buslidius
1163 3482 1259 3542 auide
1281 3501 1473 3561 responsum
1495 3488 1591 3544 tuum

392 3573 547 3645 expectat
572 3567 612 3627 de
637 3584 724 3626 nouo
749 3565 931 3644 professore
956 3564 1118 3637 hebraico,
1142 3566 1268 3643 siquem
1293 3564 1380 3627 forte
1404 3571 1522 3626 nactus
1547 3568 1591 3627 sis

392 3650 467 3711 huic
489 3650 617 3711 muneri
638 3650 801 3710 idoneum.
845 3647 932 3709 Nam
955 3648 1018 3708 nisi
1037 3647 1078 3708 de
1098 3655 1158 3708 tua
1177 3650 1343 3710 sententia
1360 3667 1426 3709 non
1440 3648 1590 3710 decreue-

392 3740 472 3793 runt
497 3733 597 3793 alium
624 3733 769 3794 sufficere
794 3733 828 3792 in
857 3731 965 3792 locum
994 3730 1195 3810 Campensis,
1221 3733 1279 3810 qui
1307 3732 1502 3793 iamdudum
1530 3751 1590 3793 sua

392 3836 491 3895 opera
505 3817 657 3877 destituit
672 3815 853 3894 collegium,
869 3821 1043 3894 propterea
1062 3815 1150 3893 quod
1170 3834 1236 3876 non
1256 3814 1358 3876 ferret
1379 3814 1590 3876 solitudinem
1603 3844 1637 3894 40

391 3906 451 3960 aut
468 3906 556 3960 certe
574 3899 827 3977 infrequentiam
847 3898 1012 3960 auditorii.
1057 3897 1216 3976 Reliquae
1238 3905 1351 3960 tamen
1372 3898 1590 3977 professiones

391 3983 518 4055 florent,
537 3990 576 4043 vt
597 4002 672 4043 cum
693 3983 845 4054 maxime,
867 3986 902 4042 et
924 3980 1015 4043 baud
1036 3982 1104 4042 scio
1129 3983 1186 4059 qui
1211 3981 1271 4042 fiat
1292 3989 1332 4043 vt
1356 3988 1522 4043 nostrates
1547 3982 1590 4043 ad

390 4067 501 4127 studia
516 4067 670 4126 hebraica
689 4085 817 4145 semper
833 4065 958 4126 fuerint
977 4064 1170 4144 frigidiores,
1185 4067 1357 4139 mutaturi,
1373 4067 1460 4126 sicut
1480 4085 1588 4145 spera·

389 4170 472 4222 mus,
489 4152 625 4222 animos,
641 4150 668 4209 si
683 4149 813 4210 adesset
827 4149 884 4226 qui
899 4149 1128 4209 assiduitatem
1145 4155 1330 4227 praestaret
1345 4151 1378 4208 in
1394 4149 1540 4210 docendo
1554 4156 1589 4209 et

390 4234 603 4312 diligentiam,
630 4232 719 4311 quod
748 4232 915 4311 plaerique
938 4250 1052 4293 omnes
1081 4250 1148 4291 non
1177 4233 1246 4292 sine
1276 4233 1365 4293 iusta
1393 4231 1526 4310 querela
1554 4232 1587 4292 in
1602 4260 1634 4310 45

389 4317 563 4395 Campensi
577 4322 692 4377 nostro
706 4315 948 4376 desiderabant.
992 4314 1082 4375 Tuae
1096 4315 1198 4394 igitur
1211 4316 1275 4375 erit
1289 4315 1508 4376 humanitatis
1521 4333 1588 4375 non

389 4402 499 4462 deesse
514 4408 574 4460 tuo
588 4399 732 4479 collegio,
748 4398 837 4477 quod
851 4398 1011 4459 hactenus
1025 4417 1086 4459 sua
1096 4399 1300 4460 incrementa
1309 4404 1369 4460 tuo
1379 4399 1588 4478 potissimum

389 4484 525 4545 consilio
539 4483 647 4544 debet.
691 4482 815 4543 Saltem
830 4481 938 4542 indica
952 4501 1004 4542 me
1022 4481 1085 4542 tibi
1104 4481 1184 4543 haec
1203 4481 1244 4544 D.
1260 4481 1400 4543 Buslidii
1419 4488 1454 4543 et
1472 4501 1586 4543 execu-

388 4575 498 4628 torum
522 4568 654 4628 nomine
679 4565 884 4646 significasse,
906 4584 948 4626 ne
972 4566 1181 4645 suspicentur
1203 4585 1255 4627 me
1278 4565 1480 4626 destinatum
1503 4584 1587 4626 onus

388 4651 531 4712 noluisse
545 4650 664 4711 subire.
1600 4677 1635 4726 50

429 4733 515 4808 Quid
529 4733 648 4795 Cacsar
663 4733 715 4793 hic
729 4731 887 4793 moliatur
903 4732 1062 4793 aduersus
1081 4730 1272 4805 haereticos,
1288 4731 1329 4793 de
1348 4750 1383 4792 re
1401 4733 1588 4794 nummaria

420 4909 478 4957 4-5.
497 4892 658 4958 epistolam]
670 4892 730 4941 Not
741 4896 851 4942 extant.
1012 4890 1171 4940 Professor-s
1182 4891 1212 4941 of
1226 4891 1348 4941 Hebrew
1359 4891 1395 4939 cf.
1410 4890 1441 4940 P.
1454 4890 1482 4940 S.
1495 4890 1586 4952 Allan,

421 4965 462 5024 36.
481 4958 659 5025 responsum]
670 4958 725 5023 Ep.
735 4959 810 5018 2588.
845 4957 963 5008 Forthe
1012 4957 1149 5009 Emmaus
1175 4958 1233 5008 aad
1265 4957 1426 5022 Woysarinp
1452 4955 1586 5020 Sketobee,

386 5028 526 5092 difficulty
542 5027 571 5077 in
586 5024 695 5091 finding
708 5023 831 5075 suitabla
848 5040 914 5074 men
930 5040 963 5075 aa
1013 5040 1043 5089 p.
1058 5027 1114 5074 160.
