4042 5900
333 701 429 781 2417]
627 695 750 761 FROM
771 694 959 759 FRANCIS
981 683 1233 782 ΤΙΤΕῙιΜιιΝὸ
1472 695 1529 756 101

333 858 546 937 antiquorum
560 856 822 918 testimoniorum
836 874 972 917 aceruus
980 860 1020 916 ιι
1034 854 1091 915 vix
1105 821 1289 936 spei'aiehr.
1282 852 1358 914 inde
1371 871 1424 913 me
1437 872 1532 933 posse

332 940 489 1013 eluctari;
519 945 556 1001 et
578 945 694 1002 tantus
721 945 794 1001 crat
821 939 996 1001 verborum
1025 943 1171 1010 ornatus,
1200 937 1286 1025 ιιιιι..
1282 926 1506 1033 magnifica
1496 956 1531 997 m
1544 960 1578 1013 50

332 1022 469 1103 singulis
482 1023 699 1103 exaggeratio,
715 1028 755 1083 ιι
769 1023 826 1083 vix
844 1021 997 1102 possibile
1012 1021 1180 1082 videretur
1197 1039 1274 1089 noir
1281 1014 1376 1117 sequi
1395 1038 1460 1098 quo
1474 1018 1532 1081 illa

333 1106 518 1168 vocabant:
540 1105 575 1166 id
596 1112 656 1179 est,
678 1106 721 1167 ad
740 1125 807 1167 non
825 1112 914 1167 recte
935 1104 1142 1166 sentiendum
1156 1104 1198 1166 de
1212 1098 1421 1199 sacratissimi
1435 1102 1532 1164 huius

331 1189 408 1250 libri
421 1189 475 1251 vel
489 1188 629 1251 authore
643 1189 697 1250 ιιι
710 1188 923 1250 authoritate.

376 1271 497 1334 Verum
511 1292 587 1334 cum
602 1273 749 1334 exactius
767 1278 1041 1334 annotamentum
1060 1271 1143 1332 illud
1162 1272 1281 1332 iterum
1295 1260 1397 1367 atque
1411 1270 1531 1355 iterum

332 1355 517 1436 relegerem,
525 1361 562 1416 et
571 1354 738 1435 sigillatim
752 1355 879 1435 singula
887 1355 1104 1436 expenderem
1113 1355 1341 1452 penitiusque
1332 1371 1397 1414 ram
1406 1341 1532 1439 cuncta
1544 1375 1577 1427 55

333 1440 589 1519 introspicerem,
611 1440 722 1500 omnia
743 1439 838 1518 longe
862 1439 928 1501 alia
950 1457 1050 1518 quam
1073 1439 1180 1518 prima
1203 1437 1286 1499 lacis
1307 1438 1378 1497 risa
1399 1424 1536 1503 suomi

331 1521 540 1602 deprehendi
571 1521 753 1583 collatione
767 1522 927 1601 siquidem
935 1521 1387 1584 iactaadvetustrssrmorum
1397 1507 1572 1605 patr‘uriijg

331 1607 523 1678 sententias,
546 1605 710 1685 quasdam
734 1604 800 1666 illic
822 1605 1005 1666 adducta
996 1606 1107 1666 inueni
1134 1623 1219 1683 quse
1243 1622 1376 1684 prorsus
1400 1591 1562 1664 illorum

331 1690 504 1750 sententiis
517 1690 721 1786 apertissime
735 1688 1014 1750 contradicebant.
1044 1686 1212 1749 Nonnulla
1220 1691 1371 1767 perteex
1380 1684 1569 1747 veterum

331 1772 539 1833 authoritate
553 1773 667 1844 citata,
682 1773 837 1851 inspectis
855 1777 956 1850 atque
971 1771 1142 1850 diligenter
1156 1770 1306 1850 expensis
1320 1768 1530 1848 originalibus
1542 1768 1685 1846 6ο’.·’;··ι

331 1854 421 1928 locis,
438 1855 646 1916 manifestam
661 1874 803 1935 compen
794 1855 937 1916 habere
950 1854 1150 1926 falsitatem3
1172 1872 1279 1932 neque
1293 1854 1341 1914 ita
1355 1852 1444 1933 apud
1458 1850 1531 1913 illos

331 1937 454 2011 haberi,
464 1946 504 2000 ιι
517 1939 579 1999 ιιι
570 1957 605 1998 m
613 1939 813 1999 contrarium
822 1957 888 1999 non
899 1938 982 1999 bene
990 1937 1153 2018 pudenter
1163 1938 1333 1998 citaueras
1363 1934 1531 2010 Quaedam

331 2021 493 2101 ambiguis
508 2020 713 2083 sermonibus
726 2027 822 2082 erant
835 2020 1014 2083 admodum
1029 2020 1180 2082 inuoluta
1194 2026 1233 2081 vt
1247 2039 1403 2099 quorsum
1417 2018 1530 2080 tende·

332 2110 409 2166 rent
422 2110 483 2165 aut
497 2104 577 2183 quid
591 2104 653 2165 sibi
661 2104 786 2166 vellent
794 2124 860 2166 non
870 2106 995 2184 integre
1002 2105 1165 2185 potuisset
1174 2103 1321 2183 intelligi,
1331 2102 1531 2183 simplicibus

331 2194 444 2249 tamen
466 2187 561 2249 facile
578 2206 711 2249 causam
732 2188 927 2268 praeberent
949 2187 1133 2260 dubitandi,
1157 2192 1192 2248 et
1212 2186 1307 2248 malis
1328 2187 1530 2247 occasionem
1543 2197 1576 2258 65

331 2270 543 2350 malignandi.
595 2269 732 2332 Caetera
749 2276 826 2351 post
849 2271 1035 2332 solidiorem
1063 2271 1295 2332 discussionem
1323 2275 1358 2330 et
1383 2270 1531 2330 exactius

329 2354 488 2415 iudicium
513 2355 656 2433 comperi
684 2373 801 2434 parum
829 2353 1008 2416 admodum
1032 2354 1151 2415 habere
1179 2353 1439 2433 probabilitatis;
1469 2357 1531 2414 aut

329 2438 466 2499 minimo
491 2439 624 2517 negocio
646 2456 740 2517 posse
765 2438 1006 2499 rationabiliter
1031 2437 1175 2510 dissolui,
1205 2456 1289 2516 quse
1317 2438 1423 2517 prima
1447 2435 1531 2496 facie

328 2522 523 2600 apparentia
536 2519 714 2582 admodum
728 2521 800 2582 visa
813 2520 957 2583 fuerant.

373 2601 535 2677 Quoniam
550 2623 628 2664 vero
643 2603 726 2665 liber
739 2605 801 2665 iste
821 2610 954 2665 tuarum
968 2604 1230 2666 Annotationum
1244 2603 1365 2682 passim
1379 2604 1413 2664 in
1427 2604 1529 2663 mani·
1543 2623 1577 2674 70

330 2686 394 2747 bus
407 2692 480 2747 erat
493 2687 725 2760 studiosorum,
739 2689 955 2749 necessarium
970 2693 1043 2749 erat
1058 2689 1097 2764 (si
1111 2707 1180 2748 rem
1194 2687 1395 2767 propositam
1410 2685 1530 2747 vellem

329 2769 375 2830 ιιι
389 2768 522 2849 plenum
536 2789 698 2850 peragere,
718 2776 754 2832 et
768 2770 841 2831 libri
861 2771 1100 2832 authoritatem
1114 2772 1238 2849 integre
1252 2769 1419 2830 defensam
1433 2787 1529 2849 cupe-

329 2858 412 2929 rem)
435 2860 474 2914 vt
494 2859 590 2914 tuum
612 2853 702 2915 istud
724 2860 995 2916 annotamentum
1017 2854 1205 2934 diligentius
1226 2860 1472 2933 pertractarem,
1494 2859 1531 2914 ct

330 2956 416 3016 quae
431 2937 550 3017 inipso
564 2938 695 2998 inerant
709 2942 824 2999 contra
838 2936 913 2999 libri
925 2936 1164 3000 authoritatem
1179 2943 1373 3018 argumenta
1386 2937 1528 2998 rationa-

329 3019 390 3081 bili
404 3022 612 3099 responsione
625 3021 846 3082 dissoluerem.
880 3021 921 3082 Id
935 3022 1025 3101 quod
1038 3028 1074 3083 st
1087 3021 1224 3083 fecimus
1237 3041 1296 3102 per
1310 3021 1378 3082 dies
1391 3020 1528 3100 aliquot,
1543 3041 1575 3092 75

330 3103 559 3183 si<n>gillatim
568 3104 711 3183 singulas
719 3104 788 3166 eius
796 3107 1026 3167 annotamenti
1034 3105 1230 3167 excutiendo
1238 3104 1427 3184 particulas,
1434 3124 1528 3183 argu·

330 3192 446 3248 menta
460 3187 679 3260 dissoluendo,
695 3193 730 3249 et
749 3189 952 3249 coniecturas
966 3208 1004 3250 ac
1019 3190 1218 3269 suspiciones
1232 3189 1529 3249 vetustissimorum

330 3269 701 3350 probatissimorumque
729 3271 1031 3334 Ecclesiasticorum
1054 3279 1187 3352 patrum
1216 3273 1411 3333 testimoniis
1435 3271 1528 3333 refel-

330 3352 439 3426 lendo,
460 3360 624 3433 quantum
645 3353 739 3415 nobis
762 3354 940 3416 secundum
964 3355 1027 3417 Dei
1047 3358 1188 3436 gratiam
1210 3354 1351 3417 facultas
1372 3354 1528 3416 submini-

330 3442 505 3498 strauerat.
549 3437 673 3498 Eadem
696 3457 775 3498 vero
798 3437 878 3499 haec
903 3457 987 3518 quas
1009 3440 1237 3519 praesentibus
1259 3457 1318 3517 per
1340 3438 1374 3499 id
1398 3445 1575 3517 tempus80

329 3519 537 3581 auditoribus
559 3539 614 3581 ore
630 3539 873 3601 proposueram,
889 3523 996 3583 risum
1019 3528 1070 3583 est
1088 3522 1132 3583 ad
1151 3522 1336 3583 absentium
1351 3522 1527 3583 commoni·

329 3604 454 3664 tionem
476 3605 577 3665 etiam
598 3605 727 3683 scriptis
749 3604 888 3678 tradere,
905 3610 944 3665 vt
962 3607 1048 3666 sicut
1070 3605 1160 3685 apud
1180 3604 1347 3667 auditores
1365 3623 1420 3665 ore
1434 3604 1478 3665 ad
1492 3623 1528 3665 os

330 3685 530 3747 infirmatam
554 3689 728 3748 canonicae
752 3686 939 3767 Scripturas
967 3689 1206 3751 authoritatem
1234 3695 1373 3750 conatus
1401 3688 1528 3749 fueram

330 3768 530 3842 confirmare,
553 3771 602 3830 ita
622 3775 657 3831 et
675 3771 793 3831 absens
814 3771 954 3833 lacerem
976 3771 1066 3852 apud
1085 3791 1140 3833 eos
1156 3773 1222 3851 qui,
1238 3773 1305 3833 tuis
1319 3772 1448 3851 scriptis
1463 3771 1528 3832 iam

330 3852 408 3914 olim
423 3871 481 3932 per
495 3852 607 3914 orbem
626 3853 789 3934 euulgatis
808 3854 967 3934 longeque
982 3875 1020 3917 ac
1035 3855 1102 3916 late
1116 3854 1277 3935 dispersis,
1292 3854 1397 3916 vllum
1411 3856 1528 3916 noxiae
1540 3860 1574 3922 85

330 3935 547 3998 dubrtatronrs
555 3935 742 4016 scrupulum
752 3943 812 3999 aut
822 3958 945 4018 prauae
954 3939 1225 3999 existimationis
1216 3938 1528 4016 iniquumiudicium

329 4020 539 4099 potuissent
529 4038 701 4081 incurrere.
746 4020 790 4082 Et
804 4023 960 4101 quoniam
976 4023 1102 4082 resista
1115 4021 1160 4083 ad
1174 4027 1208 4082 te
1222 4021 1393 4102 specialius
1407 4023 1527 4083 attins·

330 4102 399 4176 bat,
420 4101 511 4163 volui
532 4122 686 4200 praesens
708 4101 769 4166 hoc
793 4123 875 4183 opus
898 4104 960 4165 tibi
984 4105 1219 4178 transmittere,
1242 4104 1397 4184 tibique
1388 4106 1451 4185 ipsi
1472 4104 1528 4181 (ad

329 4204 428 4265 quem
450 4187 593 4247 maxime
616 4193 745 4267 spectat
767 4188 949 4267 negocium)
972 4207 1172 4286 nuncupare.
1216 4186 1320 4250 Simul
1349 4189 1459 4261 etiam,
1485 4207 1527 4249 ne

330 4268 434 4349 (quod
448 4269 625 4348 aliquando
640 4270 736 4348 soles)
751 4272 870 4333 iterum
885 4273 1094 4350 conqueraris
1112 4291 1172 4334 nos
1187 4277 1247 4333 tuo
1260 4271 1385 4333 nomim
1376 4236 1526 4332 clahcu-
1539 4289 1574 4337 90

328 4351 398 4413 lum
423 4351 595 4413 detrahere
619 4359 679 4415 aut
707 4354 963 4434 conspirationes
985 4355 1161 4417 aduersum
1189 4362 1224 4416 te
1245 4355 1361 4416 iacere.
1406 4354 1528 4417 Iccirco

328 4441 441 4496 autem
455 4435 553 4496 huius
567 4439 795 4498 annotamenti
809 4437 953 4517 singulas
967 4445 1079 4518 partes
1086 4439 1235 4500 exactius
1242 4440 1526 4519 pertractaurmus

329 4525 369 4581 ιι
389 4518 443 4580 ιιι
464 4539 505 4580 ex
527 4538 594 4580 vno
615 4520 766 4582 hocloco
787 4519 949 4600 intelligas
969 4523 1087 4601 quanti
1100 4522 1236 4603 periculi
1249 4524 1294 4583 sit
1307 4541 1347 4583 ea
1362 4541 1478 4584 vocare
1492 4523 1525 4583 in

328 4602 467 4663 dubium
491 4621 576 4681 quae
598 4603 693 4665 firma
714 4623 754 4665 ac
776 4610 867 4665 certa
888 4604 991 4666 habet
1007 4607 1179 4668 vniuersus
1200 4606 1343 4687 populus
1367 4604 1472 4667 fidelis
1491 4609 1527 4666 et

328 4685 474 4746 Ecclesia
485 4685 546 4746 Dei
548 4705 652 4765 ,quse
661 4687 748 4748 basis
762 4693 823 4760 est,
839 4687 991 4749 columna
1005 4695 1040 4750 et
1054 4688 1299 4751 firmamentum
1310 4689 1460 4750 veritatis
1471 4687 1527 4758 (ad
1538 4705 1572 4756 95

326 4787 428 4849 quam
439 4788 508 4830 rem
520 4774 554 4829 te
565 4770 640 4849 plus
654 4771 734 4832 satis
748 4790 947 4850 propensum
962 4778 998 4834 et
1010 4772 1104 4835 aliis
1094 4793 1128 4834 1n
1142 4773 1223 4834 locis
1238 4772 1525 4848 monstrauimus):

326 4851 490 4932 simulque
504 4853 594 4932 apud
609 4859 643 4915 te
657 4854 824 4935 expendas
837 4861 964 4934 quanta
978 4855 1041 4918 hoc
1055 4876 1138 4937 opus
1151 4858 1316 4937 integrum
1331 4855 1526 4918 Annotatio·

359 5073 402 5120 90.
419 5057 611 5124 conqueraris]
624 5056 667 5109 Oi.
681 5056 736 5124 Ep.
752 5058 826 5123 1823.
840 5072 897 5119 ι-ι,
912 5072 953 5119 12,
968 5060 1007 5110 18.
1117 5072 1160 5123 95.
1178 5056 1470 5121 columna11'lim.3.
1485 5070 1525 5121 ι5.
