4042 5900
434 653 476 714 96
761 646 960 711 LETTERS
981 646 1038 711 Oli
1058 646 1264 712 ERASMUS
1539 648 1635 726 [1530

433 810 520 872 felici
540 810 644 890 gloria
658 810 753 882 vixit,
769 809 946 870 miserrime
961 807 1160 870 occubuisse.
1203 807 1252 869 Ys
1271 807 1464 869 iamdudum
1487 812 1635 869 semotus

388 917 421 969 45
434 914 455 956 a
476 893 633 974 gubernio
654 892 786 953 videtur
807 892 848 953 de
869 892 1018 953 vindicta
1039 892 1073 952 in
1095 910 1202 971 regem
1223 909 1321 953 suum
1337 895 1372 952 et
1390 910 1528 971 regnum
1550 891 1633 971 cogi·

434 978 567 1050 tamese,
582 983 705 1038 etcum
720 974 825 1037 Scotis
840 976 930 1054 regni
948 975 1175 1036 inimicissimis
1196 973 1309 1054 aliqua
1327 993 1391 1054 que
1412 973 1633 1055 proditionem

434 1062 569 1140 sapiunt
590 1060 834 1140 conspirauisse.
880 1058 930 1119 Re
945 1057 1077 1119 detecta
1095 1077 1154 1137 per
1175 1059 1302 1138 equites
1322 1058 1450 1137 aliquot
1471 1076 1550 1118 cum
1568 1058 1634 1117 suis

434 1143 598 1204 satellitiis
619 1144 706 1221 regio
727 1144 816 1204 iussu
838 1143 963 1203 curiam
983 1160 1097 1202 versus
1114 1141 1283 1202 ducendus
1304 1145 1421 1220 captus
1442 1147 1513 1214 est3
1536 1159 1633 1219 quem

434 1226 490 1303 (ob
505 1228 752 1306 ignominiosam
766 1232 907 1286 mortem
921 1244 1022 1303 quam
1037 1224 1123 1285 forte
1136 1225 1188 1284 sui
1201 1224 1344 1284 criminis
1357 1225 1507 1284 conscius
1521 1242 1633 1285 verus·

389 1314 500 1386 50001)
523 1309 637 1371 dicunt
656 1309 802 1370 hausisse
816 1308 897 1388 quid
912 1307 1126 1370 mortiferum.
1171 1306 1258 1368 Nam
1272 1326 1330 1386 per
1345 1307 1408 1368 iter
1421 1307 1456 1367 in
1471 1306 1633 1379 lecticam,

434 1412 501 1472 qua
515 1394 558 1454 ob
577 1392 792 1473 egritudinem
809 1411 908 1471 quam
923 1390 1067 1470 fingebat
1088 1390 1336 1471 deportabatur,
1354 1390 1443 1452 solus
1462 1396 1499 1451 et
1513 1391 1636 1452 tacitus

434 1476 598 1538 occubuit.

478 1559 551 1620 Rex
576 1559 684 1620 adhuc
709 1558 804 1620 ardet
828 1577 924 1619 suum
947 1557 1137 1619 diuortium.
1181 1557 1319 1619 Videtur
1344 1556 1637 1635 academi[c]arum

435 1642 633 1704 Gallicarum
658 1642 786 1720 aliquot
810 1641 988 1702 decisiones
1011 1640 1201 1714 obtinuisse,
1224 1641 1345 1720 quibus
1365 1640 1512 1701 decisum
1533 1639 1638 1701 habet

389 1746 421 1796 55
434 1727 681 1787 matrimonium
704 1746 811 1798 suum,
837 1744 903 1803 quo
932 1725 1101 1803 hucusque
1125 1724 1278 1797 inheruit,
1301 1731 1337 1785 et
1358 1723 1422 1802 legi
1445 1722 1579 1785 diuinae
1602 1729 1638 1784 et

434 1816 573 1870 naturae
582 1828 794 1888 repungnare,
807 1815 841 1869 et
852 1807 942 1886 quod
953 1807 996 1868 ad
1007 1807 1042 1868 id
1051 1807 1292 1886 dispensatione
1300 1806 1560 1887 permittendum
1569 1825 1638 1869 non

435 1892 546 1954 valeat
574 1893 739 1972 pontificis
763 1892 952 1953 auctoritas.
996 1890 1083 1964 Quid
1111 1891 1261 1952 futurum
1291 1892 1335 1951 sit
1362 1891 1489 1963 nascio;
1521 1910 1638 1952 vereor

435 1981 557 2048 tamen,
581 1977 608 2036 si
632 1995 700 2036 rem
722 1975 945 2054 temptauerit,
969 1975 1190 2036 atrocissimas
1211 1975 1398 2035 inimicitias
1418 1978 1454 2034 et
1474 1973 1562 2035 forte
1586 1974 1639 2035 sui

435 2064 543 2120 status
558 2060 685 2120 ruinam
700 2057 762 2118 sibi
776 2058 1028 2119 concitaturum.

388 2152 422 2200 60
477 2140 558 2202 Vale
579 2142 630 2202 vir
651 2141 732 2203 mihi
749 2141 943 2201 amicissime
957 2141 1053 2220 longe
1067 2140 1146 2201 felix
1160 2146 1196 2201 et
1213 2159 1356 2221 prosper.
1400 2139 1464 2201 Vbi
1485 2139 1567 2220 quid
1589 2159 1638 2201 re·

435 2225 608 2370 00οἑ000Ᾰο,
624 2232 659 2285 et
673 2225 714 2322 de
729 2223 918 2368 0010000300
934 2230 993 2368 0οζ
1007 2223 1086 2321 quid
1101 2223 1330 2297 notificaueris,
1345 2222 1500 2304 placebit.

508 2328 530 2368 x
574 2327 637 2369 000
678 2320 830 2382 1a‚xvu1·
895 2326 965 2368 cem
989 2328 1034 2368 ris
1050 2322 1140 2384 1530.

638 2328 677 2388 ΓΡ
1019 2390 1170 2471 Vndique
1185 2397 1262 2452 tuus
1278 2391 1434 2453 Erasmus
1444 2388 1594 2451 Schetus.

484 2514 511 2565 ÷
529 2499 792 2579 Incomperabili,
808 2499 944 2578 orbique
959 2499 1048 2562 claro
1068 2500 1149 2572 viro,
1165 2500 1306 2562 Domino
1321 2498 1459 2560 Erssmo
1480 2498 1638 2561 Rottero·

388 2570 421 2628 ⁶⁵
435 2583 542 2657 damo,
558 2584 663 2645 amico
677 2584 842 2664 precipuo.
887 2582 1046 2661 Friburgi.

711 2746 918 2833 mltum,
964 2745 1017 2811 Το
1034 2744 1204 2811 Marsus
1220 2745 1359 2811 Kanrz.

472 2849 633 2921 Epistolae
646 2850 789 2904 Floridae
803 2867 833 2921 p.
849 2865 894 2917 59.
1336 2849 1495 2920 Freiburg.

472 2925 688 3056 K'fflssoff‘
702 2942 733 2997 p.
748 2927 821 2993 998²
843 2925 941 2981 Lond.
956 2943 1030 2980 xxv.
1044 2941 1098 2996 42:
1245 2940 1281 2980 22
1295 2925 1467 2980 December
1480 2930 1600 2995 (1530).

469 3120 540 3180 [The
552 3120 700 3184 year-date
715 3126 793 3170 must
811 3121 845 3169 he
862 3120 1038 3184 interpreted
1054 3135 1086 3169 as
1100 3134 1165 3183 1530
1179 3120 1216 3180 (1)
1229 3120 1349 3170 because
1364 3119 1423 3169 this
1437 3119 1462 3169 is
1475 3133 1514 3168 an
1527 3133 1639 3169 0000000

435 3192 466 3236 to
478 3186 533 3250 Ep.
546 3200 611 3249 ²40²
624 3186 681 3235 and
691 3187 714 3235 is
727 3186 803 3235 itscli
814 3185 958 3235 answered
969 3187 1007 3250 by
1016 3187 1070 3250 Ep.
1082 3200 1158 3249 2430,
1169 3186 1207 3246 (2)
1217 3187 1337 3237 because
1348 3186 1378 3236 01
1389 3186 1440 3236 the
1451 3185 1596 3236 reference
1607 3192 1639 3236 to

435 3254 470 3303 A.
483 3252 559 3302 Pius'
574 3252 648 3302 hoolr
660 3268 692 3301 00
703 3252 863 3317 projected;
882 3253 905 3302 it
917 3268 975 3303 was
987 3259 1039 3303 not
1051 3253 1202 3318 published
1213 3252 1258 3303 till
1268 3253 1365 3302 March
1379 3252 1465 3317 1531.]

444 3376 600 3421 ERASMVS
615 3375 736 3420 Itouna.
753 3376 907 3421 ΜΑΤΗῙΑΕ
923 3376 1104 3422 naman
1120 3376 1365 3422 uocaususm
1380 3375 1582 3422 svuvsmo
1597 3376 1625 3422 8.

477 3468 551 3529 Eoo
567 3488 645 3529 vero
657 3487 723 3529 000
734 3469 833 3530 modo
844 3471 905 3530 sim
916 3469 1214 3542 inhumanissimus,
1224 3488 1338 3530 verum
1350 3469 1451 3530 etiam
1460 3467 1640 3532 Christiani

435 3553 567 3613 nomine
587 3552 749 3630 indignus,
765 3554 792 3614 si
807 3560 841 3614 te
856 3554 914 3631 qui
931 3554 1021 3632 prior
1039 3553 1082 3614 ad
1101 3554 1280 3614 amicitiam
1300 3552 1488 3633 prouocasti
1506 3571 1575 3614 non
1589 3572 1638 3614 re·

436 3635 613 3697 demerem.
657 3634 848 3716 Complures
868 3638 933 3698 iam
956 3656 1059 3698 annos
1081 3636 1215 3715 quidam
1238 3636 1384 3716 improbe
1405 3636 1539 3697 mentiti
1559 3642 1640 3698 sunt

435 3718 516 3779 mihi
538 3738 595 3798 per
616 3721 726 3780 omnia
749 3739 822 3781 cum
843 3719 966 3781 Lutcro
985 3720 1169 3792 conuenire,
1184 3739 1250 3780 non
1266 3719 1356 3797 quod
1370 3719 1431 3780 hoc
1446 3738 1562 3780 omnes
1576 3720 1640 3782 sibi

407 3815 422 3864 5
435 3803 682 3881 persuasissent,
699 3803 753 3863 sed
770 3803 859 3881 quod
874 3824 949 3865 eum
965 3823 1129 3864 rumorem
1144 3803 1311 3883 perdendo
1327 3803 1464 3864 Erasmo
1477 3808 1639 3882 putarent

435 3886 693 3948 accommodum.
737 3885 834 3947 Nunc
857 3887 899 3948 ab
924 3906 963 3947 ea
988 3906 1045 3966 spe
1070 3886 1204 3965 delapsi,
1229 3888 1406 3947 commenti
1430 3892 1510 3947 sunt
1534 3885 1639 3948 alium

436 3967 588 4041 colorem,
611 3969 783 4030 Erasmum
806 3970 882 4030 huic
904 3970 1090 4048 tragoediae
1113 3971 1323 4030 seminarium
1346 3989 1385 4029 ac
1406 3968 1534 4030 iontem
1556 3989 1638 4032 esse.

436 4050 509 4112 Hoc
524 4052 706 4112 etiamnum
721 4052 884 4114 mordicus
899 4059 1023 4113 tenent.
1067 4052 1225 4114 Albertus
1240 4053 1318 4113 Pius
1333 4051 1500 4130 quondam
1515 4051 1637 4133 Carpo-

436 4154 509 4195 rum
524 4136 675 4215 princeps
689 4142 767 4196 ante
782 4136 865 4196 duos
880 4154 983 4196 annos
998 4137 1033 4195 in
1047 4135 1108 4196 hoc
1128 4143 1359 4215 argumentum
1376 4135 1534 4197 velitatus
1548 4155 1639 4198 nunc

392 4231 423 4267 10
435 4217 523 4279 idem
545 4219 628 4278 serio
650 4225 774 4279 tractat
795 4220 965 4280 conductis
985 4220 1101 4298 operis,
1122 4239 1207 4298 quae
1226 4240 1267 4280 ex
1282 4220 1435 4281 omnibus
1449 4219 1530 4280 meis
1544 4219 1637 4281 lucu·

437 4301 643 4362 brationibus
657 4301 858 4381 collegerunt
873 4302 1029 4381 quicquid
1043 4303 1087 4364 ad
1101 4303 1298 4364 calumniam
1310 4302 1500 4381 detorqueri
1513 4309 1637 4383 potest.

696 4410 770 4461 2414.
788 4424 846 4462 000.
864 4424 1078 4462 0000000000
1091 4425 1261 4462 svcvsrsuo
1273 4429 1326 4464 om.
1339 4412 1377 4462 N.

436 4546 525 4596 taken
536 4544 606 4594 with
617 4543 771 4609 dysentery
782 4560 819 4595 on
835 4545 879 4596 his
890 4546 1010 4612 journey
1061 4547 1127 4597 that
1138 4547 1174 4596 he
1185 4547 1242 4596 had
1253 4545 1389 4610 poisoned
1401 4545 1514 4597 himself
1525 4562 1585 4600 was
1595 4565 1638 4600 re·

436 4618 467 4662 to
485 4612 612 4670 London,
633 4611 697 4660 how
714 4611 750 4661 00
769 4612 922 4663 continued
939 4614 1009 4664 with
1061 4614 1166 4678 peated
1183 4613 1222 4677 by
1236 4629 1324 4678 many
1339 4614 1464 4673 writers;
1485 4629 1540 4680 eg.
1560 4616 1637 4682 ’ryn-

435 4678 575 4742 difficulty
587 4680 634 4728 ‘so
651 4678 712 4728 sich
722 4678 789 4727 that
800 4678 836 4728 00
847 4695 905 4729 was
916 4679 1010 4730 divers
1060 4680 1148 4730 dale's
1167 4680 1269 4730 Worlrs
1284 4681 1416 4744 (1572-3)‚
1429 4696 1459 4746 p.
1471 4697 1532 4746 404,
1551 4683 1640 4735 Fox‘s

435 4745 520 4794 times
537 4744 624 4809 likely
641 4750 674 4795 to
690 4745 763 4794 have
777 4745 862 4795 iallen
877 4747 950 4796 lrom
965 4747 1010 4797 his
1061 4747 1130 4796 Acts
1143 4748 1242 4807 (1610),
1254 4763 1282 4813 p.
1294 4749 1354 4807 008.

435 4811 526 4862 mule'
541 4817 573 4862 tc
587 4811 728 4862 Ieicester
743 4811 854 4875 Abbey,
865 4813 958 4863 where
973 4814 1009 4863 he
1094 4813 1169 4862 241³.
1188 4827 1280 4877 49-50.
1298 4815 1443 4877 vetuerat]
1461 4816 1506 4867 ie.
1527 4816 1639 4868 veritus

435 4891 494 4927 was
504 4878 632 4929 received
640 4878 710 4928 with
721 4883 801 4942 great
812 4893 959 4930 reverence
972 4880 1010 4944 by
1060 4884 1131 4930 erat.

436 4943 486 4993 the
501 4944 600 4995 Abbot
614 4945 673 4995 and
690 4945 782 4995 where
795 4946 832 4995 he
849 4961 918 4996 soon
934 4947 1010 4997 alter
1094 4947 1169 4996 2414.
1186 4960 1212 5007 9.
1228 4947 1639 5014 velitatusuntheliespoms'o

435 5009 510 5070 died,
539 5025 572 5071 29
597 5011 670 5062 Nov.
700 5026 773 5076 153⁰·
808 5011 869 5063 The
894 5029 1010 5064 rumour
1058 5015 1637 5082 paraeneticctrsaol,seeEp.1634introd.
