4042 5900
279 686 374 763 2570]
640 681 763 746 raon
784 681 923 745 usuras
944 681 1111 745 casana
1410 682 1472 745 sss

320 839 351 902 S.
382 841 422 902 D.
466 841 586 922 Scripsi
619 841 683 903 tibi
714 841 937 921 superioribus
970 840 1095 913 diebus,
1127 860 1202 903 cum
1236 839 1356 903 Caesar
1386 847 1474 904 esset

278 923 437 997 Gendaui,
452 925 588 986 Erasme
602 924 744 997 dulciss,
759 925 893 1004 cupiens
907 922 1119 986 vehementer
1133 924 1268 986 asscribi
1282 943 1335 986 me
1349 926 1383 986 in
1396 925 1473 986 albo

279 1008 410 1069 illorum
421 1028 504 1087 quos
515 1008 713 1088 Desyderius
725 1008 881 1069 Erasmus
893 1008 954 1069 Ro.
967 1012 1068 1068 amat.
1106 1007 1218 1069 Adieci
1228 1009 1329 1070 etiam
1340 1027 1472 1070 carmen

279 1092 399 1172 triplex
414 1092 503 1170 quod
521 1091 562 1153 de
581 1092 762 1153 venerabili
781 1098 986 1152 sacramento
1006 1091 1210 1170 scripseram,
1225 1091 1350 1153 adhaec
1368 1093 1471 1172 epita·

279 1176 358 1254 phia
381 1174 517 1253 aliquot,
541 1194 681 1254 quorum
706 1174 848 1253 quedam
873 1173 989 1236 doctor
1014 1174 1206 1236 Franciscus
1230 1174 1502 1250 Craneueldius,5

279 1258 441 1337 quaedam
463 1278 541 1320 vero
563 1260 631 1338 ipse
652 1277 899 1337 composueram
920 1258 955 1318 in
977 1263 1117 1318 mortem
1140 1257 1253 1319 Iacobi
1273 1258 1418 1320 Ceratini
1438 1265 1474 1320 et

280 1341 476 1415 Maruillani,
492 1361 625 1422 sperans
640 1347 674 1402 te
688 1342 787 1403 fuisse
802 1343 909 1403 virum
927 1342 985 1420 qui
1004 1359 1071 1401 non
1089 1342 1138 1401 ita
1156 1340 1252 1402 facile
1269 1343 1415 1403 reiiceres
1429 1343 1473 1405 ab

279 1426 425 1485 amicitia
444 1432 504 1486 tua
523 1425 688 1486 hominem
709 1426 760 1486 tui
779 1424 974 1498 studiosum,
988 1423 1172 1503 quamlibet
1187 1426 1346 1504 ignotum.
1389 1426 1474 1488 Dedi

279 1510 381 1568 etiam
396 1508 468 1569 illas
483 1508 596 1569 literas
610 1513 724 1569 nostro
738 1508 859 1569 foraric
873 1511 925 1585 (vt
944 1511 1078 1583 vocant)
1098 1507 1215 1569 Ioanni
1234 1506 1473 1582 Selestadiensi,

279 1593 336 1669 qui
358 1593 482 1671 etipse
506 1611 655 1654 reuersus
676 1612 717 1652 ne
738 1611 885 1652 muscam
907 1590 1039 1669 quidem
1062 1590 1233 1653 literarum
1254 1591 1371 1652 attulit
1393 1591 1474 1653 mihi
1488 1615 1520 1651 ιο

280 1694 399 1736 secum.
443 1674 518 1735 Non
538 1681 650 1755 potest
671 1694 738 1735 non
757 1675 931 1736 tradidisse
951 1674 1023 1747 tibi,
1044 1673 1204 1753 siquidem
1223 1673 1342 1736 attulit
1361 1675 1473 1736 literas

279 1763 355 1819 tuas
370 1757 522 1819 Valdesio
536 1765 570 1818 et
586 1758 712 1819 Hilario
726 1764 806 1818 tunc
821 1758 989 1837 temporis,
1004 1776 1143 1836 quorum
1159 1759 1290 1836 virique
1305 1757 1380 1818 dedi
1394 1758 1472 1837 ipse,

280 1860 357 1902 nam
371 1841 512 1903 forarius
527 1841 715 1903 Valdesium
730 1860 796 1902 non
811 1842 914 1914 nouit,
926 1841 1141 1920 legeruntque
1156 1840 1255 1901 ambo
1270 1840 1350 1901 mihi
1363 1842 1474 1902 omnia

279 1943 343 2002 que
357 1926 540 2004 scripseras.
585 1925 678 2003 Rogo
693 1925 857 1985 hominem
873 1924 953 2003 quid
967 1923 1008 1984 de
1023 1925 1104 1984 meis
1122 1924 1225 1985 literis
1245 1930 1356 1985 actum
1376 1931 1472 1997 esset,

278 2008 653 2085 responditseobtulisse
660 2007 722 2069 tibi
728 2006 938 2087 respondenti
949 2006 1076 2068 nullam
1086 2007 1359 2068 necessitudinem
1368 2026 1473 2086 neque
1489 2031 1499 2067 ι
1503 2031 1519 2081 5

280 2092 435 2152 noticiam
461 2092 678 2153 intercessisse
703 2110 849 2169 vnquam
875 2092 960 2153 inter
988 2109 1057 2151 nos.
1101 2089 1224 2152 Verum
1251 2096 1312 2163 est,
1338 2090 1473 2153 Erasme

279 2174 475 2246 charissime,
490 2175 533 2235 ob
548 2175 582 2235 id
596 2176 788 2254 scripseram
806 2175 869 2236 tibi
888 2179 927 2234 vt
946 2174 1062 2235 literae
1082 2182 1213 2235 nostrae
1233 2180 1385 2235 mutuam
1407 2193 1474 2236 non

278 2257 384 2318 solum
400 2259 555 2319 noticiam
570 2258 741 2319 sedetiam
757 2258 936 2319 amicitiam
950 2258 1107 2317 internos
1118 2256 1355 2318 conciliassent.
1398 2257 1430 2318 N
1431 2277 1474 2320 cn

278 2341 422 2401 multum
436 2361 488 2402 me
503 2340 621 2402 vrebat
634 2341 723 2420 quod
738 2360 805 2402 non
819 2342 994 2420 scripseris,
1009 2341 1175 2420 imputaui
1185 2339 1248 2401 hoc
1257 2341 1324 2402 tuis
1335 2342 1473 2421 negotiis

278 2424 436 2504 plurimis,
448 2443 637 2503 quanquam
648 2445 765 2505 parum
776 2425 892 2485 fuisset
903 2424 969 2486 duo
983 2429 1044 2485 aut
1058 2424 1123 2484 tria
1138 2423 1240 2485 verba
1254 2426 1472 2504 rescripsisse;
1486 2449 1519 2485 20

278 2507 335 2568 sed
358 2509 460 2587 magis
485 2527 536 2568 me
561 2507 681 2569 vrebat
705 2507 794 2586 quod
821 2507 877 2569 ille
905 2506 1073 2586 ineptulus
1097 2507 1132 2567 in
1155 2506 1232 2568 aula
1256 2506 1474 2587 Campegiana

278 2592 435 2669 sparserit
450 2592 483 2651 in
499 2591 619 2652 mensis
632 2598 668 2652 et
681 2592 788 2652 triuiis
803 2610 855 2652 me
869 2592 1035 2670 scripsisse
1049 2589 1121 2663 tibi,
1136 2590 1193 2651 sed
1211 2596 1245 2652 te
1262 2590 1344 2651 nihil
1362 2610 1473 2653 secum

279 2673 321 2733 ad
337 2693 388 2734 me
404 2675 620 2754 rescripsisse;
644 2674 724 2735 ‘ah'
739 2674 849 2736 aiebat
864 2680 934 2736 ‘est
948 2674 1003 2734 illc
1022 2673 1180 2735 Erasmus
1199 2674 1267 2753 ipsc
1287 2675 1344 2753 qui
1363 2679 1473 2736 tanto·

278 2776 354 2835 pere
370 2758 567 2836 predicatur,
579 2777 645 2819 non
659 2758 814 2837 dignatur
827 2758 1002 2819 rescribere
1014 2757 1031 2818 ’.
1075 2754 1183 2829 Quare
1194 2775 1294 2835 queso
1305 2757 1473 2831 rescribas,

279 2859 336 2900 oro
351 2839 403 2900 vel
418 2841 485 2901 tria
498 2841 610 2913 verba,
629 2842 656 2901 si
676 2847 783 2913 vacat,
799 2842 850 2902 sin
868 2841 977 2902 minus
995 2840 1038 2901 ad
1057 2839 1221 2901 Hilarium
1238 2841 1291 2901 vel
1309 2840 1473 2914 Liuinum,
1487 2866 1519 2916 25

279 2930 317 2984 vt
331 2943 459 3003 possem
474 2923 645 2986 ostendere
659 2931 693 2986 te
708 2925 907 3005 rescripsisse
921 2942 959 2985 ac
974 2944 1010 2986 os
1025 2929 1088 2985 τῶν
1097 2922 1278 3002 κακούργων
1292 2923 1472 2986 obturasse.

320 3006 399 3068 Sum
421 3009 497 3082 iam,
516 3008 652 3069 Erasme
673 3010 819 3070 omnium
840 3007 1038 3080 charissime,
1056 3007 1145 3088 apud
1164 3009 1358 3087 magistrum
1377 3007 1472 3070 Nico·

278 3089 367 3151 laum
382 3090 551 3165 Olochum,
564 3093 774 3153 secretarium
786 3093 915 3170 reginae
926 3091 1059 3164 Mariae,
1071 3110 1168 3170 quem
1184 3090 1216 3151 ἐν
1229 3097 1295 3156 τοῖς
1305 3091 1474 3170 ἑλληνικοῐς

279 3173 337 3253 ἤδη
366 3174 512 3248 παιδεύω,
542 3174 583 3237 de
610 3194 677 3254 quc
704 3175 747 3237 ad
776 3174 930 3236 Liuinum
958 3175 1134 3255 scripsisti;
1174 3176 1225 3234 vir
1252 3175 1474 3235 candidissimi

277 3259 418 3336 pectoris
432 3258 574 3331 videtur,
589 3277 656 3320 non
670 3258 777 3320 solum
792 3258 924 3319 videtur
938 3257 994 3319 sed
1009 3259 1110 3319 ctiam
1125 3263 1177 3318 est
1191 3257 1263 3322 ὅλος
1276 3256 1472 3336 φιλέρασμος,
1486 3286 1520 3336 30

277 3342 343 3418 qui,
358 3341 515 3419 quicquid
529 3343 651 3421 poterit
660 3342 768 3404 iacere
778 3349 838 3403 tua
849 3360 957 3415 causa,
969 3341 1118 3402 facturus
1129 3345 1189 3402 est.
1226 3340 1258 3401 N
1259 3342 1474 3402 udiustertius

277 3425 364 3484 inter
386 3424 592 3486 caenandum
614 3427 748 3505 optauit
773 3431 808 3486 te
836 3425 888 3485 hic
917 3444 1005 3497 esse;
1030 3424 1159 3485 aiebam
1181 3425 1296 3485 emisse
1321 3431 1355 3485 te
1377 3424 1473 3487 aedes

278 3509 403 3586 magnis
415 3509 570 3588 impensis
582 3510 665 3582 iam;
689 3510 830 3589 ‘poterit
840 3508 1017 3570 diuendere
1027 3508 1045 3582 ²,
1061 3508 1177 3586 inquit,
1193 3509 1324 3587 ‘regina
1334 3507 1474 3569 libenter

277 3590 358 3650 velit
372 3610 446 3651 eum
461 3592 551 3672 apud
565 3591 797 3670 Brab[r]antos
811 3611 880 3654 esse
890 3592 907 3654 ’.

319 3674 420 3735 Nulla
433 3676 499 3736 iam
514 3695 602 3737 noua
616 3682 694 3737 sunt
704 3681 914 3755 preterquam
926 3674 1014 3754 quod
1025 3674 1260 3754 inclytissimus
1271 3692 1329 3735 rex
1339 3672 1472 3736 Christi·
1486 3706 1519 3757 35

277 3776 375 3818 arnus
385 3765 497 3819 noster
505 3759 663 3839 postridie
671 3758 812 3840 Crispini
820 3758 1035 3838 abnauigauit
1044 3757 1118 3819 hinc
1127 3777 1169 3819 ex
1177 3757 1356 3819 Hollandia
1363 3760 1473 3836 <cum>

277 3841 524 3918 quatuordecim
550 3842 683 3904 milibus
703 3842 883 3915 hominum,
908 3861 952 3903 an
973 3842 1078 3921 possit
1099 3860 1290 3921 recuperare
1310 3842 1471 3921 patriam:

277 3925 402 3985 interea
430 3925 511 3986 nihil
540 3927 621 3987 certi
646 3926 804 3987 habemus
828 3925 909 4004 quid
933 3931 1046 3987 actum
1071 3925 1116 3986 sit
1141 3924 1182 3985 de
1206 3924 1282 3986 illo:
1318 3929 1475 4004 expectat

313 4191 334 4225 1.
354 4177 468 4242 Scripsi]
480 4176 540 4226 Tha
551 4176 635 4227 letter
643 4178 667 4227 is
678 4182 730 4227 not
738 4182 849 4228 extant.
900 4182 1002 4228 counta
1014 4177 1044 4227 oi
1054 4175 1246 4227 Marvillsnus’
1258 4182 1415 4228 executura

278 4244 334 4293 For
350 4244 401 4293 the
418 4243 556 4308 Emperor
572 4250 604 4293 at
620 4243 716 4295 Ghent
733 4259 779 4295 see
794 4244 849 4309 Ep.
933 4259 959 4305 9.
977 4243 1091 4305 Ioanni]
1102 4242 1255 4294 Unknown
1266 4250 1298 4295 to
1309 4259 1352 4294 us.

278 4324 352 4371 2502.
365 4324 411 4370 911.
935 4310 1140 4361 11-12.1issrss
1161 4347 1168 4360 .
1187 4347 1195 4361 .
1214 4346 1221 4360 .
1242 4309 1384 4373 Valdesio]
1417 4310 1472 4377 Ep.

311 4391 369 4439 3-4.
387 4392 500 4426 carmen
511 4412 519 4426 .
530 4413 536 4425 .
548 4412 555 4425 .
565 4377 601 4427 da
611 4414 618 4426 .
629 4413 635 4426 .
647 4377 850 4438 .sacramento]
901 4379 975 4440 2528.

277 4444 307 4494 It
318 4443 386 4493 does
398 4449 449 4492 not
460 4458 567 4508 appear
578 4444 644 4494 that
655 4444 713 4494 this
724 4460 808 4510 poem
818 4459 851 4495 or
936 4458 975 4494 12.
994 4443 1116 4506 Hilario]
1127 4444 1184 4494 For
1195 4443 1233 4495 H.
1243 4443 1418 4509 Bertulphus
1427 4459 1473 4495 see

277 4511 358 4560 these
377 4510 511 4574 epitaphs
530 4525 602 4562 were
621 4511 787 4576 published;
804 4526 851 4562 see
901 4511 955 4577 Ep.
970 4525 1118 4575 1²57·13¹¹·
1152 4510 1213 4561 'l'he
1226 4510 1311 4561 latter
1323 4511 1348 4561 is
1361 4517 1472 4562 notax·

278 4578 445 4626 Bibliotheca
456 4576 575 4641 Bclqim,
587 4577 644 4627 iere
655 4579 708 4628 ser.
719 4578 748 4629 J.
761 4581 803 4642 36.
900 4584 975 4629 tant.

311 4647 336 4694 6.
353 4643 488 4704 Ceratini]
496 4644 525 4695 J.
534 4643 669 4709 Teyngoi
676 4644 851 4707 Hoom‚†2c
933 4657 975 4705 29.
993 4644 1031 4696 ad
1062 4644 1195 4695 Liuinmn
1225 4643 1374 4709 scripsisti]
1405 4644 1474 4695 This

278 4712 443 4775 Apr.153o;
462 4726 508 4761 see
520 4711 645 4775 Epora.
658 4725 720 4774 31n.
900 4710 1153 4763 letteralsoianot
1164 4716 1275 4761 extant.

312 4791 335 4839 7.
354 4776 524 4839 Mamillani]
531 4778 593 4828 Nic.
603 4777 721 4837 Varius;
739 4778 848 4844 seeEp.
934 4782 1010 4842 35-6.
1028 4777 1229 4837 christiernus]
1245 4777 1348 4829 Henna
1364 4776 1414 4837 (vi.
1433 4779 1472 4838 9),

280 4845 353 4907 1481.
368 4860 430 4907 4411.
464 4844 525 4894 The
538 4844 606 4895 date
620 4843 650 4895 ci
665 4845 710 4894 his
725 4844 850 4896 deathis
899 4861 937 4896 on
944 4846 995 4896 tha
1001 4844 1150 4909 authority
1156 4844 1186 4894 ci
1193 4842 1303 4895 alatter
1313 4850 1345 4895 to
1357 4843 1472 4894 Ferdin·

278 4911 358 4960 there
370 4912 452 4975 given
464 4923 518 4960 ssa
531 4910 594 4961 Oct.
610 4924 689 4974 1529:
707 4911 762 4961 but
773 4910 849 4962 Prot.
899 4911 957 4962 and
968 4912 1043 4963 from
1053 4910 1168 4961 charles
1175 4923 1203 4969 v,
1212 4925 1278 4974 says
1289 4910 1355 4960 that
1366 4909 1472 4961 Christ-

277 4976 314 5026 de
331 4977 424 5027 Vocht
441 4977 534 5038 (Cran-
552 4977 586 5027 Ε.
628 5014 634 5027 ·
667 4978 711 5038 89)
725 4979 803 5043 gives
818 4992 851 5041 30
900 4979 948 5029 ian
970 4991 994 5028 11
1016 4976 1171 5028 emberked
1192 4982 1225 5027 at
1244 4977 1415 5028 Medemblik
1434 4992 1472 5028 cn

278 5044 351 5094 Nov.
369 5058 442 5106 1529,
459 4993 631 5110 apparentl}⁷
647 4991 722 5095 lrom
738 5044 789 5095 the
805 5060 850 5095 ac·
900 5059 933 5111 24
944 5044 1019 5105 Oct..
1031 5045 1075 5096 ia.
1085 5044 1179 5110 pridie
1190 5043 1326 5110 Crispini.
