4042 5900
289 677 386 755 2493]
542 674 598 737 ro
619 674 748 739 nona
768 673 946 738 caonas
968 674 1024 737 or
1045 673 1223 737 saxona
1425 676 1485 736 aar

332 833 417 908 Quin
430 840 465 895 et
479 833 562 895 illud
575 853 668 896 rarae
678 834 848 896 cuiusdam
856 834 1024 896 felicitatis
1037 834 1189 907 arbitror,
1204 833 1293 913 quod
1308 852 1368 894 nec
1381 834 1485 895 fortu-

289 937 351 978 nae
365 917 527 996 splendor,
541 936 602 978 nec
615 918 807 979 eruditionis
820 918 932 997 gloria,
948 937 1007 979 nec
1022 918 1123 978 animi
1137 917 1270 978 lihertas
1280 916 1424 978 multum
1438 917 1487 978 illi

289 1000 447 1061 conflauit
470 1001 621 1061 inuidiae.
665 1001 859 1063 Extiterunt
880 1001 1025 1080 quidam,
1047 1001 1105 1080 qui
1124 1001 1249 1061 nomini
1270 1000 1358 1061 illius
1378 1002 1487 1062 neseio

289 1084 369 1162 quid
384 1083 579 1145 nebularum
594 1086 704 1145 conati
718 1091 797 1145 sunt
811 1084 989 1158 offundere,
1004 1083 1063 1145 sed
1072 1084 1271 1163 integritatis
1281 1083 1369 1145 illius
1378 1082 1487 1163 fulgor
1499 1103 1532 1154 35

290 1187 328 1227 ac
355 1167 413 1240 sol,
437 1175 476 1229 vt
501 1169 550 1228 ita
574 1167 699 1246 loquar,
725 1170 876 1248 protinus
901 1168 1174 1229 calumniantium
1202 1167 1311 1228 fumos
1338 1167 1485 1247 dispulit,

290 1270 406 1329 resque
434 1270 567 1331 prorsus
595 1252 629 1312 in
658 1252 823 1312 diuersum
849 1252 954 1313 cessit.
998 1250 1086 1312 Nam
1108 1252 1170 1330 ipsi
1198 1250 1291 1311 fumo
1319 1269 1379 1311 suo
1406 1256 1486 1311 sunt

290 1335 395 1407 tincti,
410 1336 468 1413 qui
481 1334 589 1395 fumos
603 1334 828 1407 offundebant,
843 1340 879 1396 et
893 1334 1047 1395 Bilibaldi
1061 1335 1167 1394 virtus
1180 1332 1303 1395 effirlsit
1317 1333 1442 1396 clarior.

332 1416 481 1495 Denique
495 1436 582 1478 mors
597 1417 725 1496 obtigit,
740 1437 807 1497 qua
821 1419 878 1478 vix
892 1419 1001 1497 optari
1021 1418 1125 1497 possit
1144 1417 1352 1479 commodior.
1395 1416 1486 1478 Nihil

289 1501 376 1560 enim
398 1507 470 1561 erat
488 1519 593 1580 neque
614 1502 757 1580 contagii
773 1520 879 1580 neque
900 1502 1010 1580 magni
1031 1501 1203 1562 cruciatus.
1246 1498 1371 1580 Corpus
1386 1501 1486 1562 modo
1498 1521 1532 1572 4⁰

290 1583 477 1662 languebat,
499 1585 599 1645 animi
620 1585 713 1663 vigor
731 1583 775 1645 ad
790 1590 973 1645 extremum
988 1603 1092 1663 vsque
1107 1583 1249 1644 halitum
1263 1590 1336 1645 erat
1349 1585 1484 1664 integer.

290 1666 464 1728 Defecerat
478 1668 595 1729 humor
609 1666 663 1728 ille
678 1686 775 1746 quem
794 1668 913 1729 medici
931 1674 1053 1728 vocant
1072 1666 1265 1728 radicalem:
1287 1668 1400 1746 itaque
1420 1686 1486 1729 non

289 1756 361 1811 tam
382 1752 484 1812 emori
509 1770 609 1830 quam
630 1750 758 1830 placide
779 1750 1017 1812 obdormiscere
1038 1751 1128 1811 visus
1148 1757 1208 1811 est.
1251 1750 1400 1812 Extremi
1421 1771 1485 1813 ser-

290 1852 404 1894 mones
418 1853 501 1913 quos
517 1833 633 1895 habuit
653 1853 729 1895 cum
743 1834 848 1896 doctis
863 1835 985 1907 amicis,
999 1832 1081 1894 nihil
1095 1833 1185 1894 aliud
1200 1833 1371 1913 spirabant
1385 1854 1485 1914 quam

289 1918 406 1978 miram
428 1937 505 1996 erga
525 1919 668 1996 patriam
689 1919 856 1997 pietatem,
878 1917 1166 1997 flagrantissimum
1188 1916 1392 1978 Christianae
1414 1917 1485 1978 reli·
1498 1939 1532 1991 45

289 2001 394 2079 gionis
407 2019 562 2157 “gfmnl’
577 2000 1044 2145 dffqwtpfflbfimdmwffi
1054 2000 1172 2145 strkdiis
1182 2001 1277 2144 lpilam
1296 2000 1487 2146 somobtltlbit

289 2102 375 2145 nem.
472 2103 528 2145 um
542 2103 680 2145 mulsere
753 2103 809 2145 um
850 2103 944 2145 ecum
985 2103 1009 2145 n
1044 2103 1077 2145 m
1127 2102 1182 2157 .,o
1205 2102 1373 2163 nixeroga
1396 2104 1416 2145 a

290 2187 389 2246 quam
404 2173 514 2247 posset
530 2169 688 2246 ooyssime
706 2173 839 2247 pararet
857 2167 999 2246 aliquem
1023 2167 1127 2228 bonae
1148 2166 1223 2228 fidei
1243 2168 1409 2241 nuncium,
1429 2169 1486 2247 qui

290 2250 486 2330 Friburgum
501 2257 738 2312 transcurreret
752 2251 796 2311 ad
811 2250 941 2312 Zasium
955 2257 991 2312 et
1004 2251 1189 2324 Erasmum,
1203 2250 1366 2330 quaedam
1381 2251 1484 2330 perla-

290 2340 395 2395 turus.
440 2333 504 2395 Sed
526 2334 605 2395 dum
629 2333 683 2396 ille
707 2333 822 2395 sedulo
845 2335 974 2412 quaerit
1003 2335 1060 2413 qui
1089 2339 1216 2414 peteret
1239 2340 1392 2395 terrestre
1417 2334 1484 2395 Fri·
1499 2357 1533 2406 5ο

290 2417 440 2497 burgum,
463 2419 532 2497 ipse
556 2417 714 2497 postridie
737 2417 928 2479 subuolauit
952 2419 986 2478 in
1011 2416 1185 2479 coelestem
1211 2416 1484 2496 Hierosolymam.

290 2499 449 2580 Suprema
463 2520 530 2562 vox
545 2502 723 2574 morientis,
743 2520 828 2580 quae
846 2500 979 2580 quidem
1001 2501 1109 2561 audiri
1129 2506 1270 2580 poterat,
1293 2500 1372 2562 haec
1394 2508 1484 2563 erat:

291 2583 426 2645 Vtinam
443 2590 518 2663 post
533 2584 701 2645 decessum
716 2603 824 2644 meum
844 2585 926 2645 bene
942 2586 986 2645 sit
1000 2586 1138 2663 patriae,
1157 2585 1286 2645 vtinam
1306 2584 1486 2664 tranquilla

290 2669 334 2728 sit
348 2668 491 2729 ecclesia.
535 2666 603 2728 Nec
619 2667 837 2729 dubitandum
853 2668 933 2746 quin
947 2667 1074 2746 reliqua
1088 2666 1189 2728 verba
1202 2667 1325 2728 fuerint
1340 2668 1484 2730 eiusdem

289 2752 433 2829 pietatis,
448 2769 533 2830 quae
552 2770 639 2812 mors
653 2751 797 2830 linguam
813 2769 976 2831 occupans
994 2750 1202 2823 obscurabat,
1217 2752 1339 2812 nostris
1352 2751 1485 2831 quidem
1499 2773 1531 2823 55

290 2834 433 2906 auribus,
449 2841 486 2895 at
499 2854 566 2895 non
580 2836 661 2895 item
676 2834 806 2895 diuinis.

332 2916 396 2992 Qui
414 2917 492 2979 talis
513 2919 575 2979 viri
595 2924 734 2980 mortem
757 2923 879 2999 putant
901 2917 1146 2997 deplorandam,
1168 2917 1249 2997 quid
1269 2917 1362 2980 aliud
1385 2937 1485 2998 quam

290 3001 516 3063 lamentantur
530 3022 605 3063 eum
619 3002 720 3064 fuisse
734 3008 852 3063 natum
866 3002 1054 3064 hominem?
1096 3002 1223 3063 Iustius
1235 3002 1375 3064 fortasse
1389 3002 1485 3064 defle·

290 3092 342 3146 ret
355 3085 474 3164 aliquis
491 3085 656 3165 publicam
676 3086 862 3147 studiorum
883 3087 1054 3158 iacturam,
1076 3085 1166 3165 quod
1184 3085 1305 3147 festina
1321 3105 1410 3147 mors
1429 3086 1484 3147 ob·

290 3169 387 3242 stitit,
410 3188 476 3248 quo
500 3170 608 3229 minus
632 3169 677 3230 ad
700 3169 834 3248 plenum
856 3169 1037 3230 absoluerit
1058 3168 1125 3230 duo
1149 3169 1318 3249 praeclara
1338 3169 1533 3232 facinoraoo

289 3271 375 3330 quae
398 3252 589 3313 iamdudum
615 3252 823 3325 moliebatur,
845 3252 1007 3326 videlicet,
1032 3259 1071 3313 vt
1092 3252 1274 3314 Ptolemaei
1297 3251 1485 3332 cosmogra-

289 3336 401 3415 phiam
421 3336 511 3414 apud
530 3335 669 3397 Graecos
687 3338 812 3416 pariter
832 3356 870 3396 ac
892 3335 1029 3397 Latinos
1050 3336 1266 3415 deprauatam
1288 3338 1486 3412 restitueret,

290 3426 325 3480 et
344 3420 501 3480 eximium
518 3419 610 3480 illum
625 3418 829 3481 Christianae
847 3418 1073 3500 philosophiae
1086 3438 1281 3498 praeconem
1295 3419 1486 3498 Gregorium

289 3501 543 3575 Nazianzenum
559 3504 604 3563 sic
619 3502 737 3564 Latine
751 3503 941 3581 loquentem
955 3502 1051 3564 nobis
1068 3502 1163 3564 daret
1178 3509 1217 3564 vt
1233 3501 1349 3564 Graeci
1366 3523 1485 3565 sermo-

289 3587 340 3646 nis
354 3585 463 3646 fontes
478 3605 575 3647 nemo
589 3585 833 3648 desideraturus
851 3587 961 3648 fuerit.
1005 3583 1070 3647 Sed
1091 3588 1165 3665 quis
1184 3586 1249 3647 fuit
1266 3605 1412 3665 vnquam
1435 3588 1532 3660 viros

289 3668 448 3742 eruditus,
463 3678 523 3731 aut
537 3670 620 3749 pius,
635 3675 670 3731 et
684 3670 823 3749 publicis
836 3676 937 3731 natus
950 3669 1140 3742 commodis,
1154 3671 1211 3749 qui
1226 3689 1292 3731 non
1301 3670 1486 3732 istiusmodi

290 3752 331 3814 de
346 3755 608 3831 sequerimonias
625 3754 812 3832 posteritati
828 3752 1019 3832 reliquerit?
1061 3752 1169 3827 Quum
1191 3754 1277 3814 enim
1299 3753 1383 3815 tales
1403 3774 1486 3816 nun-

289 3854 390 3914 quam
404 3855 470 3897 non
479 3836 658 3898 moliantur
666 3836 792 3916 aliquid
799 3837 957 3915 praeclari
967 3836 1132 3909 facinoris,
1143 3843 1244 3916 atque
1254 3836 1289 3897 id
1299 3836 1486 3916 impensius,

290 3938 356 3997 quo
370 3921 473 3998 magis
487 3920 649 3981 accedunt
663 3921 707 3982 ad
721 3925 905 3981 extremum
919 3921 993 3981 aeui
1007 3920 1104 3993 diem,
1119 3919 1189 3982 fieri
1203 3939 1270 3980 non
1280 3926 1393 3999 potest
1406 3922 1486 4000 quin

290 4021 387 4075 mors,
403 4003 665 4082 quandocunque
678 4003 844 4077 acciderit,
858 4004 1023 4082 egregium
1036 4003 1171 4082 aliquod
1184 4004 1375 4064 institutum
1386 4005 1486 4065 inter·
1500 4025 1534 4076 70

290 4092 441 4165 rumpat:
465 4106 632 4166 quumque
653 4106 822 4166 nunquam
848 4088 910 4166 ipsi
932 4086 1029 4148 finem
1051 4087 1175 4148 faciant
1196 4087 1424 4148 benemerendi
1446 4088 1486 4149 de

289 4188 406 4248 genere
420 4170 574 4244 humano,
589 4171 738 4250 profecto
752 4189 881 4231 necesse
894 4176 946 4231 est
960 4177 999 4232 vt
1015 4171 1106 4250 prius
1125 4172 1230 4231 vitam
1250 4168 1367 4232 finiant
1385 4190 1486 4250 quam

290 4254 456 4314 instituta.
499 4253 574 4315 Non
590 4255 669 4314 haee
689 4273 728 4315 eo
747 4253 828 4314 mihi
846 4253 1012 4327 dicuntur,
1027 4253 1203 4315 clarissime
1217 4255 1377 4333 princeps,
1392 4256 1487 4333 quasi

290 4355 408 4414 parum
436 4336 582 4416 expolita
607 4339 673 4399 sint
697 4356 782 4417 quae
806 4337 902 4399 nobis
924 4337 1067 4416 reliquit,
1091 4337 1149 4398 sed
1168 4338 1258 4417 quod
1274 4337 1378 4399 lector
1399 4337 1486 4400 forte

291 4421 378 4481 tanti
393 4419 527 4481 artificis
541 4416 726 4500 supremain
741 4440 878 4483 manum
891 4420 1014 4482 alicubi
1027 4421 1071 4482 sit
1085 4420 1339 4483 desideraturus.
1499 4441 1532 4493 75

332 4502 372 4563 In
395 4502 550 4583 Gregorio
575 4503 782 4566 Nazianzeno
806 4505 914 4585 pietas
936 4504 1173 4584 propemodum
1190 4524 1232 4566 ex
1253 4523 1359 4584 aequo
1379 4511 1487 4567 certat

290 4605 365 4647 cum
380 4587 543 4649 facundia.
587 4586 650 4649 Sed
665 4594 756 4650 amat
767 4586 985 4667 significantes
999 4589 1155 4668 argutias,
1170 4607 1254 4667 quas
1272 4607 1311 4649 eo
1325 4588 1487 4650 difficilius

289 4677 341 4731 est
361 4669 478 4732 Latine
499 4671 643 4745 reddere,
665 4672 756 4750 quod
775 4672 949 4752 pleraeque
973 4679 1054 4733 sunt
1078 4673 1113 4733 in
1135 4671 1245 4733 verbis
1265 4673 1358 4733 sitae.
1401 4671 1488 4733 Tota

290 4773 369 4815 vero
386 4754 514 4833 phrasis
533 4754 680 4816 nonnihil
698 4755 826 4817 accedit
844 4755 889 4816 ad
908 4760 1110 4816 structuram
1128 4755 1349 4816 Isocratioam.
1392 4753 1487 4818 Adde

289 4837 381 4915 quod
408 4837 449 4898 de
477 4839 574 4900 rebus
602 4838 730 4912 diuinis,
759 4857 845 4918 quae
875 4839 932 4899 vix
960 4838 1036 4899 vllis
1065 4839 1173 4900 verbis
1206 4838 1357 4900 humanis
1384 4837 1485 4917 expli·
1500 4846 1535 4896 80

291 4922 357 4982 cari
392 4929 540 5001 possunt,
575 4921 716 4984 libenter
752 4941 790 4984 ac
823 4921 1013 5002 frequenter
1048 4921 1308 5003 philosophatur.
1372 4920 1488 4984 Frater

604 5053 645 5106 35.
664 5038 852 5106 azfulgurJ.
919 5039 1177 5093 metaeth.
