4042 5900
438 592 501 654 aso
793 590 991 655 narrans
1012 590 1068 654 or
1089 589 1293 655 essenus
1563 595 1652 673 [1531

438 770 490 813 me
513 750 575 812 boc
597 751 660 812 tibi
683 751 849 830 scripsisse
870 751 958 825 olim,
980 750 1201 813 declaratione
1222 751 1303 812 satis
1323 758 1460 830 aperta,
1485 750 1653 825 videlicet,

437 834 495 896 vbi
516 833 694 913 quomdam
716 839 784 895 tres
805 834 931 896 nobiles
950 836 985 896 in
1004 836 1108 914 spatie
1127 835 1311 896 efficiebant
1329 833 1470 908 libram,
1491 836 1566 897 iam
1587 854 1652 915 pre

391 939 425 990 3⁰
437 917 528 979 dicto
542 923 720 996 augmento
733 917 880 979 efficiunt
898 918 1017 979 libram
1037 937 1111 979 cum
1131 918 1261 980 duobus
1280 916 1394 979 solidis
1416 918 1603 999 sterlingis
1622 924 1653 980 et

437 1000 553 1062 medio.

478 1083 533 1145 Ita
548 1082 586 1144 fit
600 1084 701 1145 etiam
715 1091 755 1146 vt
768 1084 894 1146 nobiles
908 1084 955 1145 illi
969 1097 1009 1161 35
1024 1085 1151 1164 accepti
1164 1086 1200 1145 in
1212 1083 1341 1164 Anglia,
1355 1083 1451 1146 vltra
1469 1091 1653 1147 coronatos

436 1183 477 1246 49
490 1186 557 1228 non
572 1167 736 1229 valuerint
750 1187 810 1229 nec
825 1168 892 1229 sint
907 1169 1095 1248 permutati,
1107 1169 1301 1247 quitatione
1312 1169 1416 1228 trium
1426 1168 1606 1230 nobilium
1620 1170 1653 1229 in

436 1252 540 1330 spetie
554 1270 615 1330 pro
629 1251 715 1313 libra
729 1251 915 1312 habuerant
928 1253 1094 1313 coronatis
1108 1251 1348 1331 quinquaginta
1361 1270 1421 1312 sex
1436 1254 1644 1331 permutari

391 1354 423 1405 ³⁵
478 1333 523 1394 Et
537 1352 604 1412 quo
617 1354 686 1395 rem
701 1334 841 1395 lucidius
854 1336 974 1414 capias,
989 1333 1066 1395 vide
1080 1334 1170 1413 quod
1185 1341 1399 1413 augmentum
1420 1335 1560 1397 valoris
1580 1338 1653 1398 auri

436 1417 482 1478 sic
496 1418 622 1478 factum
637 1419 671 1479 in
685 1417 803 1497 Anglia
814 1418 876 1479 hoc
887 1418 1015 1491 efficiat,
1028 1424 1067 1478 vt
1081 1418 1144 1478 sibi
1154 1417 1273 1498 vulgus
1285 1418 1464 1479 retinuerit
1480 1419 1652 1481 nobilium

436 1519 555 1562 nomen
584 1508 618 1563 et
646 1501 697 1561 his
726 1501 832 1562 tribus
860 1501 1036 1562 exsoluant
1063 1506 1198 1563 vetusto
1225 1520 1316 1562 more
1344 1500 1467 1562 libram
1479 1524 1489 1575 ;
1532 1523 1650 1564 verum

436 1583 594 1646 soluendo
615 1591 649 1646 et
670 1584 873 1646 numerando
892 1583 975 1645 dant
994 1586 1150 1664 pecunias
1169 1588 1267 1646 tanto
1285 1584 1397 1664 pluris,
1414 1592 1557 1663 quanto
1571 1606 1650 1666 ang·

436 1674 621 1728 mentatum
636 1674 687 1728 est
701 1687 819 1729 aurum
834 1667 945 1730 valore
960 1674 995 1729 et
1009 1669 1134 1748 pretio;
1156 1667 1218 1729 hoc
1232 1674 1284 1728 est
1301 1667 1447 1729 nobilem
1467 1669 1507 1729 in
1530 1672 1650 1750 spatie,

389 1774 423 1825 40
436 1752 493 1829 qui
507 1750 684 1829 quomdam
699 1751 806 1812 valuit
820 1751 941 1813 solidos
961 1770 1018 1811 sex
1038 1770 1113 1812 cum
1133 1751 1276 1812 denariis
1295 1757 1370 1813 octo
1389 1750 1569 1831 sterlingis
1589 1773 1652 1833 pro

436 1833 548 1895 solidis
573 1840 700 1913 septem
723 1854 799 1896 cum
823 1834 959 1896 dimidio
982 1841 1166 1896 numerent.
1210 1833 1262 1896 Sic
1287 1836 1344 1914 qui
1367 1834 1429 1895 tibi
1455 1836 1651 1898 exsoluunt

435 1916 535 1978 libras
557 1918 610 1978 vel
630 1917 757 1979 nobiles
778 1920 812 1978 in
832 1918 959 1997 Anglia,
980 1937 1048 1979 non
1067 1918 1150 1979 dant
1168 1918 1294 1979 nobiles
1313 1920 1348 1979 in
1362 1918 1477 1997 spatie,
1496 1919 1563 1980 sed
1579 1928 1649 1981 tres

435 2001 561 2062 nobiles
575 2000 843 2062 denominatitios
858 2020 918 2081 pro
932 2001 1026 2073 libra,
1042 2008 1077 2063 et
1091 2020 1173 2081 quos
1188 2002 1222 2061 iu
1238 2003 1340 2081 apetie
1358 2008 1426 2061 tres
1446 2011 1649 2077 numerant,

435 2084 517 2145 dant
538 2103 598 2164 pro
620 2084 732 2145 solidis
753 2085 871 2163 viginti
890 2084 1019 2145 duobus
1038 2091 1073 2145 et
1092 2084 1217 2159 medio;
1243 2084 1305 2146 hoc
1324 2086 1397 2146 auri
1416 2084 1511 2162 quod
1533 2088 1648 2148 minus

388 2188 421 2241 45
435 2167 533 2229 solito
558 2168 642 2228 dant
669 2187 729 2247 pro
758 2167 852 2241 libre,
878 2188 937 2230 suo
962 2168 1167 2241 chommodo,
1191 2175 1251 2230 tuo
1279 2174 1392 2229 tamen
1419 2167 1646 2244 detrimento,

434 2258 602 2312 sumentes
616 2251 688 2312 sibi.

476 2334 548 2395 Iam
562 2340 614 2396 est
629 2334 718 2414 quod
732 2333 897 2396 Castricus
912 2336 1070 2414 receperit
1087 2340 1163 2395 tuas
1183 2337 1338 2414 pecunias
1358 2334 1545 2413 dequibus
1566 2356 1645 2399 con-

435 2419 588 2497 queraris,
614 2424 674 2479 tuo
703 2417 846 2492 Querino
874 2424 1035 2497 presente,
1064 2420 1192 2479 ratione
1220 2417 1379 2479 librarum
1408 2425 1443 2478 et
1472 2418 1644 2481 nobilium

434 2501 682 2563 decurtatorum
704 2508 744 2562 vt
765 2504 829 2563 iam
852 2507 941 2575 sunt,
963 2507 998 2563 et
1019 2507 1057 2562 tu
1077 2509 1177 2582 putas
1196 2501 1309 2563 forsan
1326 2502 1375 2562 illi
1392 2508 1594 2564 numeratos
1608 2506 1644 2565 in

389 2606 422 2656 50
434 2586 538 2664 apetie
553 2585 687 2647 nobiles.
731 2584 836 2646 Velim
852 2590 885 2646 te
900 2585 998 2645 huius
1008 2586 1054 2646 rei
1066 2604 1135 2646 esse
1149 2587 1349 2665 capatiorem
1361 2603 1461 2663 quam
1472 2588 1641 2665 experior.

434 2667 623 2729 Delucidius
639 2675 752 2729 tamen
762 2669 943 2729 describere
958 2668 1020 2728 tibi
1035 2687 1102 2729 non
1117 2670 1221 2747 potui.
1263 2668 1361 2730 Hisce
1378 2667 1538 2748 predictis
1557 2670 1640 2732 duo-

433 2750 496 2812 bus
517 2752 758 2832 exemplaribus
780 2751 881 2813 habes
902 2771 960 2831 pre
982 2751 1084 2813 oculis
1105 2751 1185 2831 quid
1208 2753 1253 2812 sit
1278 2751 1494 2825 differenciae,
1516 2759 1556 2813 et
1583 2754 1641 2815 rbi

434 2834 539 2896 lateat
552 2855 651 2909 error,
663 2838 721 2914 qui
735 2836 869 2896 detenet
883 2841 935 2896 te:
958 2855 1036 2896 nam
1051 2842 1090 2896 vt
1104 2855 1144 2896 ex
1157 2835 1322 2896 coronatis
1332 2836 1471 2914 receptis
1483 2836 1518 2895 in
1529 2840 1640 2916 spetie

434 2920 589 2998 accepisti
614 2921 739 2999 integre
764 2918 853 2998 quod
878 2918 994 2980 datum
1020 2924 1080 2992 est,
1103 2920 1152 2980 ita
1176 2938 1217 2980 ex
1246 2918 1338 2980 libris
1367 2919 1436 2979 siue
1465 2918 1640 2982 nobilibus

388 3023 420 3073 55
434 3001 693 3064 denominatitiis
722 3005 816 3064 iuxta
845 3004 917 3063 auri
946 3004 1090 3083 pretium
1119 3009 1153 3064 et
1181 3003 1339 3063 librarum
1370 3002 1639 3066 decurtationem

434 3085 592 3147 similiter.
635 3085 799 3147 Castricus
814 3088 913 3147 etiam
929 3086 1029 3146 simili
1042 3086 1141 3146 modo
1155 3086 1247 3147 dedit
1258 3085 1403 3147 valorem
1418 3087 1639 3166 pecuniarum

433 3169 468 3228 in
487 3168 577 3229 libris
597 3176 632 3230 et
650 3170 775 3230 nobiles
795 3169 1063 3231 denominatitios
1080 3175 1300 3248 acceptarum.
1344 3168 1406 3243 Qui
1422 3175 1511 3230 certe
1526 3169 1572 3231 ab
1588 3190 1638 3245 eo,

434 3251 523 3330 quod
544 3272 637 3312 secus
658 3253 692 3312 in
714 3252 800 3313 hunc
820 3252 906 3313 forte
926 3254 1109 3332 suspicaris,
1128 3252 1298 3313 habendus
1317 3259 1369 3314 est
1388 3254 1556 3314 immunis.
1604 3254 1639 3317 Si

434 3335 550 3396 fuisset
564 3335 663 3408 aliud,
679 3355 738 3415 ego
753 3337 923 3397 sensissem
939 3342 974 3396 et
987 3355 1053 3396 non
1068 3336 1239 3397 siluissem.

386 3441 421 3488 (χ,
474 3418 562 3479 Ante
590 3419 717 3497 aliquot
746 3438 873 3480 menses
904 3421 1061 3479 iusseram
1092 3438 1150 3498 per
1183 3418 1358 3497 quemdam
1393 3421 1638 3498 negotiatorem

433 3500 679 3564 Curtracensem
699 3522 719 3562 a
738 3503 872 3564 domino
892 3502 939 3565 Io.
960 3502 1000 3563 de
1022 3502 1117 3563 Hont
1137 3503 1247 3581 expeti
1269 3502 1409 3563 mediam
1430 3504 1636 3581 pensionem.

433 3584 527 3646 Dixit
542 3594 613 3646 tum
629 3585 717 3646 hisce
732 3586 888 3647 nundinis
908 3606 942 3647 se
960 3586 1137 3646 missurum
1157 3585 1239 3645 duas
1261 3584 1367 3646 simul.
1412 3585 1483 3647 Iam
1505 3586 1637 3648 denun-

433 3669 531 3729 tiauit
546 3669 628 3729 mihi
641 3689 674 3730 se
689 3670 779 3748 prius
794 3675 1035 3730 conuenturum
1052 3669 1239 3728 Barbirium
1258 3668 1489 3747 pretenditque
1509 3689 1545 3730 se
1565 3689 1639 3732 non

433 3751 574 3831 amplius
589 3754 739 3832 pensioni
752 3753 801 3813 illi
815 3752 1006 3831 obligatum.
1050 3752 1121 3830 Ego
1134 3753 1251 3831 scripsi
1265 3751 1414 3813 Barbirio
1434 3759 1468 3813 et
1487 3751 1637 3829 Molano,

385 3856 419 3916 ⁶5
432 3841 471 3895 vt
496 3854 564 3896 rem
590 3835 780 3909 dilucident,
806 3855 872 3915 quo
897 3835 1106 3896 satisfatiaris
1130 3837 1295 3915 pensione,
1321 3840 1356 3895 et
1380 3835 1456 3895 hinc
1481 3842 1639 3914 prestent

432 3917 594 3979 bonorum
608 3920 754 3980 virorum
770 3920 917 3981 offitium.
961 3917 1062 3997 Spero
1076 3920 1120 3978 sic
1135 3918 1290 3979 facturos.

473 4000 571 4063 Cesar
585 4009 682 4082 perat
696 4004 758 4063 iter
772 4003 815 4063 ad
832 4002 1050 4072 Germaniam,
1066 4009 1289 4063 conuenturus
1310 4002 1477 4081 Principes
1496 4001 1638 4081 Imperii

431 4085 521 4165 apud
543 4084 680 4165 Spiram.
724 4086 840 4165 Ayunt
862 4092 941 4146 ante
965 4084 1141 4146 Octobrem
1167 4104 1233 4145 non
1257 4086 1468 4146 moniturum.
1512 4084 1637 4149 Nescio

432 4187 475 4229 an
494 4169 545 4229 his
565 4175 748 4231 conuentus
768 4171 812 4230 sit
831 4169 1013 4248 sperandus
1032 4168 1156 4229 felicior
1173 4171 1273 4247 priori
1287 4167 1496 4247 Augustensi.
1540 4168 1635 4231 Deus

386 4284 419 4335 70
431 4252 605 4331 prouideat
626 4255 735 4314 omnia
756 4252 902 4314 feliciter.
946 4251 1035 4323 Vale,
1055 4251 1243 4312 charissime
1265 4253 1410 4325 Erasme,
1432 4251 1528 4331 longe
1549 4251 1634 4314 felix

431 4341 466 4396 et
479 4355 622 4415 prosper.
666 4337 717 4396 Ex
731 4336 907 4416 Anuerpia.
951 4335 1072 4395 xxviii⁸
1084 4334 1226 4413 Augusti
1242 4351 1342 4412 ‚1531.

1046 4419 1098 4478 Ex
1112 4420 1223 4479 animo
1238 4425 1315 4479 tuus
1330 4419 1422 4480 Erae.
1438 4415 1589 4481 Sohetus.

479 4525 648 4594 ÷Summo
673 4527 925 4606 doctissimoque
950 4527 1023 4588 viro
1050 4526 1183 4588 domino
1212 4527 1349 4587 Erasmo
1379 4526 1632 4602 Rotterodamo,

430 4612 536 4672 amico
549 4612 712 4691 precipuo.
756 4611 915 4690 Friburgi.

435 4723 702 4827 'aspersus-m]
736 4762 787 4812 Sea
822 4762 897 4828 Epp.
927 4776 1002 4828 2404,
1087 4763 1130 4813 68.
1148 4762 1227 4827 apud
1251 4762 1373 4827 Spiram]
1397 4760 1448 4811 See
1471 4761 1526 4826 Ep.
1550 4775 1630 4824 2511.

431 4831 507 4895 2487.
521 4831 580 4893 7-8‚
592 4842 668 4895 2494.
680 4842 758 4890 9-12,
771 4841 846 4891 2511.
861 4843 952 4894 12-14.
1054 4842 1116 4893 ⁴311·
