4042 5900
508 663 567 726 142
855 659 1053 724 LETTERS
1073 660 1129 724 OF
1150 659 1355 725 ERASMUS
1607 664 1706 742 [1531

505 865 566 927 pro
580 846 668 909 virili
680 846 873 909 emendabo.
910 846 1011 908 Mitto
1025 845 1087 908 tibi
1101 846 1229 908 interea
1239 845 1488 926 prouerbiorum
1499 844 1628 921 δεκάδα,
1644 853 1707 910 aut

506 930 747 1010 sesquidecada,
763 949 848 1010 quae
862 930 952 991 haud
967 931 1034 991 scio
1049 949 1093 991 an
1107 930 1194 992 inter
1208 934 1269 991 tua
1283 931 1498 1011 reperiantur.

791 1216 949 1281 ”³³2434.
996 1216 1050 1282 Το
1066 1214 1184 1282 Snrou
1200 1214 1414 1283 Gauusuus.

542 1345 678 1419 Grynaei
689 1345 849 1418 Epistolae
862 1363 893 1417 p.
910 1359 974 1414 123.
1335 1427 1376 1486 (0.
1390 1345 1666 1493 Fffirrqigqrggw

763 1539 830 1601 [For
840 1539 891 1590 ths
902 1538 970 1589 date
981 1537 1112 1603 assigned
1124 1554 1170 1589 see
1181 1539 1237 1604 Ep.
1250 1553 1316 1603 2433
1327 1538 1445 1601 introd]

670 1662 825 1708 ultasmvs
838 1662 1089 1708 Rousltonamvs
1104 1662 1223 1708 smom
1237 1663 1401 1709 samso
1423 1663 1449 1708 8.
1460 1663 1489 1707 P.
1500 1663 1533 1707 D.

547 1754 578 1818 S.
623 1756 672 1818 Vs
688 1754 801 1835 paucis
821 1755 863 1816 ad
883 1759 959 1815 tuas
976 1754 1099 1827 literas,
1120 1755 1219 1834 idque
1236 1760 1454 1834 praepostere,
1476 1754 1704 1835 respondeam,

505 1840 594 1919 quod
609 1859 702 1901 meus
715 1858 785 1900 esse
799 1837 951 1917 gaudeas,
967 1838 1050 1898 scias
1062 1836 1161 1898 velim
1172 1837 1233 1899 hoc
1245 1838 1307 1898 tibi
1318 1857 1446 1899 mecum
1454 1857 1525 1900 esse
1536 1844 1703 1901 mutuum.

505 1923 578 1984 Hoc
599 1924 651 1984 ius
673 1924 707 1983 in
728 1920 919 1983 Gratiarum
941 1919 1065 1982 tabulis
1087 1922 1246 2000 scriptum
1267 1927 1337 1982 est:
1360 1922 1506 1983 nondum
1528 1928 1642 1983 tamen
1663 1943 1706 1985 eo

505 2007 648 2087 processi
669 2005 892 2085 improbitatis
914 2010 953 2065 vt
974 2001 1163 2084 Grynaeum
1188 2006 1294 2066 ausim
1319 2024 1464 2085 arguere,
1487 2025 1619 2067 monere
1645 2007 1705 2067 vix

477 2090 696 2170 5sustineam.
750 2088 848 2149 Absit
877 2093 989 2149 autem
1018 2094 1058 2149 vt
1086 2089 1228 2150 amicum
1257 2089 1471 2150 sanctissimis
1503 2095 1703 2170 occupatum

508 2173 675 2234 laboribus
690 2172 805 2233 multis
821 2190 951 2233 onerem
966 2172 1117 2250 negociis.

547 2256 597 2317 De
614 2255 751 2317 Claudio
768 2256 971 2335 scripseram,
989 2256 1024 2314 ni
1043 2254 1150 2328 fallor,
1168 2260 1207 2315 vt
1228 2255 1256 2315 si
1277 2273 1343 2333 qua
1364 2255 1398 2316 in
1420 2274 1454 2316 re
1476 2256 1570 2317 vobis
1590 2262 1705 2336 posset

505 2359 576 2401 esse
595 2340 678 2412 vsui,
693 2344 776 2419 puta
793 2340 828 2398 in
846 2337 1063 2418 praelegendo
1079 2337 1247 2418 discipulis
1266 2339 1343 2412 tuis,
1358 2344 1419 2399 aut
1433 2340 1703 2418 recognoscendis

506 2423 642 2502 paginis,
660 2427 809 2483 maneret
830 2422 904 2483 istic
923 2440 1051 2483 menses
1071 2422 1159 2482 treis.
1204 2420 1314 2482 Simile
1328 2422 1487 2501 quiddam
1507 2424 1702 2503 scripseram

462 2538 494 2574 10
506 2506 709 2585 Hieronymo
733 2504 903 2566 Frobenio.
955 2503 1013 2566 Sin
1042 2505 1160 2578 minus,
1186 2505 1282 2566 dares
1310 2505 1351 2566 de
1379 2524 1452 2566 meo
1480 2506 1564 2567 duos
1592 2506 1702 2568 adhuc

506 2589 654 2663 florenos,
680 2590 865 2667 sineresque
891 2606 957 2666 quo
979 2586 1082 2649 vellet
1107 2588 1217 2649 abire:
1250 2606 1310 2649 neo
1335 2588 1431 2650 video
1453 2608 1513 2650 our
1538 2589 1580 2650 ad
1606 2588 1702 2651 illum

506 2672 725 2752 ablegandum
749 2672 825 2733 fuco
851 2671 896 2731 sit
920 2690 1012 2749 opus.
1056 2670 1120 2732 Hic
1145 2671 1281 2751 ingenue
1305 2670 1413 2732 lassus
1441 2678 1492 2733 est
1520 2673 1628 2733 ocium
1658 2672 1702 2734 ad

506 2756 618 2825 literas
638 2774 801 2834 quaerere.
845 2754 897 2815 Ad
915 2753 950 2814 id
971 2772 1075 2832 quum
1092 2772 1202 2815 meum
1221 2754 1392 2815 consilium
1407 2756 1596 2835 requireret,
1612 2757 1701 2817 suasi

506 2839 691 2901 vthaberet
699 2856 888 2899 crumenam
897 2836 1064 2899 differtam
1073 2836 1168 2898 bonis
1177 2836 1426 2916 aureis,sibique
1435 2846 1567 2917 pararet
1577 2839 1701 2901 iustam

462 2954 493 3005 15
506 2922 749 2996 bibliothecam,
765 2920 841 2982 dein
862 2922 926 2983 iret
947 2920 1131 2983 Louanium
1152 2925 1213 2982 aut
1233 2920 1489 3001 Norembergam
1511 2928 1572 2984 aut
1597 2923 1702 2986 sicubi

506 3006 703 3086 profitentur
737 3005 909 3078 doctiores,
938 3011 1076 3083 totoque
1105 3011 1237 3084 pectore
1266 3011 1401 3066 vacaret
1429 3005 1540 3066 Musis.
1569 3007 1699 3069 Arrisit.

506 3090 656 3170 Optarim
687 3089 735 3149 illi
763 3088 901 3149 diuitem
927 3088 1161 3161 Mecoenatem,
1183 3089 1241 3167 qui
1268 3087 1316 3149 illi
1342 3108 1402 3150 suo
1427 3095 1562 3168 sumptu
1591 3091 1700 3151 ocium

506 3174 704 3254 suppeditet.
748 3172 844 3245 Quod
868 3172 912 3233 ad
936 3171 1135 3232 famulatum
1161 3173 1293 3245 attinet,
1323 3173 1412 3233 suasi
1440 3172 1533 3233 illum
1562 3173 1609 3233 nil
1638 3175 1702 3235 nisi

506 3258 664 3318 viaticum
679 3274 845 3335 quaerere.
875 3254 943 3315 Nec
958 3254 1049 3316 aliud
1063 3274 1116 3316 me
1131 3256 1246 3329 mouit,
1262 3274 1362 3334 quam
1377 3254 1563 3317 Christiana
1577 3257 1700 3318 miseri·

460 3372 493 3408 20
506 3340 625 3402 cordia.
656 3339 720 3400 Hic
740 3344 813 3400 erat
826 3338 1025 3419 pestilentia,
1040 3345 1080 3399 vt
1094 3337 1248 3400 videbam
1266 3338 1506 3400 adolescentem
1522 3340 1556 3400 in
1571 3340 1702 3419 regione

506 3424 684 3504 peregrina,
701 3424 850 3503 ignarum
865 3421 1005 3501 linguae,
1021 3422 1143 3482 nemini
1154 3427 1280 3495 notum,
1293 3422 1429 3495 nudum,
1441 3443 1508 3484 non
1523 3422 1701 3484 habentem

507 3508 701 3580 teruncium,
717 3507 816 3584 idque
830 3505 956 3584 hyeme.
993 3504 1080 3578 Quid
1094 3504 1258 3566 facerem?
1295 3505 1433 3567 Videtur
1454 3506 1594 3567 delicate
1608 3506 1700 3567 habi-

506 3597 561 3652 tus
579 3590 622 3651 ab
640 3589 691 3650 his
710 3589 799 3669 apud
820 3608 903 3668 quos
917 3586 1016 3661 uixit,
1030 3594 1065 3648 et
1085 3588 1113 3648 si
1127 3589 1269 3649 maxime
1287 3596 1422 3668 cuperet
1440 3589 1522 3650 mihi
1535 3589 1700 3664 famulari,

506 3672 726 3735 consultarem
755 3692 799 3733 an
827 3677 914 3732 esset
942 3671 1165 3750 recipiendus:
1197 3672 1328 3733 vnioam
1356 3672 1524 3733 duntaxat
1552 3673 1700 3752 linguam

460 3787 492 3838 ²5
505 3758 620 3829 nouit;
643 3755 807 3817 imbecillo
828 3774 962 3835 corpore
984 3756 1076 3816 venit
1097 3755 1162 3816 huc
1181 3754 1323 3828 Lutetia,
1346 3775 1387 3816 ue
1408 3756 1510 3817 verbo
1531 3757 1663 3835 quidem
1680 3775 1703 3817 a

505 3859 672 3920 quoquam
694 3839 952 3901 commendatus.
996 3838 1093 3899 Nunc
1118 3859 1193 3900 cum
1218 3839 1371 3900 videatur
1393 3857 1512 3918 parum
1534 3840 1701 3901 animatus

506 3923 550 3985 ad
563 3923 773 3997 famulatum,
789 3923 829 3984 dc
843 3941 883 3983 eo
896 3941 963 3983 non
977 3928 1029 3982 est
1043 3923 1264 4000 cogitandum.
1294 3920 1449 4002 Superest
1463 3928 1503 3983 vt
1517 3928 1577 3983 aut
1591 3923 1701 3996 abeat,

506 4008 534 4067 si
549 4007 642 4068 vobis
657 4007 767 4085 grauis
781 4012 841 4079 est,
857 4011 917 4067 aut
931 4011 1075 4078 maneat,
1091 4006 1119 4065 si
1133 4005 1167 4066 id
1187 4005 1280 4067 vobis
1295 4006 1538 4067 incommodum
1554 4025 1621 4067 non
1638 4011 1700 4067 est.

506 4090 601 4164 Quod
622 4091 648 4150 si
668 4090 812 4152 charitas
831 4089 1031 4167 Euangelica
1048 4107 1108 4150 vos
1127 4096 1313 4150 commouet
1327 4094 1366 4149 vt
1380 4089 1578 4150 destitutum
1592 4088 1700 4161 alatis,

459 4204 493 4254 30
506 4173 609 4235 donec
632 4172 782 4234 alicunde
804 4174 940 4235 fortuna
963 4171 1078 4233 melior
1103 4171 1270 4252 affulgeat,
1292 4173 1444 4251 equidem
1469 4172 1613 4234 laudabo
1634 4173 1701 4252 pie·

505 4262 620 4329 tatem,
640 4262 677 4317 at
694 4275 761 4318 uon
777 4257 887 4336 patiar
904 4261 938 4317 te
959 4256 999 4317 de
1022 4255 1083 4316 hoc
1102 4274 1222 4316 nomen
1243 4256 1277 4316 in
1297 4261 1393 4317 tuum
1411 4256 1551 4317 diarium
1571 4256 1700 4317 referre.

505 4339 542 4401 τὰ
563 4339 710 4419 φίλαυτον
730 4347 765 4402 et
786 4343 854 4420 ipse
876 4339 972 4410 sensi,
994 4338 1053 4399 sed
1074 4344 1147 4399 tum
1168 4358 1244 4399 cum
1268 4339 1478 4400 dimitterem.
1523 4338 1635 4400 Habes
1659 4340 1701 4401 de

505 4423 653 4498 Claudio,
668 4443 766 4503 quem
782 4426 809 4484 si
823 4423 975 4495 dimittis,
991 4422 1128 4483 comiter
1143 4421 1378 4483 dimittendum
1393 4442 1517 4483 censeo.

548 4507 628 4569 Mihi
657 4509 765 4570 nescio
794 4507 880 4568 vnde
909 4506 1029 4567 hausta
1057 4504 1223 4566 insederat
1252 4506 1370 4585 opinio,
1400 4505 1456 4585 ὄρη
1485 4511 1607 4584 χρυσῶν
1637 4505 1702 4567 dici

460 4619 492 4671 35
506 4588 646 4653 Graece:
686 4591 742 4652 sed
775 4589 962 4669 exemplum
996 4589 1143 4649 inuenire
1170 4607 1237 4650 non
1270 4591 1374 4668 potui.
1427 4589 1559 4667 Χρυσῶν
1591 4587 1702 4669 ῥέεθρα

771 4715 847 4765 2434.
859 4727 884 4778 7.
902 4718 999 4779 posset
1010 4713 1189 4778 mmmm:
1207 4715 1299 4779 possit
1310 4713 1393 4780 (ἔψη.
1406 4715 1440 4765 E.

539 4883 614 4933 2433.
632 4886 674 4946 36.
693 4878 798 4942 δεκάδα]
815 4880 958 4945 Probably
974 4881 1019 4930 ior
1038 4880 1079 4930 in·
1131 4880 1195 4942 bus]
1202 4879 1501 4940 Perhapstheversion
1508 4881 1538 4930 oi
1545 4881 1596 4931 the
1603 4881 1701 4932 Homi-

506 4948 717 5000 olusioninthe
728 4949 972 5012 apophthegmata.
1130 4946 1438 4998 lissontheRomans.

540 5016 615 5066 2434.
634 5018 692 5078 5-6.
711 5015 898 5067 sanctissimis
913 5051 920 5066 .
937 5013 1079 5065 ..labori-
1166 5027 1206 5063 10.
1225 5013 1376 5077 Frobsnio]
1384 5014 1439 5079 Ep.
1452 5026 1527 5078 ²41²·
1540 5028 1633 5078 42-52.
