4042 5900
442 694 483 753 52
773 691 972 756 LETTERS
992 691 1049 755 OF
1070 691 1275 756 ERASMUS
1555 697 1647 774 [1530

442 851 573 913 illarum
588 872 697 913 rerum
711 872 794 932 quas
809 853 934 927 notaui,
950 853 1091 914 alteram
1106 852 1202 915 video
1216 854 1349 932 penitus
1363 854 1645 933 praetermissam,

397 957 429 1009 7⁵
442 936 582 997 alteram
596 935 759 997 lenissime
774 942 910 1008 tactam,
925 937 1059 997 mirifice
1079 956 1152 998 sum
1167 941 1228 997 tua
1241 936 1468 998 moderatione
1487 939 1596 999 animi
1615 945 1646 1000 et

442 1018 619 1099 prudentia
640 1017 842 1091 delectatus;
865 1039 941 1081 nam
961 1025 1093 1081 caetera
1109 1026 1170 1081 tua
1190 1020 1224 1079 in
1241 1019 1298 1080 illo
1315 1026 1351 1082 et
1370 1019 1575 1083 admiranda
1591 1041 1646 1084 nec

442 1122 539 1175 noua,
551 1103 708 1164 orationis
723 1102 885 1182 splendor,
900 1104 1057 1183 grauitas,
1072 1105 1175 1183 copia,
1191 1123 1300 1165 mrum
1314 1122 1399 1183 quae
1409 1107 1646 1167 tractanturin

443 1205 482 1246 eo
496 1186 640 1246 varietas
654 1193 689 1246 et
703 1184 856 1265 dignitas,
871 1193 906 1247 et
921 1186 1054 1266 quidem
1074 1186 1242 1266 triplicata
1260 1187 1351 1260 serie,
1374 1193 1414 1248 vt
1433 1190 1646 1269 perspicuum

444 1270 488 1329 sit
503 1270 660 1330 orationis
675 1268 847 1330 thesauros
861 1289 928 1330 non
942 1270 1108 1331 exhauriri
1122 1269 1212 1350 apud
1231 1276 1266 1331 te
1285 1270 1391 1331 veluti
1405 1270 1578 1347 collectos,
1593 1273 1647 1334 sed

397 1361 430 1410 80
443 1371 570 1431 semper
592 1358 727 1413 scatere.
771 1353 881 1431 Atque
904 1373 964 1433 ego
987 1373 1062 1415 oum
1084 1372 1193 1414 meum
1215 1352 1344 1414 dicendi
1365 1373 1469 1433 genus
1491 1374 1647 1436 comparo

443 1455 518 1495 cum
533 1442 602 1508 tuo,
618 1437 741 1515 aspicio
755 1436 851 1516 plane
866 1456 917 1497 me
932 1456 1060 1515 serpere
1075 1437 1176 1509 humi,
1191 1442 1226 1497 et
1244 1438 1342 1497 nimis
1360 1436 1576 1500 familiariter
1595 1439 1648 1501 ills

443 1518 556 1580 diuina
570 1520 709 1592 tradere,
726 1539 810 1599 quae
825 1526 863 1580 tu
877 1519 1093 1598 μυστικώτερα
1107 1540 1178 1581 esse
1192 1520 1283 1593 facis,
1299 1526 1334 1580 et
1353 1540 1392 1581 ea
1407 1521 1441 1580 in
1457 1540 1521 1583 sua
1541 1523 1646 1602 grani·

444 1609 515 1663 tate
540 1604 815 1681 venerationeque
841 1622 1024 1664 conserues.
1068 1604 1114 1663 Et
1135 1608 1247 1664 tamen
1269 1602 1425 1683 quioquid
1446 1623 1568 1666 sumus
1591 1625 1648 1686 ego

443 1692 544 1764 atque
558 1692 606 1758 tu,
627 1705 648 1745 a
667 1686 737 1746 Deo
757 1686 856 1747 ambo
876 1692 985 1748 totum
1007 1686 1215 1759 obtinemus;
1239 1688 1292 1747 oui
1306 1688 1446 1765 gratiam
1463 1694 1501 1750 et
1514 1687 1647 1751 landem

397 1778 430 1839 85
444 1775 706 1848 perpetuumque
721 1769 913 1848 obsequium
929 1776 1095 1848 praestare
1110 1789 1223 1830 sumus
1238 1769 1398 1830 obstricti.

486 1852 535 1912 De
557 1852 721 1931 Hesycbio
745 1852 833 1931 quod
855 1855 993 1932 quaeris,
1016 1853 1195 1914 habueram
1220 1853 1425 1914 Psalmorum
1444 1851 1647 1917 Graecorum

443 1935 563 1996 librum
579 1942 747 1997 vetustate
766 1938 942 2013 insignem:
965 1938 999 1996 in
1018 1956 1058 1997 eo
1077 1937 1279 2016 prooemium
1302 1936 1459 2015 Hesychii
1481 1937 1649 2001 luculente

443 2020 601 2098 scriptum
620 2021 653 2079 in
668 2039 741 2080 eam
756 2022 954 2081 sententiam
969 2027 1008 2081 vt
1028 2020 1167 2099 probare
1181 2026 1357 2081 conaretur
1370 2039 1485 2081 omnes
1500 2021 1649 2084 Psalmcs

443 2102 580 2163 Dauidis
595 2122 673 2162 esse.
718 2103 751 2163 Is
760 2103 843 2163 liber
857 2103 938 2164 mihi
952 2123 1027 2164 cum
1038 2104 1176 2164 caeteris
1186 2103 1338 2164 omnibus
1353 2103 1459 2183 periit.
1506 2104 1650 2186 Reliqua

397 2208 431 2255 90
443 2191 522 2246 aunt
531 2185 621 2265 apud
629 2205 681 2246 me
690 2184 815 2247 Graeca
823 2187 1024 2248 collectanea
1034 2188 1068 2246 in
1080 2186 1227 2248 Psalmos
1236 2188 1361 2247 incerto
1372 2192 1519 2261 auctore,
1526 2190 1650 2270 scripta

443 2288 511 2330 non
520 2275 590 2329 tam
599 2270 727 2348 copiose
736 2289 835 2349 quam
848 2270 1023 2348 eleganter,
1033 2269 1153 2348 quibus
1161 2271 1336 2349 praecipue
1345 2276 1440 2331 vtor:
1456 2271 1492 2332 in
1501 2271 1542 2332 iis
1552 2273 1648 2334 inter-

444 2353 523 2414 dum
535 2354 658 2413 citatur
668 2353 861 2431 Hesychius.
893 2352 957 2414 Sed
966 2372 1026 2432 ego
1035 2373 1110 2414 oum
1118 2353 1176 2414 illa
1186 2352 1258 2431 legi,
1270 2358 1305 2414 et
1313 2352 1511 2415 Latinorum
1521 2354 1650 2435 aliquos

444 2436 485 2497 de
500 2456 612 2497 eorum
627 2455 763 2497 numero
778 2455 860 2515 quos
875 2436 1053 2516 praedicas,
1069 2456 1136 2497 non
1150 2442 1219 2497 tam
1235 2436 1366 2497 illorum
1380 2437 1650 2515 explanationem

445 2519 542 2580 valde
559 2538 698 2598 sequens
717 2539 816 2598 quam
836 2519 973 2599 Spiritui
992 2526 1108 2581 saneto
1129 2520 1323 2600 permittens
1344 2538 1398 2581 me
1418 2525 1542 2595 totum,
1565 2522 1651 2584 feror

398 2621 431 2671 95
445 2622 640 2681 quacunque
655 2623 707 2663 me
722 2603 776 2664 ille
791 2609 909 2664 vocat:
933 2605 1025 2664 ouius
1039 2605 1168 2664 vtinam
1182 2609 1222 2663 vt
1236 2603 1415 2683 spiritualis
1429 2603 1463 2664 in
1473 2622 1529 2665 me
1540 2604 1650 2677 horno,

446 2687 490 2745 sic
512 2687 612 2747 etiam
628 2686 805 2765 corporalis
824 2686 985 2766 templum
1000 2687 1153 2748 idoneum
1168 2706 1238 2747 esse
1252 2688 1382 2765 posset!
1426 2686 1518 2748 Deus
1536 2696 1651 2751 antem

445 2770 591 2829 omnium
607 2777 733 2849 potens,
750 2771 807 2849 qui
821 2770 883 2831 tibi
897 2769 1026 2831 labores
1040 2777 1076 2831 et
1089 2769 1326 2831 sollicitudines
1340 2775 1376 2831 et
1389 2769 1547 2832 affectam
1563 2771 1649 2833 vale·

446 2851 596 2913 tudinem
620 2853 688 2925 dat,
713 2855 786 2932 quis
809 2855 871 2914 scit
893 2873 937 2913 an
962 2854 1084 2914 maiore
1109 2860 1169 2914 tuo
1192 2853 1280 2914 bono
1303 2852 1337 2913 id
1362 2852 1464 2914 faciat
1493 2873 1598 2933 quam
1626 2855 1651 2917 si

446 2937 589 3014 quietem
619 2935 681 2998 tibi
705 2942 740 2997 et
769 2936 867 2998 molle
894 2938 1001 2998 ocium
1025 2937 1222 3016 praeberet?
1265 2936 1426 3016 Equidem
1451 2937 1586 3001 confido
1605 2939 1651 3001 ita

386 3040 434 3076 roo
446 3039 524 3092 esse,
545 3020 690 3098 nihilque
712 3020 792 3081 mihi
807 3020 971 3082 laboriosa
990 3021 1195 3099 sollicitaque
1215 3021 1295 3093 vita,
1313 3020 1371 3081 sed
1388 3040 1567 3100 quaecum
1583 3022 1651 3085 Dec

446 3122 579 3182 prorsus
594 3104 769 3165 coniuncta
784 3106 837 3176 sit,
853 3104 986 3165 videtur
1000 3124 1035 3165 re
1049 3123 1128 3164 vera
1142 3104 1212 3165 fieri
1226 3123 1320 3184 posse
1334 3102 1471 3165 felicius.

490 3184 701 3247 Germanicae
716 3189 844 3248 nationi
858 3187 940 3248 bene
955 3189 998 3247 sit
1013 3210 1020 3261 ;
1042 3207 1118 3249 amo
1132 3189 1218 3248 enim
1229 3192 1360 3267 gentem
1371 3192 1490 3260 totam,
1502 3186 1649 3268 dignissi-

447 3289 601 3348 mamque
626 3269 769 3331 arbitror
791 3290 875 3349 quae
901 3273 934 3331 in
956 3291 1035 3331 vera
1056 3271 1181 3331 tuenda
1202 3290 1239 3331 ac
1261 3270 1474 3350 propaganda
1495 3271 1650 3353 religione

448 3373 585 3414 suorum
607 3355 767 3414 maiorum
789 3354 926 3434 gloriam
949 3361 1189 3433 consequatur:
1214 3355 1267 3414 cui
1289 3355 1346 3433 qui
1368 3354 1501 3428 obsunt,
1524 3360 1562 3417 et
1578 3375 1650 3417 con·

387 3454 433 3504 105
448 3439 614 3498 taminant
638 3439 766 3516 patriae
792 3457 869 3498 suae
895 3438 1003 3511 decus,
1028 3438 1071 3499 ad
1093 3437 1212 3499 bonam
1232 3457 1288 3498 eos
1310 3442 1454 3498 mentem
1477 3445 1651 3501 conuertat

449 3521 547 3582 Deus.

489 3604 579 3665 Tuae
594 3605 628 3664 in
643 3604 810 3666 Psalmum
825 3624 935 3665 meum
947 3605 1178 3667 annotationes
1190 3603 1271 3665 mihi
1280 3604 1494 3681 gratissimae.
1532 3605 1651 3686 Itaque

448 3689 556 3767 cogito
582 3707 735 3767 magnam
759 3695 887 3767 partem
913 3689 1044 3750 illorum
1066 3687 1260 3749 mendorum
1282 3685 1418 3759 tollere;
1440 3706 1519 3748 nam
1540 3688 1652 3769 aliqua

448 3778 528 3832 sunt
549 3791 634 3849 quae
656 3771 828 3832 autoribus
850 3773 983 3851 optimis
1005 3772 1168 3832 nituntur.
1213 3770 1346 3843 Deme,
1369 3771 1415 3830 mi
1435 3769 1586 3846 Erasme,
1608 3771 1651 3833 sic

388 3874 435 3910 110
448 3855 511 3916 tibi
530 3855 726 3934 persuadeas
741 3854 828 3927 volo,
844 3874 1034 3934 quanquam
1055 3875 1115 3935 ego
1136 3855 1246 3915 tenuis
1265 3872 1339 3913 sum
1356 3859 1390 3914 et
1410 3855 1537 3932 magnis
1552 3874 1574 3916 a
1588 3855 1651 3917 ior·

449 3945 532 3999 tuna
542 3938 747 3999 detrimentis
762 3938 952 4011 mulctatus,
963 3938 1044 3999 nihil
1055 3944 1166 3999 tamen
1182 3957 1234 3998 me
1247 3936 1366 3999 habere
1377 3936 1466 4015 quod
1477 3956 1547 3999 non
1556 3943 1652 4000 tuum

448 4041 552 4099 aeque
567 4022 666 4082 velim
681 4041 750 4082 esse
765 4041 804 4082 ac
818 4041 937 4082 meum.
981 4021 1097 4099 Neque
1112 4021 1146 4080 in
1160 4021 1222 4081 hoc
1241 4020 1347 4081 solum
1367 4020 1423 4081 sed
1438 4021 1473 4081 in
1487 4021 1581 4083 omni
1595 4028 1654 4084 tna

448 4105 610 4184 dignitate
625 4111 725 4182 atque
745 4104 835 4166 fama
854 4105 1078 4165 conseruanda
1096 4104 1157 4164 hoo
1180 4123 1252 4164 sum
1274 4104 1394 4176 animo,
1416 4109 1456 4164 vt
1475 4109 1512 4165 ct
1534 4110 1654 4184 sponte

449 4208 507 4268 per
521 4207 573 4248 me
588 4189 657 4267 ipse
676 4193 711 4248 et
731 4188 791 4248 abs
806 4194 839 4248 te
859 4189 1015 4261 monitus,
1036 4207 1197 4248 summam
1218 4186 1280 4248 tibi
1293 4186 1391 4247 fidem
1406 4188 1439 4249 in
1453 4188 1604 4251 amicitia
1617 4207 1655 4251 ao

389 4292 436 4341 115
450 4271 714 4332 beneuolentiam
729 4291 856 4350 semper
870 4273 930 4332 sim
946 4276 1183 4351 praestaturus.
1227 4270 1316 4331 Vale.

492 4371 548 4415 xv.
564 4352 632 4416 Cal.
649 4352 764 4416 Octob.
782 4371 937 4415 mnxxrr.
983 4354 1241 4434 Carpentoraoti.

484 4541 526 4589 86.
545 4538 1023 4604 Hesychio]SeeEp.2315.148-9.
1111 4550 1167 4601 107.
1186 4537 1398 4599 annotationes]
1422 4536 1474 4588 See
1496 4538 1555 4605 Ep.
1579 4554 1658 4607 2315.

483 4608 525 4667 89.
544 4606 639 4671 periit]
652 4605 703 4656 See
715 4606 770 4670 Ep.
783 4619 857 4667 2⁰59·
870 4608 933 4656 26n.
1078 4607 1167 4668 1548,
1181 4618 1291 4669 314-15.
