4042 5900
341 651 436 730 ²431]
595 645 652 710 ΤΟ
672 645 870 710 WILLIAM
891 645 1020 709 DUKE
1042 644 1097 709 OF
1117 644 1281 710 OLEVES
1480 646 1539 708 127

338 827 483 887 gemmas
507 808 542 867 in
563 806 692 868 harenis
713 808 837 869 mariue
860 825 1025 885 quaerere.
1079 805 1114 868 Is
1134 806 1267 868 demum
1288 806 1540 887 occupatissimo

339 891 483 971 Principi
504 896 635 969 gratum
656 895 806 969 praestat
826 891 978 963 officium,
1001 890 1058 969 qui
1078 909 1196 951 aurum
1213 909 1333 969 purum
1348 890 1539 967 factumque
1551 912 1586 964 4ο

338 974 482 1046 exhibet,
498 975 555 1053 qui
574 972 710 1034 selectas
729 991 767 1034 ac
784 980 975 1054 repurgatas
994 992 1139 1053 gemmas
1158 991 1239 1034 auro
1252 973 1393 1033 inclusas
1407 979 1467 1034 aut
1480 991 1537 1053 po-

338 1057 420 1118 culis
435 1057 566 1118 additas
580 1057 686 1118 offert.
724 1056 766 1118 Id
780 1058 920 1118 officium
936 1075 1038 1135 quum
1053 1077 1074 1118 a
1088 1055 1202 1117 multis
1216 1062 1383 1117 tentatum
1397 1057 1451 1129 sit,
1466 1075 1539 1117 mea

339 1147 451 1201 tamen
472 1141 644 1213 sententia,
666 1159 762 1201 nemo
784 1140 909 1202 felicius
934 1140 1102 1220 praestitit
1126 1158 1226 1218 quam
1252 1139 1457 1212 Plutarchus,
1480 1140 1539 1219 qui

339 1231 416 1303 post
429 1223 576 1284 aeditum
590 1224 714 1302 egregie
729 1223 919 1302 frugiferum
931 1241 1023 1303 opus,
1036 1223 1085 1283 De
1100 1224 1178 1283 vitis
1192 1224 1338 1284 virorum
1352 1222 1538 1295 illustrium,

338 1308 373 1367 iu
388 1326 453 1385 quo
468 1308 655 1385 permixtim
670 1306 761 1368 facta
774 1306 871 1368 simul
886 1326 924 1367 ac
939 1307 1030 1367 dicta
1043 1306 1173 1367 illorum
1188 1306 1381 1379 referuntur,
1397 1305 1539 1367 Traiano
1551 1325 1584 1378 4⁵

338 1388 514 1450 Caesarum
540 1390 767 1451 laudatissimo
791 1390 922 1470 collegit
942 1391 1080 1469 iusignia
1103 1390 1306 1451 diuersorum
1326 1388 1538 1469 Apophtheg-

339 1481 441 1546 mata,
454 1473 543 1552 quod
554 1474 586 1533 in
597 1473 646 1534 his
655 1473 748 1534 velut
759 1474 793 1533 in
807 1474 986 1534 certissimo
997 1471 1130 1552 speculo
1138 1476 1402 1552 repraesentatur
1410 1473 1539 1533 animus

338 1556 549 1636 singulorum.
593 1556 680 1617 Nam
702 1558 736 1617 in
761 1556 858 1618 iactis
881 1557 1001 1617 bonam
1025 1556 1131 1617 laudis
1156 1563 1284 1636 partem
1307 1555 1369 1616 sibi
1392 1556 1539 1617 vindicat

338 1640 551 1712 consiliarius,
567 1639 635 1700 dux
651 1659 689 1700 ac
704 1639 806 1712 milas,
821 1642 1000 1701 maximam
1013 1638 1178 1711 Fortuna3
1201 1658 1259 1719 per
1274 1658 1373 1718 quam
1389 1639 1539 1700 videmus

338 1722 504 1783 interdum
524 1723 647 1802 optime
666 1721 817 1784 consulta
835 1724 1012 1803 pessimum
1032 1722 1151 1783 habere
1170 1723 1306 1795 exitum,
1325 1742 1437 1783 rursus
1458 1740 1537 1801 quo·
1551 1740 1585 1792 50

337 1805 478 1866 rundem
500 1806 718 1867 inconsultam
736 1807 956 1867 temeritatem
977 1806 1160 1867 felicissime
1174 1806 1295 1867 cedere.
1338 1804 1426 1866 Nam
1440 1824 1538 1885 quem

338 1888 382 1949 ed
394 1889 528 1950 modum
541 1889 660 1950 dixisse
675 1888 781 1949 fertur
795 1887 958 1950 Siramnes
972 1890 1072 1951 Persa
1088 1889 1179 1965 (dux,
1195 1896 1234 1950 vt
1248 1890 1386 1968 opinor),
1402 1890 1537 1949 interro-

336 1977 436 2050 gatus
459 1991 545 2051 quur
567 1971 658 2032 iacta
682 1971 855 2051 praeclaris
880 1974 949 2034 eius
972 1973 1070 2033 dictis
1090 1991 1156 2033 non
1178 1971 1428 2052 responderent:
1451 1970 1538 2045 Quid

338 2054 455 2133 loquar
466 2055 546 2116 mihi
558 2056 591 2115 in
602 2074 701 2116 manu
712 2061 772 2128 est,
785 2055 864 2134 quid
875 2057 1007 2117 eueniat
1016 2057 1050 2116 in
1060 2055 1197 2117 arbitrio
1206 2055 1371 2116 Fortunae
1381 2060 1416 2115 et
1429 2054 1536 2134 Regis.

336 2136 406 2198 Nec
421 2144 533 2199 tamen
547 2138 620 2199 ideo
631 2158 691 2200 sua
702 2138 799 2200 laude
807 2139 1010 2200 frustrantur
1021 2138 1158 2199 honesta
1169 2137 1311 2199 consilia.
1342 2136 1538 2199 Plutarchus
1551 2154 1584 2206 55

338 2226 451 2282 autem
473 2240 539 2281 non
561 2227 693 2282 tautum
711 2223 745 2282 in
766 2221 895 2284 delectu
917 2223 1053 2284 caeteris
1073 2228 1230 2302 praestat,
1246 2240 1360 2283 verum
1381 2222 1482 2282 etiam
1503 2222 1538 2282 in

337 2303 550 2383 explicando;
583 2304 708 2366 habent
730 2306 815 2366 enim
840 2304 1130 2386 Apophthegmata
1153 2304 1348 2385 peculiarem
1371 2304 1537 2382 quandam

338 2388 499 2448 rationem
522 2394 557 2448 et
577 2387 720 2449 indolem
740 2407 843 2462 suam,
866 2395 906 2449 vt
927 2388 1080 2461 breuiter,
1105 2393 1229 2467 argute,
1253 2387 1336 2449 salse
1356 2394 1392 2448 et
1413 2388 1537 2448 urbane

337 2471 495 2549 cuiusque
519 2472 683 2551 ingenium
706 2474 903 2552 exprimant.
947 2471 1114 2551 Siquidem
1136 2478 1174 2532 vt
1191 2470 1325 2551 singulis
1340 2470 1536 2545 hominibus,

337 2555 387 2614 ita
401 2553 535 2634 singulis
549 2556 650 2616 etiam
664 2554 853 2616 nationibus
868 2575 946 2616 suus
965 2554 1101 2635 quidam
1118 2555 1231 2635 genius
1244 2560 1314 2615 est:
1337 2554 1423 2615 vnde
1438 2554 1477 2615 fit
1499 2561 1537 2616 vt
1549 2559 1583 2607 60

337 2637 404 2698 alia
435 2639 632 2699 conueniant
664 2638 861 2709 Alexandro,
893 2638 958 2700 alia
992 2638 1144 2718 Philippo
1174 2644 1235 2699 aut
1263 2637 1437 2717 Antigono,
1470 2637 1537 2699 alia

338 2720 503 2794 Phocioni‚
519 2721 585 2783 alia
599 2721 778 2783 Alcibiadi:
802 2741 914 2783 rursus
928 2722 994 2783 alia
1008 2722 1171 2800 quadrent
1185 2722 1219 2781 in
1237 2720 1407 2793 Laconem,
1423 2720 1488 2782 alia
1502 2723 1536 2782 in

337 2801 496 2882 Scytham
521 2811 581 2865 aut
607 2804 775 2878 Thracem,
795 2804 861 2866 alia
887 2808 920 2866 in
939 2805 1170 2867 'Atheniensem
1193 2806 1311 2865 autin
1337 2804 1535 2866 Romanum.

338 2884 379 2947 In
398 2886 449 2947 his
470 2888 569 2968 igitur
587 2888 806 2970 exprimendis
825 2889 906 2951 mihi
925 2889 1061 2951 dilutior
1075 2888 1206 2948 videtur
1221 2888 1415 2968 Xenophon,
1430 2888 1535 2949 suffri-

336 2970 432 3050 gidus
454 2971 652 3046 Herodotus,
675 2971 843 3051 loquacior
864 2973 1027 3034 Diodorus
1049 2979 1083 3033 et
1102 2970 1162 3045 Qu.
1183 2970 1325 3045 Curtius,
1345 2991 1386 3032 ne
1404 2991 1535 3052 pergam
1548 2975 1582 3036 65

337 3053 378 3114 de
393 3055 530 3116 caeteris
548 3056 662 3116 dicere.
707 3055 905 3117 Plutarchus
918 3076 1031 3117 omnes
1050 3055 1200 3136 impleuit
1218 3074 1378 3116 numeros.
1422 3056 1536 3134 quue

337 3138 445 3198 visum
458 3146 510 3199 est
524 3138 609 3199 hunc
623 3158 665 3199 ex
680 3139 832 3200 omnibus
845 3141 1052 3220 potissimum
1066 3140 1167 3217 sequi.

380 3219 541 3300 Quicquid
559 3223 659 3301 igitur
678 3228 751 3284 erat
770 3224 804 3283 in
822 3222 919 3284 huius
934 3241 1030 3303 opere
1045 3222 1133 3302 quod
1151 3223 1323 3302 inscripsit,
1339 3221 1388 3283 De
1402 3221 1534 3302 Apoph-

338 3303 570 3383 thegmatibus,
591 3306 643 3366 hic
665 3307 699 3367 in
720 3305 861 3367 solidum
881 3308 1030 3387 reperies.
1073 3304 1296 3385 Comperimus
1312 3305 1373 3366 hoc
1388 3324 1471 3385 opus
1485 3304 1535 3366 bis

336 3386 453 3448 latine
468 3407 608 3461 versum,
624 3391 766 3470 primum
778 3410 799 3451 a
809 3389 982 3451 Francisco
995 3387 1174 3468 Philelpho,
1184 3388 1300 3450 deinde
1311 3408 1332 3449 a
1343 3388 1535 3467 Raphahele
1548 3402 1582 3453 70

337 3470 452 3550 Regio,
481 3490 579 3550 quem
609 3472 741 3534 Patauii
768 3475 930 3535 nouimus.
983 3472 1173 3553 Philelphus
1201 3473 1235 3532 in
1263 3472 1428 3532 nonnullis
1457 3471 1535 3533 locis

336 3553 447 3615 fuerat
460 3553 581 3635 lapsus,
597 3575 682 3634 quae
701 3559 847 3619 restituit
865 3556 1050 3637 Raphahel
1066 3557 1123 3616 sed
1140 3557 1209 3636 ipse
1226 3574 1337 3616 rursus
1355 3556 1535 3635 impingens

336 3637 474 3698 alieubi:
498 3640 652 3700 nimirum
676 3639 822 3702 homines
844 3646 940 3702 erant
961 3639 1068 3701 ambo.
1112 3637 1176 3700 Sed
1191 3645 1329 3717 vterque
1347 3637 1428 3699 nihil
1443 3638 1534 3700 aliud

335 3740 405 3781 esse
414 3720 521 3782 voluit
535 3740 635 3800 quam
650 3724 825 3804 interpres:
848 3742 908 3785 nos
920 3722 1135 3785 Plutarchum
1147 3721 1261 3783 multis
1273 3721 1430 3782 decausis
1442 3722 1534 3801 sequi

337 3802 512 3865 maluimus
535 3824 635 3884 quam
657 3807 875 3886 interpretari,
894 3806 1072 3886 explanare
1093 3824 1193 3883 quern
1208 3811 1343 3866 vertere.
1388 3804 1534 3866 Primum
1547 3816 1579 3867 75

337 3892 376 3946 vt
391 3887 562 3948 dilucidior
576 3895 662 3950 esset
676 3892 791 3964 oratio,
810 3892 931 3970 quippe
951 3891 1059 3950 minus
1080 3889 1217 3950 astricta
1238 3885 1368 3949 Graecis
1388 3887 1533 3950 vocibus.

336 3968 412 4031 Non
433 3972 519 4032 enim
541 3971 620 4033 haec
643 3972 784 4034 Traiano
803 3973 999 4046 scribuntur,
1020 3973 1091 4033 viro
1110 3979 1182 4032 tum
1197 3977 1337 4049 vtraque
1352 3971 1534 4044 literatura,

335 4060 409 4113 tum
424 4053 520 4133 longo
535 4074 643 4117 rerum
657 4077 718 4117 vsu
733 4057 1014 4129 exercitatissimo,
1025 4055 1083 4116 sed
1093 4053 1291 4115 adolescenti
1302 4055 1453 4133 Principi,
1467 4055 1534 4115 imo

335 4156 394 4216 per
422 4139 587 4218 tepueris
615 4145 650 4200 et
678 4139 929 4201 adolescentulis
958 4139 1109 4200 omnibus
1137 4137 1320 4198 liberalium
1349 4137 1533 4199 studiorum

336 4220 538 4282 candidatis:
562 4241 620 4282 nec
638 4222 694 4283 illo
708 4223 826 4296 seculo,
848 4242 914 4302 quo
929 4223 1019 4284 dicta
1037 4228 1194 4302 gestaque
1208 4220 1367 4282 eiusmodi
1381 4220 1471 4299 vulgi
1484 4221 1532 4281 ia·
1546 4218 1580 4267 ⁸0

335 4303 421 4364 bulis
438 4305 697 4379 celebrabantur,
713 4307 747 4366 in
762 4306 896 4381 balneis,
912 4308 946 4366 in
965 4306 1124 4367 conuiuiis
1139 4323 1177 4365 ac
1197 4303 1324 4364 circulis
1338 4303 1531 4365 forensibus.

336 4385 419 4448 Dein
443 4396 482 4449 vt
505 4390 585 4449 mihi
604 4389 715 4450 liceret
738 4389 881 4451 indicare
903 4390 983 4451 dicti
1003 4390 1176 4468 argutiam,
1195 4388 1222 4447 si
1241 4387 1331 4466 quod
1348 4393 1534 4447 occurreret

337 4469 514 4544 obscurius,
531 4471 642 4550 qualia
659 4492 746 4533 nunc
763 4479 842 4535 sunt
856 4472 1031 4554 permulta,
1046 4490 1113 4533 non
1132 4470 1237 4532 solum
1257 4470 1403 4542 rudibus,
1419 4489 1533 4531 verum

334 4554 435 4615 etiam
461 4555 550 4615 vltra
579 4555 838 4618 mediocritatem
862 4557 1008 4617 eruditis.
1053 4555 1105 4617 Me
1128 4561 1215 4615 certe
1240 4555 1274 4615 in
1297 4554 1411 4615 multis
1436 4554 1534 4614 torsit

724 4677 766 4738 46.
784 4672 980 4737 Caesarumssz
998 4672 1147 4723 Caesario.

369 4801 411 4851 5²·
429 4788 581 4851 Siramnes]
615 4789 760 4850 Plutarch,
791 4790 855 4854 Reg.
886 4797 911 4841 ss
960 4790 1104 4854 interpreu
1132 4788 1275 4851 (Utrecht‚
1305 4787 1441 4839 Ketelaer
1475 4788 1534 4839 and

334 4855 409 4918 Imp.
418 4856 558 4919 Apopmu.
571 4856 661 4921 praei.
674 4857 759 4917 (Mor.
772 4858 801 4908 ii.
816 4859 906 4922 17212).
957 4857 1099 4922 Lsampt).

368 4935 410 4986 70.
429 4921 588 4988 Philelpho]
620 4922 763 4976 Plutarchi
794 4925 906 4989 Apoph·
992 4938 1068 4989 70-1.
1086 4923 1254 4989 Raphahele
1270 4921 1371 4990 Regio]
1389 4921 1440 4974 See
1456 4921 1533 4989 Epp.

334 4989 469 5053 thtgmctn
499 4990 547 5040 lat.
579 4990 727 5043 fronciaco
762 4991 908 5056 Philelpho
960 4992 1303 5056 1347.231-8,2422.61n.
