4042 5900
395 678 489 754 2513]
667 673 791 737 FROM
811 671 1069 737 AUGUSTINE
1090 671 1320 737 STEUCHUS
1528 676 1587 737 301

393 835 427 894 in
456 834 506 894 his
534 833 642 895 verbis
670 852 861 914 personam:
898 832 994 894 ‘Non
1018 838 1070 894 ast
1093 833 1194 912 igitur
1222 834 1311 912 quod
1338 833 1380 895 de
1407 833 1591 897 eruditione

393 917 577 995 gloriemur,
602 918 726 996 inqua
751 918 819 978 siue
843 935 1020 995 aequemus
1047 917 1116 977 siue
1144 935 1333 996 superemus
1360 917 1489 979 diuinos
1517 918 1590 980 illos
1602 937 1652 989 505

393 1001 490 1072 viros,
516 1001 693 1061 sanctitate
718 1006 805 1060 certe
830 1018 943 1060 sumus
971 999 1054 1061 adeo
1078 999 1244 1060 inferiores
1265 1005 1305 1060 vt
1324 1001 1393 1061 sine
1414 1000 1589 1080 lachrymis

393 1083 504 1144 referri
518 1102 585 1144 non
599 1084 703 1163 possit
713 1083 731 1144 ’.
776 1083 849 1156 Hic,
864 1084 982 1162 inquis,
997 1082 1156 1143 admisces
1174 1101 1346 1162 personam
1360 1090 1464 1145 tuam.
1507 1084 1589 1146 Vide

393 1185 460 1245 quo
475 1167 615 1227 candore
628 1168 695 1227 ista
709 1167 932 1246 interpreteris
945 1166 1090 1239 Erasme,
1106 1167 1199 1245 quasi
1212 1185 1265 1227 me
1280 1185 1355 1227 cum
1374 1167 1438 1228 illis
1452 1187 1588 1247 aequem

392 1250 583 1321 eruditione,
598 1269 673 1310 cum
693 1250 754 1310 hoo
773 1269 833 1328 ego
847 1254 979 1310 tantum
993 1250 1167 1328 posuerim,
1183 1255 1222 1310 vt
1235 1268 1297 1322 ma,
1312 1251 1410 1311 sicuti
1423 1269 1496 1312 sum
1514 1271 1588 1313 cum

392 1334 506 1393 multis
530 1332 610 1405 aliis,
634 1332 877 1411 delinquentem
901 1332 1115 1394 ostenderem.
1158 1331 1245 1405 Quas
1273 1352 1370 1394 ansas
1398 1333 1450 1394 hic
1478 1336 1587 1397 conui-
1601 1353 1651 1403 510

392 1416 499 1476 ciandi
524 1417 697 1495 quaesisti!
731 1416 798 1476 Neo
824 1417 946 1497 pateris
969 1416 1080 1478 oculos
1108 1421 1184 1477 tuos
1212 1415 1322 1476 videre
1349 1435 1389 1477 ea
1416 1435 1483 1495 quo
1506 1418 1587 1480 refe-

392 1506 525 1571 rantur;
559 1504 598 1560 vt
619 1499 764 1572 doceam,
787 1499 950 1572 videlicet,
975 1501 1097 1579 primas
1121 1505 1233 1579 partes
1254 1518 1321 1561 non
1342 1499 1510 1561 doctrinae
1531 1502 1588 1563 sed

393 1583 524 1662 pietatis
537 1602 616 1643 esse.
660 1581 745 1643 Sunt
758 1584 845 1645 enim
859 1583 969 1662 plures
983 1584 1041 1661 qui
1059 1589 1170 1663 spreta
1186 1583 1310 1662 pietate
1329 1602 1425 1645 omne
1441 1583 1587 1646 studium

391 1666 435 1727 ad
459 1666 570 1726 literas
593 1672 628 1727 et
653 1665 892 1746 philosophiam
916 1665 1104 1727 conferant:
1136 1673 1213 1726 sunt
1238 1668 1295 1744 qui
1320 1665 1529 1729 diuinitatem
1554 1670 1587 1729 in

391 1749 498 1810 multa
520 1768 629 1811 rerum
648 1751 841 1829 cognitione,
863 1768 929 1810 non
953 1750 987 1810 in
1008 1750 1263 1827 exquisitissima
1281 1751 1468 1823 sanctitate,
1489 1752 1587 1812 sitam
1601 1768 1650 1818 515

390 1852 458 1893 esse
480 1832 541 1893 sibi
562 1833 791 1912 persuadeant.
835 1832 880 1893 Et
901 1831 935 1893 hi
957 1838 1036 1893 sunt
1056 1833 1199 1894 maxime
1216 1834 1273 1911 qui
1293 1834 1395 1912 magis
1414 1834 1447 1893 in
1466 1837 1588 1896 sanctis

390 1916 606 1977 eruditionem
621 1916 794 1996 explorent
807 1934 907 1994 quam
922 1917 1142 1977 sanctitatem.
1184 1914 1289 1990 Quam
1304 1917 1427 1978 multos
1441 1918 1587 1979 inuenies

391 1999 519 2077 quibus,
540 2001 566 2059 si
589 2000 688 2061 datur
707 2000 809 2078 optio,
830 2000 942 2079 potius
960 1998 1144 2060 doctrinam
1164 2018 1264 2078 quam
1283 2001 1495 2061 sanctitatem
1510 2001 1585 2063 Hia-

390 2084 518 2160 ronymi
539 2082 703 2162 deligant!
747 2082 926 2143 Dissentire
947 2088 1059 2143 autem
1078 2101 1099 2142 a
1113 2082 1207 2143 Dinis
1225 2102 1292 2145 non
1305 2084 1397 2144 nefas
1411 2102 1480 2144 esse
1494 2091 1586 2163 puto,

389 2166 416 2225 si
438 2167 506 2226 sine
528 2166 617 2226 fastu
638 2166 708 2238 fiat,
730 2167 798 2226 sine
819 2165 950 2227 illorum
971 2166 1179 2238 contumelia,
1202 2167 1271 2228 sina
1291 2167 1450 2227 iactantia
1473 2187 1586 2229 eorum
1600 2182 1649 2232 5²0

390 2249 447 2327 qui
461 2249 668 2323 dissentiunt,
683 2251 751 2310 sine
765 2251 913 2329 grauiore
927 2249 1099 2323 scandalo;
1121 2251 1150 2310 si
1163 2251 1300 2328 qua<m>
1314 2251 1489 2323 verissime,
1504 2252 1532 2311 si
1545 2271 1585 2312 ex

389 2337 518 2405 natura,
541 2351 607 2393 non
630 2352 671 2394 ex
695 2339 754 2392 tuo
777 2334 894 2412 capite,
920 2334 947 2393 si
971 2333 1005 2393 in
1028 2351 1157 2393 summa
1178 2334 1382 2405 necessitate,
1403 2334 1584 2396 dissentias.

390 2413 478 2488 Ques
494 2416 697 2477 conditiones
713 2417 741 2475 si
754 2416 945 2495 perpendas,
960 2415 1103 2489 Erasme,
1119 2434 1193 2476 raro
1212 2418 1246 2476 in
1265 2416 1329 2477 illis
1346 2416 1586 2479 Haeresiarchis

390 2499 544 2571 inuenies,
560 2500 594 2559 in
609 2504 643 2559 te
657 2518 724 2560 non
738 2505 808 2559 tam
823 2518 906 2560 raro.
950 2497 984 2559 Si
998 2505 1098 2578 putas
1111 2505 1146 2560 te
1159 2518 1181 2560 a
1197 2518 1250 2560 me
1266 2505 1493 2580 contemptum
1508 2503 1586 2579 quia

389 2601 410 2641 a
433 2587 468 2642 te
493 2582 706 2655 dissenserim,
728 2601 836 2643 nonne
858 2601 879 2642 a
899 2588 933 2643 te
954 2588 1211 2643 contemnuntur
1234 2583 1312 2644 Diui
1336 2602 1357 2642 a
1381 2584 1501 2662 quibus
1522 2584 1584 2645 dis-
1598 2597 1648 2647 5²5

389 2666 512 2725 sentis!
555 2665 641 2726 Nam
663 2685 738 2727 cum
759 2684 812 2726 me
832 2665 1078 2726 dissentientem
1099 2666 1142 2726 ab
1164 2665 1228 2727 illis
1249 2670 1302 2741 (vt
1325 2685 1378 2727 me
1402 2667 1464 2727 tibi
1485 2667 1586 2729 facies

389 2748 602 2823 simillimum)
613 2750 740 2810 conaris
751 2749 930 2822 ostendere,
941 2748 1037 2827 longe
1051 2747 1141 2810 aliud
1155 2755 1215 2822 est,
1231 2768 1289 2811 nec
1301 2749 1444 2827 quadrat
1457 2752 1586 2812 animus

389 2850 447 2891 nec
465 2833 624 2911 exempla.
668 2831 702 2894 Si
721 2851 834 2893 verum
853 2837 905 2893 est
918 2832 1138 2911 Augustinum
1153 2832 1313 2893 Hebraico
1331 2834 1503 2911 ignorasse,
1519 2854 1585 2914 qna

389 2915 495 2976 forma
515 2917 696 2995 exprimam
717 2918 745 2977 si
766 2916 846 2996 quid
867 2914 910 2977 ab
932 2914 1019 2977 illius
1043 2914 1172 2995 linguae
1195 2916 1396 2996 proprietate
1417 2916 1584 2980 dissonum

389 2999 648 3079 interpretatur!
669 3000 722 3062 An
736 2999 801 3062 alio
811 2999 910 3061 modo
921 3018 1022 3079 quam
1032 3007 1040 3032 ⁴
1050 2999 1252 3079 Augustinus
1266 2999 1426 3062 Hebraico
1440 3003 1584 3063 nesciens
1597 3011 1648 3063 530

389 3084 423 3142 in
440 3084 640 3144 contrarium
658 3084 814 3164 accepit',
829 3083 882 3143 vel
900 3083 997 3143 simili
1014 3084 1163 3143 ratione!
1205 3082 1239 3144 Si
1256 3083 1476 3163 Hieronymus
1494 3084 1584 3146 aliud

389 3185 488 3244 quam
504 3166 629 3245 <quod>
646 3166 769 3228 habeat
787 3168 822 3227 in
843 3172 1001 3228 contextu
1022 3165 1185 3228 Hebraico
1202 3169 1313 3239 vertit,
1336 3167 1455 3246 quibus
1477 3169 1584 3230 verbis

388 3248 471 3309 illud
496 3250 692 3311 ostendam?
735 3250 825 3311 Haec
847 3251 933 3312 ratio
955 3249 1045 3312 clara
1068 3249 1157 3329 apud
1178 3249 1335 3312 candidos
1355 3256 1415 3311 est.
1459 3250 1528 3312 Abs
1549 3259 1584 3313 te

389 3352 467 3393 vero
482 3352 577 3412 saepe
591 3352 651 3413 pro
665 3332 924 3413 praefationibus
937 3337 1108 3413 ponuntur
1120 3334 1221 3394 etiam
1235 3334 1460 3395 contumeliae.
1495 3335 1584 3396 Dicis

387 3415 607 3494 Augustinum
633 3419 754 3478 versari
782 3418 815 3477 in
840 3416 905 3477 alio
932 3416 1074 3478 mundo:
1111 3416 1250 3477 eundem
1278 3417 1444 3478 interdum
1468 3420 1584 3480 asseris
1597 3435 1646 3486 555

387 3500 523 3560 nimium
535 3499 701 3561 credulum
712 3500 820 3561 fuisse.
863 3500 954 3561 Haec
965 3501 998 3560 in
1009 3500 1170 3579 prioribus
1180 3500 1378 3562 editionibus
1392 3502 1477 3562 tuis:
1500 3521 1584 3581 qnae

388 3589 512 3662 postea,
536 3590 575 3643 vt
600 3583 704 3656 video,
730 3585 898 3663 mitigasti.
942 3583 1181 3661 Hieronymum
1205 3583 1324 3662 quibus
1348 3603 1584 3664 nonnunquam

388 3666 549 3727 coloribus
564 3667 727 3746 depingis!
765 3666 855 3728 Haec
869 3667 979 3728 omnia
992 3667 1073 3727 satis
1088 3673 1168 3727 nota
1181 3672 1268 3740 sunt,
1283 3686 1357 3728 cum
1372 3667 1469 3729 multi
1483 3669 1583 3731 etiam

388 3748 514 3809 libellos
528 3750 712 3810 istiusmodi
726 3749 997 3811 contumeliarum
1010 3769 1052 3810 ex
1067 3751 1134 3810 tuis
1148 3750 1277 3830 scriptis
1289 3753 1518 3831 excerpserint.

430 3831 597 3904 Quantum
615 3834 713 3911 igitur
732 3834 819 3894 inter
837 3852 889 3894 me
910 3838 945 3894 et
966 3839 1000 3894 te
1022 3833 1083 3894 hac
1103 3834 1137 3893 in
1158 3853 1193 3895 re
1215 3833 1377 3913 discrepet
1397 3836 1583 3896 rectissimis
1596 3849 1646 3902 ⁵40

388 3915 513 3976 iudiciis
539 3916 695 3995 relinquo.
739 3916 803 3978 Sed
827 3922 1006 3995 antequam
1030 3917 1074 3977 ad
1099 3916 1178 3978 hwa
1206 3916 1410 3991 descendam,
1435 3918 1480 3979 ad
1507 3937 1583 3980 eum

388 3998 495 4059 locum
511 4001 621 4060 venire
635 4001 764 4060 animus
777 4006 838 4073 est,
854 4018 921 4079 quo
935 4004 1069 4060 tantum
1083 4006 1117 4061 te
1131 3999 1211 4060 dicis
1225 4018 1246 4059 a
1259 4019 1312 4061 me
1328 4002 1534 4062 nominatum
1547 4008 1583 4063 et

387 4084 603 4162 contemptim
625 4088 660 4144 et
680 4082 908 4144 dissentiendo.
953 4081 1059 4156 Quare
1079 4089 1191 4144 autem
1212 4102 1233 4144 a
1254 4089 1288 4144 te
1309 4084 1523 4159 dissenserim,
1543 4091 1583 4146 vt

386 4165 452 4225 alia
468 4166 536 4226 fere
553 4167 672 4239 omnia,
687 4167 732 4226 sic
751 4166 812 4227 hoc
831 4168 938 4246 ipsum
952 4166 1136 4228 dissimulas
1151 4172 1186 4228 et
1200 4185 1368 4246 perperam
1387 4168 1533 4229 animum
1547 4174 1583 4230 et

388 4249 489 4308 verba
512 4268 584 4309 mea
605 4250 837 4329 interpretaris.
882 4250 1093 4329 Primumque
1116 4269 1183 4311 non
1204 4257 1292 4311 recte
1312 4252 1485 4330 suspicaris
1506 4256 1541 4313 te
1560 4272 1582 4314 a
1595 4265 1644 4317 545

387 4351 439 4392 ma
458 4352 527 4393 esse
545 4339 782 4412 contemptum,
801 4334 879 4412 quia
896 4332 1111 4395 dissenserim.
1153 4333 1207 4395 An
1223 4353 1290 4394 non
1309 4333 1463 4413 intelligis
1481 4353 1581 4413 quam

386 4422 516 4476 euertat
535 4416 614 4477 haec
638 4421 696 4476 tna
715 4416 855 4495 suspicio
875 4417 1031 4495 quicquid
1051 4416 1187 4479 dixisti!
1229 4415 1374 4478 (innatus
1395 4437 1430 4478 es
1450 4437 1580 4497 persua·

387 4497 472 4569 dere,
494 4500 522 4559 is
543 4500 599 4578 qui
621 4518 641 4559 a
662 4500 817 4579 quopiam
838 4500 1020 4573 dissentiat,
1041 4519 1108 4561 non
1129 4500 1243 4561 statim
1265 4501 1419 4580 consequi
1443 4506 1483 4561 vt
1506 4520 1581 4563 eum

386 4588 585 4643 contemnat.
629 4582 737 4643 Verba
757 4583 844 4643 enim
869 4588 929 4643 tua
953 4582 1033 4645 haec
1055 4588 1152 4644 sunt:
1189 4583 1304 4645 ‘Itane
1328 4584 1478 4664 protinus
1505 4603 1579 4647 con·

420 4683 1134 4751 508.interpreterisscripsimus:interpretarisa
1180 4683 1426 4748 sineamexss.
1474 4691 1581 4751 524.te

386 4756 448 4812 post
461 4749 590 4814 putasti:
608 4750 760 4801 om.cLB.

421 4885 478 4945 536.
497 4845 652 4944 credulum]
667 4883 719 4934 See
733 4884 877 4934 Erasmus’
891 4890 960 4936 note
1010 4899 1118 4950 422·45·

387 4963 423 4998 on
435 4949 512 5000 John
524 4964 565 4999 21.
578 4964 627 5008 υς
645 4951 701 5000 LB.
714 4952 752 5001 vi.
764 4965 843 5016 4191).
1044 4963 1102 5016 549.
1120 4950 1291 5017 Verba1E'p.
1304 4954 1379 5016 2465.
1391 4965 1482 5017 391-3.

421 5029 512 5081 541-2.
530 5032 596 5067 eum
618 5017 722 5080 locum]
744 5017 788 5069 ci.
807 5017 862 5084 Ep.
882 5021 958 5084 2465.
