4042 5900
426 647 487 708 462
774 645 973 708 LETTERS
994 644 1050 706 OF
1071 643 1279 707 ERASMUS
1551 648 1629 723 [153²

708 863 807 923 2621.
854 858 907 924 To
931 858 1033 924 Jonu
1057 858 1353 923 Psuuosaruun.

465 971 626 1043 Epistulae
639 970 844 1026 Palaeonaeoi
856 988 887 1042 p.
905 987 949 1041 14.
1388 969 1589 1041 (Freiburg.)

464 1047 503 1101 N.
518 1063 549 1118 p.
563 1060 636 1113 951:
658 1046 755 1101 Lond.
771 1046 854 1100 xxiv.
868 1061 920 1115 31:
941 1045 1006 1100 LB.
1025 1059 1107 1114 1217.
1354 1057 1375 1114 7
1390 1046 1513 1100 March
1529 1061 1605 1115 ¹53²·

574 1188 669 1234 ERAS.
685 1188 759 1233 ROT.
776 1188 921 1233 caseus,
938 1188 1020 1233 VIRO
1034 1187 1157 1233 roam
1171 1187 1467 1233 mmmmm
1483 1189 1511 1233 8.

470 1281 607 1343 Venisti
621 1300 661 1341 ex
676 1282 795 1359 ingenii
809 1280 873 1340 mei
888 1299 973 1341 vena
984 1284 1055 1341 tem
1067 1278 1162 1341 facile
1172 1278 1310 1358 aliquod
1322 1279 1534 1359 depromere
1544 1280 1637 1352 liceat,

428 1368 479 1427 vir
493 1365 679 1436 clarissime,
694 1383 794 1443 quam
808 1364 871 1424 tibi
885 1363 1028 1443 procliue
1041 1368 1093 1424 est
1106 1383 1125 1423 e
1139 1369 1244 1424 terrae
1259 1364 1369 1437 venis,
1387 1383 1522 1426 munus
1539 1372 1638 1425 nostra

428 1450 562 1528 dignum
577 1448 731 1508 amicitia.
775 1446 820 1508 Vt
834 1447 877 1507 ad
896 1452 929 1508 te
946 1446 1087 1508 antehac
1104 1448 1254 1525 ignotum
1273 1447 1482 1521 scriberem,
1501 1467 1575 1509 eam
1592 1468 1637 1509 au·

428 1533 556 1594 daciam
576 1550 628 1591 me
649 1530 806 1591 docuerat
827 1530 939 1591 Zasius
956 1530 1151 1591 exhortator
1172 1529 1363 1602 vehemens,
1387 1531 1450 1591 cui
1470 1532 1638 1610 quicquan

398 1635 544 1694 suegare
558 1614 638 1675 mihi
653 1633 719 1675 non
738 1619 789 1674 est
808 1615 983 1692 integrum,
1002 1613 1046 1673 ob
1066 1614 1237 1674 innumera
1255 1614 1364 1692 ipsius
1383 1615 1425 1674 in
1445 1633 1503 1675 me
1524 1617 1638 1686 merita

428 1699 547 1778 quibus
561 1717 613 1759 me
627 1698 690 1758 sibi
704 1698 770 1758 iam
784 1697 862 1757 olim
878 1696 978 1758 habet
992 1696 1198 1768 obstrictum,
1213 1715 1301 1757 nunc
1314 1694 1381 1757 hoc
1393 1698 1509 1759 etiam
1521 1700 1638 1760 nominc

428 1782 679 1853 obstrictiorem,
705 1780 794 1859 quod
819 1780 960 1842 hominis
987 1779 1209 1841 candidissimi
1236 1781 1437 1841 accessione
1468 1783 1637 1843 amicorum

428 1884 574 1927 meorum
589 1864 775 1943 catalogum
786 1864 891 1925 auxit.
928 1863 1054 1925 Paucos
1066 1863 1161 1924 hodic
1171 1863 1314 1942 reperies
1325 1882 1370 1923 ex
1381 1865 1509 1926 animo
1518 1866 1636 1926 amicos

428 1950 475 2011 At
494 1948 576 2010 illud
595 1966 750 2027 syncerae
769 1946 1016 2009 beneuolentiae
1038 1947 1248 2026 praecipuum
1270 1952 1324 2006 est
1346 1950 1637 2026 argumentumsi

385 2058 417 2094 ιο
429 2033 503 2112 quis
517 2051 593 2093 suos
606 2032 707 2093 etiam
722 2032 844 2092 amicos
859 2050 934 2091 cum
949 2031 1055 2091 amico
1069 2030 1182 2108 cupiat
1196 2029 1319 2090 habere
1335 2048 1555 2093 communes.

471 2115 612 2177 Proinde
627 2133 729 2193 quum
744 2114 825 2174 mihi
838 2113 1050 2175 vehementer
1063 2118 1196 2192 gratum
1212 2113 1257 2173 sit
1273 2113 1368 2190 quod
1384 2115 1519 2175 misisti
1532 2135 1635 2176 aurun

429 2201 580 2261 natiuum
594 2204 629 2259 ct
644 2197 811 2270 infectum,
826 2198 926 2258 animi
941 2197 1072 2257 minime
1092 2195 1196 2257 fucati
1213 2195 1421 2273 symbolum,
1443 2203 1563 2259 tamen
1582 2217 1636 2259 nou

429 2282 529 2364 paulo
543 2282 669 2342 beatior
683 2280 764 2342 mihi
776 2281 888 2342 videor
898 2279 1018 2353 factus,
1029 2280 1087 2358 qui
1097 2284 1130 2341 te
1141 2280 1282 2340 amicum
1292 2278 1538 2356 lucrifecerim,
1549 2301 1635 2361 quau

430 2367 487 2445 qui
502 2384 620 2426 munus
634 2365 823 2444 acceperim,
839 2363 927 2442 quod
939 2369 998 2424 tua
1008 2368 1122 2423 tamen
1132 2361 1294 2423 modestia
1302 2362 1369 2423 hoc
1381 2365 1526 2427 nomine
1539 2366 1635 2426 vocan'

387 2468 497 2523 1511011
511 2449 647 2528 patitur,
662 2467 770 2509 arram
784 2446 849 2507 dici
864 2447 978 2507 mauis.
1022 2445 1113 2507 Nihil
1127 2445 1234 2507 adhuc
1249 2445 1440 2507 officiorum
1463 2448 1499 2509 in
1518 2455 1552 2509 te
1571 2468 1634 2509 con-

431 2532 503 2605 tuli,
518 2551 577 2593 nec
588 2531 668 2610 quid
678 2531 811 2592 omnino
821 2531 942 2609 possim
955 2529 1062 2602 video,
1077 2529 1134 2590 sed
1144 2527 1262 2608 siquid
1272 2529 1307 2588 in
1318 2534 1355 2589 te
1367 2530 1527 2593 conferre
1539 2531 1634 2601 liceat

430 2618 464 2677 in
478 2616 693 2696 promeritum
708 2613 887 2676 contulero.
932 2613 1061 2693 Repeto
1075 2613 1162 2673 enim
1176 2612 1211 2673 id
1225 2611 1313 2690 quod
1328 2614 1454 2693 scripsi
1470 2616 1633 2695 superiori·

430 2700 493 2760 bus
506 2699 619 2772 literis,
632 2699 667 2759 ni
681 2697 786 2770 fallor,
802 2702 884 2776 quot
898 2696 1084 2758 nominibus
1095 2695 1158 2756 tibi
1168 2695 1298 2756 Zasium
1309 2695 1417 2757 habes
1432 2698 1633 2769 obstrictum,

431 2783 570 2845 totidem
582 2782 683 2843 habes
692 2788 728 2843 et
739 2781 912 2841 Erasmum
924 2779 1125 2841 deuinctum.
1152 2776 1306 2858 Superest
1316 2784 1359 2839 vt
1367 2786 1404 2840 et
1413 2780 1520 2842 Zasio
1530 2801 1632 2862 prore

385 2893 418 2929 20
431 2873 526 2928 netae
540 2872 575 2927 et
588 2865 651 2925 tibi
664 2866 787 2946 gratias
801 2884 906 2944 agam,
921 2864 973 2924 vir
989 2863 1192 2935 amicissime,
1207 2861 1324 2923 lubens
1343 2862 1532 2938 relaturus,
1547 2865 1574 2926 si
1590 2864 1633 2926 vel

431 2957 470 3011 tu
485 2949 538 3011 vel
553 2949 665 3011 Zasius
680 2948 873 3011 submoneat
887 2966 954 3027 qua
964 2947 998 3008 in
1010 2967 1045 3008 re
1053 2966 1172 3025 queam
1182 2946 1292 3007 animo
1302 2952 1363 3007 tuo
1373 2955 1519 3026 gratum
1527 2948 1632 3011 facere

431 3033 465 3095 Si
480 3034 582 3106 lubet,
597 3032 698 3094 lecito
713 3031 893 3113 periculum
907 3051 951 3092 an
965 3031 1045 3092 haec
1060 3049 1101 3091 ex
1116 3030 1226 3091 animo
1238 3028 1356 3108 loquar
1374 3049 1496 3093 necne.
1542 3033 1634 3112 Cupio

432 3123 466 3178 te
481 3137 556 3178 cum
571 3117 722 3178 omnibus
737 3116 799 3177 tibi
813 3115 921 3176 charis
935 3134 1034 3194 quam
1050 3113 1227 3174 rectissime
1241 3112 1361 3173 valere,

473 3199 620 3281 Septimo
634 3200 686 3261 die
701 3200 798 3261 Mart.
814 3199 910 3260 Anno
924 3213 1108 3259 unxxxn.

703 3563 802 3622 2622.
851 3557 957 3621 Fron
981 3556 1164 3621 Barusrn
1188 3574 1233 3622 or
1256 3555 1359 3621 Otus.

470 3670 645 3727 TrentMS.
1377 3668 1555 3726 Ratisbon.

1322 3755 1340 3811 7
1353 3742 1503 3812 <March>
1521 3761 1603 3816 1532.

409 3923 414 3940 ,
467 3875 524 3936 [An
535 3872 696 3938 autograph
708 3871 904 3937 mogh-dreit:
923 3871 967 3921 ior
978 3872 1029 3921 the
1039 3870 1216 3936 manuscript
1227 3885 1273 3920 see
1284 3869 1339 3935 Ep.
1353 3882 1421 3932 2515
1433 3871 1547 3923 introd.
1582 3873 1636 3923 The

432 3942 518 3992 letter
534 3957 601 4005 may
618 3941 653 3990 be
670 3938 758 3989 dated
774 3938 887 4002 exactly
905 3938 978 3988 from
993 3939 1032 3988 its
1044 3938 1123 4003 place
1134 3938 1164 3988 in
1175 3938 1225 3988 the
1237 3937 1340 4002 paclret
1351 3938 1527 4005 containing
1538 3955 1635 3990 corrue

434 4007 581 4074 pondence
592 4006 665 4056 from
678 4021 710 4065 29
721 4006 788 4056 Jen.
801 4011 832 4055 to
846 4020 873 4054 11
890 4005 971 4070 April
985 4005 1071 4068 1532]

956 4121 1107 4182 Eassuo.

475 4243 618 4305 D1euvu
646 4240 782 4321 aedepol
810 4240 907 4301 iactis
932 4241 998 4301 suis
1021 4240 1182 4319 premium
1209 4257 1230 4299 a
1258 4244 1375 4299 senatu
1403 4237 1634 4319 Argentinensi

434 4332 627 4388 consecutus
644 4331 695 4386 est
713 4330 830 4385 auctor
851 4323 905 4385 illc
919 4322 1120 4385 chronicon:
1154 4321 1195 4383 de
1212 4341 1279 4401 quo
1297 4321 1418 4383 litteris
1439 4326 1564 4386 vestris
1582 4325 1635 4385 viii

434 4410 602 4490 praeteriti
613 4409 700 4470 datis
711 4408 864 4468 certiores
874 4407 981 4468 effecti
996 4425 1119 4468 sumus.
1163 4405 1262 4466 Cuius
1276 4406 1399 4485 scripta
1410 4425 1518 4484 quum
1534 4408 1634 4470 omui·

435 4494 496 4554 bus
510 4494 575 4554 iam
591 4498 671 4553 nota
686 4492 752 4552 sint
766 4497 801 4551 ct
815 4511 836 4551 a
850 4491 956 4552 doctis
970 4491 1088 4551 merito
1103 4488 1299 4569 improbata,
1314 4489 1348 4549 in
1362 4488 1518 4551 futurum
1535 4492 1635 4571 magis

502 4629 577 4677 2621.
595 4640 652 4676 rm.
666 4638 790 4676 manns.
804 4639 875 4674 vrso
886 4642 939 4677 om.
953 4625 982 4676 N
993 4626 1028 4686 (s.
1041 4624 1127 4675 KN‘:
1145 4637 1168 4674 s.
1178 4637 1206 4673 n.
1220 4622 1282 4683 N¹).
1360 4638 1400 4683 19.
1418 4629 1450 4674 et
1461 4640 1517 4676 om.
1531 4625 1570 4676 N.

468 4812 543 4865 2621.
561 4829 586 4875 4.
604 4809 1006 4874 Zasiusexhortstorffieelap.
1091 4807 1165 4857 2622.
1184 4821 1208 4855 2.
1226 4811 1326 4856 auctor
1371 4806 1417 4856 ille
1462 4807 1633 4870 Chronicou]

435 4882 509 4929 2602.
1056 4874 1206 4925 Sebastian
1233 4873 1353 4931 Frende
1380 4887 1427 4923 see
1453 4873 1533 4940 Bpp.
1560 4878 1632 4939 ²5⁸7·

470 4947 558 5010 17-18.
577 4944 768 5010 superioribus
809 4942 909 5004 literis]
950 4942 1004 5008 Ep.
1056 4939 1601 5005 21n‚2615.376-7n,and2441introd.

436 5016 509 5077 2603.
1123 5007 1225 5058 litteris
1236 5006 1349 5068 vestris]
1361 5006 1421 5057 Not
1432 5013 1548 5061 extent.
