4042 5900
318 666 413 746 2431]
561 664 617 727 TO
638 665 835 728 WILLIAM
856 665 984 728 DUKE
1005 665 1061 729 OF
1081 666 1244 730 chavus
1455 668 1514 728 129

317 822 426 884 brium
441 830 594 885 autorum
609 823 709 885 libros
722 823 766 885 ad
780 824 867 886 hunc
878 825 1105 886 contaminant
1119 826 1264 898 modum,
1280 826 1314 886 in
1328 826 1513 906 praesentia

316 926 384 967 non
407 906 541 985 disputo
562 906 645 969 mihi
671 907 829 987 sacrilegii
850 927 952 988 genus
974 927 1045 969 esse
1073 908 1214 970 videtur.
1256 907 1286 968 A
1311 928 1364 969 me
1388 914 1512 982 tamen,

317 991 464 1070 exceptis
482 989 610 1069 aliquot
629 990 806 1064 Laconicis,
828 991 917 1070 quod
937 991 1052 1053 eadem
1074 993 1108 1052 in
1126 991 1232 1053 altero
1250 991 1401 1071 catalogo
1422 1010 1511 1072 repe·

318 1080 437 1134 100101
466 1074 583 1146 010010,
613 1073 695 1134 nihil
723 1094 837 1136 eorum
862 1076 1130 1153 praetermissum
1155 1081 1207 1136 est
1230 1094 1314 1154 quae
1343 1074 1513 1136 Plutarchi
1528 1080 1575 1130 135

318 1121 1513 1256 11101010100101ε0011101000οι111ιο11001110101011001010011100010010

318 1323 396 1385 licet
410 1342 476 1385 non
490 1341 551 1385 suo
565 1323 692 1385 dictum
707 1323 787 1386 loco.

362 1405 426 1468 Sed
446 1412 557 1469 totum
578 1425 661 1487 opus
682 1407 925 1486 quodammodo
944 1408 1143 1481 1000011001,
1163 1408 1243 1469 dum
1257 1413 1292 1470 et
1305 1408 1515 1487 explanatius

318 1490 418 1552 011010
442 1508 525 1569 quae
550 1488 672 1552 Graece
695 1490 890 1564 referuntur,
916 1492 1095 1552 interiectis
1124 1492 1290 1553 interdum
1316 1511 1400 1570 quae
1425 1491 1515 1571 apud
1529 1507 1577 1558 14⁰

319 1573 402 1634 alios
423 1579 556 1635 autores
576 1573 692 1636 addita
713 1575 949 1654 comperissem,
963 1574 1087 1636 additis
1103 1576 1182 1636 item
1196 1574 1369 1654 permultis
1382 1594 1466 1653 quae
1480 1575 1514 1634 in

320 1657 383 1719 hoc
409 1676 505 1737 opere
527 1675 594 1719 non
616 1656 835 1731 habebantur,
860 1657 982 1736 vbique
1004 1657 1109 1720 veluti
1134 1658 1264 1719 scholiis
1292 1658 1439 1719 indicans
1462 1657 1515 1719 vel

321 1759 453 1801 sensum
478 1739 531 1801 vel
555 1759 652 1801 vsum
672 1739 978 1820 Apophthegmatis,
1000 1742 1035 1802 in
1057 1741 1108 1802 his
1133 1742 1299 1802 duntaxat
1323 1760 1408 1820 quae
1432 1740 1515 1802 lucie

319 1823 447 1903 aliquid
468 1823 709 1896 desiderabant,
731 1823 788 1884 sed
808 1823 869 1885 hoc
890 1824 998 1903 ipsum
1018 1824 1170 1898 breuiter,
1192 1844 1233 1886 ne
1247 1824 1290 1885 ab
1304 1823 1514 1904 Apophtheg-

320 1914 450 1968 matum
472 1913 593 1968 001010
613 1907 850 1986 degenerarem.
894 1906 982 1969 Ordo
1007 1926 1085 1969 vero
1109 1908 1203 1969 nobis
1225 1909 1325 1969 etiam
1351 1907 1517 1969 confusior
1531 1922 1578 1973 145

320 1997 374 2052 est
402 2009 501 2069 quam
531 1990 597 2051 illic
625 1992 745 2063 inueni,
772 1990 861 2069 quod
890 2009 993 2069 quum
1017 1992 1113 2053 initio
1137 1992 1366 2052 statuissemus
1394 2009 1516 2070 paucos

322 2074 489 2135 duntaxat
517 2074 653 2135 eximios
681 2093 855 2146 recensere,
884 2072 973 2134 calor
1001 2076 1107 2153 operis
1136 2075 1297 2147 incitauit‚
1323 2080 1362 2135 vt
1386 2079 1517 2136 mutata

322 2158 487 2218 sententia
501 2155 628 2235 longius
642 2157 914 2237 proueheremur:
936 2176 996 2218 nec
1010 2163 1083 2218 erat
1096 2158 1229 2218 iuturus
1243 2157 1325 2230 finis,
1335 2158 1398 2218 nisi
1409 2176 1516 2218 rerum

322 2260 392 2301 sese
409 2241 616 2301 offerentium
631 2240 724 2301 velut
741 2242 934 2302 immensum
948 2240 1084 2320 pelagus
1097 2242 1242 2320 receptui
1256 2260 1370 2302 canere
1384 2259 1516 2320 compu-

322 2324 424 2384 lisset.
467 2322 554 2385 Nam
577 2329 615 2384 vt
634 2322 854 2396 Quintilianus
871 2325 960 2385 inter
980 2322 1195 2384 Grammatioi
1215 2325 1356 2385 virtutes
1377 2323 1580 2386 collocat150

323 2406 486 2485 quaedam
507 2407 647 2467 nescire:
670 2408 719 2467 ita
737 2408 772 2468 in
792 2406 854 2468 hoc
875 2409 1061 2486 argumenti
1080 2426 1205 2487 genere,
1228 2407 1417 2487 diligentiae
1442 2426 1518 2486 pars

323 2510 394 2551 0000
408 2490 540 2550 videtur
555 2490 717 2569 quaedam
736 2491 921 2571 praeterire.
966 2490 1085 2568 Itaque
1103 2490 1216 2551 lautus
1236 2492 1430 2551 conuiuator
1448 2509 1518 2551 esse

325 2573 428 2635 malui
442 2591 540 2651 quam
555 2573 722 2647 molestus,
738 2575 931 2654 praesertim
946 2573 1035 2652 quod
1050 2574 1077 2634 01
1092 2574 1172 2652 quid
1186 2575 1222 2634 in
1235 2573 1297 2634 hac
1311 2593 1413 2635 coena
1426 2592 1518 2653 prae-

325 2658 513 2718 termissum
535 2662 597 2730 est,
621 2662 732 2737 potest
753 2658 788 2718 in
813 2657 879 2719 alia
903 2658 1050 2737 proponi,
1075 2664 1290 2737 posteaquam
1320 2657 1400 2718 haec
1422 2661 1520 2718 erunt

325 2746 491 2803 concocta.
522 2740 624 2801 Porro
635 2740 757 2801 ordinis
768 2740 907 2821 neglecti
918 2740 1160 2802 incommodum
1175 2739 1286 2802 Indice
1300 2742 1518 2820 pensauimus.
1535 2761 1583 2812 155

326 2825 377 2885 De
406 2823 507 2885 titulo
528 2823 610 2884 nihil
635 2823 736 2885 reiert
760 2825 895 2886 anxium
919 2844 998 2897 esse,
1024 2843 1126 2902 quum
1152 2824 1186 2884 in
1211 2823 1261 2884 his
1284 2843 1368 2903 quae
1391 2823 1522 2902 collegit

327 2905 525 2970 Plutarchus
546 2907 608 2968 sub
629 2907 956 2989 Apophthegmatum
977 2908 1107 2970 nomine
1127 2907 1234 2969 multa
1250 2909 1317 2969 sint
1332 2926 1417 2987 quae
1438 2907 1522 2968 alius

328 2990 443 3053 mallet
463 2990 646 3069 σκώμματα,
662 2990 863 3070 λοιδορία<ς>,
878 2990 996 3062 ἀστεῖα,
1012 2990 1185 3069 εὖτράπελα
1200 2993 1270 3053 siue
1283 2991 1392 3070 γελοῖα
1406 2990 1521 3071 dicere.

327 3074 501 3136 Caeterum
524 3080 741 3154 posteaquam
765 3076 801 3136 in
826 3075 877 3135 his
906 3074 1144 3154 distinguendis
1165 3074 1289 3136 frustra
1317 3074 1452 3136 sudauit
1478 3073 1521 3134 M.

328 3157 466 3231 Tullius,
491 3177 550 3219 000
572 3156 774 3231 Quintiliano
796 3157 956 3219 satisfecit
977 3157 1107 3219 Marsus
1132 3157 1230 3219 homo
1257 3159 1399 3231 doctiss,
1422 3163 1524 3237 atque
1538 3167 1587 3215 roo

329 3241 412 3303 adeo
426 3260 485 3302 nec
500 3242 568 3321 ipse
576 3239 807 3316 Quintilianus,
823 3242 933 3303 Marso
946 3241 1082 3315 doctior,
1091 3241 1163 3314 sibi,
1175 3261 1241 3304 non
1256 3241 1437 3303 arbitratus
1452 3259 1524 3301 sum

329 3326 591 3405 operaeprecium
605 3325 640 3385 in
655 3324 716 3385 hoc
735 3326 868 3386 anxiam
888 3344 1021 3405 operam
1043 3344 1178 3400 sumere,
1194 3331 1248 3386 sat
1266 3324 1390 3386 habens
1404 3323 1525 3386 alicubi

329 3409 410 3470 dicti
423 3408 526 3469 iociue
540 3409 679 3487 speciem
693 3407 800 3470 obiter
813 3407 981 3469 indicasse.

372 3491 412 3552 In
434 3491 485 3552 his
506 3496 593 3553 certe
614 3511 697 3570 quae
718 3511 778 3552 nos
797 3491 983 3565 adiecimus,
1003 3490 1116 3553 sedulo
1135 3492 1292 3564 cauimus,
1306 3511 1347 3552 ne
1366 3496 1524 3570 stratage-

330 3579 423 3636 mata
436 3593 511 3635 cum
533 3573 830 3654 Apophthegmatis
848 3574 1129 3648 confunderemus,
1145 3581 1217 3635 tum
1239 3594 1280 3635 ne
1299 3574 1588 3652 quidomnin0165

331 3677 534 3739 poneremus,
555 3659 618 3719 nisi
641 3677 682 3719 ex
703 3658 942 3738 probatissimis
963 3659 1133 3736 vtriusque
1154 3657 1283 3737 linguae
1304 3657 1525 3736 scriptoribus,

330 3744 434 3820 iisque
449 3743 589 3802 vetustis
604 3741 814 3822 decerptum:
837 3761 903 3802 non
914 3741 1003 3820 quod
1017 3742 1159 3802 nesciam
1173 3761 1194 3801 a
1207 3741 1441 3802 recentioribus
1456 3759 1525 3819 per·

331 3825 438 3887 multa
457 3824 568 3886 reierri
587 3824 670 3886 salse
695 3824 865 3904 lepideque
888 3824 987 3897 dicta,
1011 3824 1068 3886 sed
1091 3824 1165 3902 plus
1189 3824 1313 3886 habent
1338 3824 1528 3886 autoritatis

332 3927 417 3988 quae
431 3909 634 3969 consecrauit
647 3909 838 3987 antiquitas,
853 3913 889 3969 et
902 3907 1107 3969 adhibendus
1121 3913 1194 3968 erat
1208 3909 1297 3987 operi
1308 3907 1433 3969 modus.
1477 3907 1528 3967 Ne

331 3992 415 4053 illud
436 3991 568 4070 quidem
590 4009 777 4070 quenquam
797 4011 929 4053 mouere
950 3991 1057 4064 debet,
1078 3989 1167 4069 quod
1187 4009 1423 4070 nonnunquam
1441 3991 1528 4051 idem
1543 4007 1591 4058 170

332 4075 468 4145 11101010,
490 4073 533 4135 ab
555 4074 615 4135 hoc
637 4075 828 4135 asscribitur
847 4074 932 4146 huic,
955 4080 990 4135 et
1009 4074 1051 4135 ab
1070 4073 1125 4135 illo
1139 4074 1298 4135 tribuitur
1312 4074 1417 4135 alteri.
1460 4072 1529 4134 Neo

332 4159 418 4218 enim
433 4163 504 4218 tam
518 4158 618 4219 refert
631 4176 652 4217 a
665 4176 732 4236 quo
746 4158 826 4236 quid
840 4159 966 4218 dictum
977 4159 1031 4230 sit,
1047 4176 1146 4236 quem
1156 4157 1235 4236 quid
1250 4158 1388 4230 dicatur,
1399 4157 1529 4218 etiamsi

334 4240 469 4302 celebris
492 4247 527 4302 et
555 4241 717 4320 gratiosus
742 4246 839 4302 autor
867 4240 1016 4302 nonnihil
1041 4240 1193 4319 ponderis
1220 4246 1256 4301 et
1284 4241 1408 4320 gratiae
1432 4239 1529 4301 dictis

334 4324 492 4403 adiungit.
545 4323 586 4385 Id
604 4323 809 4402 frequentius
827 4325 978 4397 occurrit,
994 4343 1094 4403 quem
1109 4331 1148 4384 vt
1162 4323 1318 4402 exemplis
1332 4324 1376 4383 sit
1390 4322 1528 4403 proban-

335 4407 423 4469 dum.
467 4406 522 4467 Fit
537 4413 647 4467 autem
663 4407 724 4468 hoc
741 4407 907 4469 interdum
931 4406 1093 4467 humanae
1110 4408 1284 4469 memoriae
1301 4407 1405 4485 lapsu,
1427 4424 1528 4484 quan·
1545 4419 1592 4472 175

335 4510 434 4570 quam
448 4490 530 4552 nihil
545 4496 639 4551 vetat
652 4491 789 4551 eandem
799 4492 995 4552 sententiam
1004 4509 1025 4550 a
1035 4490 1171 4552 diuersis
1182 4489 1353 4551 autoribus
1361 4487 1529 4568 proficisci,

335 4576 403 4636 siue
418 4574 452 4635 id
465 4573 567 4635 iaciat
580 4574 732 4648 imitatio,
747 4575 815 4636 siue
830 4593 941 4635 casus:
965 4574 1240 4652 quemadmodum
1256 4573 1342 4634 hunc
1356 4572 1530 4643 senarium,

371 4705 428 4755 134.
446 4698 580 4757 potesta:
599 4690 737 4756 poteritfl.
807 4694 864 4742 161.
883 4690 1179 4755 00101111000001100.
1250 4704 1307 4755 170.
1326 4703 1532 4754 nonnunquam

334 4760 437 4878 0004.
507 4772 563 4823 171.
581 4759 686 4810 etodd.
697 4757 715 4822 β
783 4758 1290 4824 174·5.Id...probandumodd.y.
1361 4769 1416 4820 175.
1434 4761 1532 4807 autem

411 4844 438 4887 Υ

373 4957 1027 5022 160.Mareus]Quint...-6310212.This
1065 4957 1289 5022 paragraphis
1329 4954 1533 5020 mbstentially

374 5024 908 5091 177.00010011111011001...183λ1710]
958 5022 1104 5077 1101100011
1120 5022 1532 5087 troonl.Gsll.13.19(18)

371 5122 448 5173 4⁵29
925 5107 950 5152 Κ
