4042 5900
427 600 489 662 394
752 600 952 664 narraris
972 600 1029 664 or
1049 599 1262 665 nummus
1563 603 1628 681 [1531

428 760 560 812 ‘Baliuus
571 761 702 813 Lutetiae
714 762 826 827 regiua,’
838 763 862 814 it
873 762 968 812 would
979 777 1055 813 seem
1066 762 1133 813 that
1144 762 1173 812 in
1184 777 1338 827 response
1347 769 1386 814 to
1396 760 1632 827 Eremm’qqd

427 827 463 877 he
475 829 545 878 took
556 834 635 893 steps
647 834 679 878 to
690 844 825 893 suppresa
837 828 982 894 Scaliger’s
992 829 1078 888 book,
1090 828 1148 879 and
1159 829 1227 880 that
1238 830 1281 880 he
1294 830 1552 882 communium
1561 829 1633 880 tb'ub

428 894 562 945 Erasmus
575 894 699 960 through
710 895 767 945 Iao.
781 896 957 961 Omphalius,
970 912 988 945 a
998 911 1130 946 common
1142 895 1258 957 friend]

470 983 629 1046 Saturam
644 985 828 1065 plurimam,
841 986 1029 1048 honorande
1040 987 1179 1048 domine.
1224 986 1329 1048 Exiit
1344 987 1498 1050 libellus
1513 987 1634 1050 Lutel‘ue

428 1088 565 1131 excusus
580 1088 637 1149 per
654 1067 874 1131 Guilhelmum
893 1068 1131 1143 Gormontium,
1151 1069 1252 1131 titulo
1272 1070 1382 1145 falso,
1409 1071 1499 1133 Iulii
1518 1070 1636 1134 Caesuit

429 1151 589 1231 Scaligeri,
601 1171 661 1232 pro
675 1151 826 1215 Cicerone
840 1160 956 1215 contra
966 1154 1149 1228 Erasmum,
1161 1172 1229 1214 non
1239 1152 1358 1215 solum
1371 1154 1540 1217 famosus
1550 1172 1637 1215 veron

428 1238 528 1296 etiam
563 1235 752 1315 simpliciter
787 1236 936 1310 furiosus,
972 1238 1116 1316 vndique
1154 1236 1310 1297 differtus
1351 1238 1639 1319 impudentiain'r

399 1320 614 1392 mendaciis,
629 1326 664 1380 et
677 1320 852 1399 plusquam
870 1321 1058 1381 scurrilibus
1078 1321 1240 1393 conuiciis,
1256 1326 1371 1399 atque
1392 1322 1493 1384 adeo
1514 1323 1639 1383 cumina

429 1404 573 1463 tionibus
586 1402 792 1481 capitalibus,
808 1422 947 1482 quorum
961 1410 1012 1464 est
1026 1403 1117 1476 illud,
1133 1402 1222 1483 quod
1235 1422 1297 1482 ego
1314 1423 1401 1465 cum
1420 1407 1515 1467 meis
1529 1404 1640 1485 compli·

429 1486 521 1548 cibus
546 1493 683 1547 conatus
703 1488 764 1547 sim
789 1486 975 1547 Romanum
997 1487 1184 1566 pontificem
1205 1506 1223 1548 e
1244 1486 1391 1567 fastigio
1418 1509 1491 1551 suo
1516 1489 1642 1559 deiicere,

429 1589 532 1649 quum
552 1570 709 1630 hactenus
728 1576 917 1631 constanter
936 1589 995 1650 pro
1015 1570 1168 1650 pontifice
1188 1575 1223 1630 et
1244 1568 1311 1630 fide
1335 1571 1526 1634 catholica
1546 1579 1643 1634 coum

430 1660 592 1714 sectarum
618 1660 748 1714 autores
773 1654 984 1732 depugnarim
1013 1660 1114 1732 atque
1138 1656 1321 1714 etiamnum
1352 1653 1570 1736 depugnem,
1593 1673 1645 1716 nm

386 1762 418 1798 10
430 1738 499 1797 sine
526 1737 731 1797 fortunarum
756 1757 902 1797 mearum
924 1743 958 1798 et
984 1738 1101 1817 eapitis
1124 1736 1285 1816 periculo:
1319 1743 1365 1798 vt
1389 1740 1468 1800 iam
1493 1740 1645 1809 omittam.

431 1819 520 1899 quod
534 1820 646 1881 obiicit
661 1840 712 1881 me
726 1819 886 1881 Ciceronis
896 1820 1032 1899 gloriam
1044 1820 1127 1881 velle
1138 1819 1277 1892 abolere,
1288 1820 1388 1898 quod
1404 1822 1645 1891 temulentiam,

431 1922 533 1982 quum
555 1902 649 1982 longe
670 1904 760 1964 aliud
781 1904 886 1964 sciant
907 1905 963 1983 qui
985 1923 1113 1964 meeum
1134 1904 1262 1975 viuunt,
1285 1903 1383 1981 quod
1408 1907 1515 1985 apud
1537 1905 1646 1967 Aldun

432 1986 561 2047 lectoris
575 1987 680 2047 officio
700 1988 760 2047 sim
779 1987 921 2059 iunctus,
940 2006 1042 2065 quum
1061 1987 1148 2048 Aldo
1168 1987 1286 2047 fuerim
1307 1985 1388 2048 loco
1411 1991 1646 2070 praeceptoria

432 2068 496 2131 Sed
509 2089 569 2150 ego
583 2071 713 2149 ineptus
728 2071 785 2148 qui
802 2070 881 2131 haee
901 2090 1089 2131 enumerare
1108 2089 1251 2149 pergam,
1266 2087 1376 2147 quum
1398 2079 1526 2150 preter
1544 2075 1648 2133 msam

388 2180 418 2229 15
432 2155 578 2214 conuicia
599 2158 691 2213 totus
713 2152 795 2213 liber
815 2152 896 2213 nihil
917 2155 1094 2226 contineat,
1115 2152 1226 2233 qualia
1245 2154 1303 2212 vix
1322 2152 1420 2215 vllus
1441 2174 1568 2217 scurra
1584 2175 1648 2237 pro

432 2237 585 2298 funderet
609 2238 643 2296 in
668 2256 822 2297 scurram.
866 2237 951 2297 Eum
976 2237 1150 2298 ediderunt
1175 2241 1290 2297 contra
1314 2237 1407 2315 regis
1435 2239 1596 2301 edictum
1618 2257 1649 2299 ac

433 2318 671 2399 Theologorum
695 2321 919 2393 autoritatem,
942 2320 999 2381 sed
1023 2326 1083 2381 tuo
1105 2321 1281 2399 permissu;
1308 2337 1371 2379 nee
1398 2320 1477 2383 vlla
1503 2323 1651 2384 adfertur

433 2423 541 2476 causa,
556 2422 641 2482 quur
656 2404 683 2463 is
698 2402 826 2464 libellus
841 2403 1007 2464 videretur
1026 2402 1143 2483 dignus
1161 2403 1314 2475 editione,
1335 2404 1492 2481 proinde
1508 2407 1652 2487 suspicor

433 2485 499 2547 illie
514 2493 609 2547 tuum
629 2506 747 2547 nomen
767 2506 835 2547 esse
854 2488 1081 2566 suppositium,
1096 2492 1156 2547 aut
1175 2487 1202 2547 si
1222 2505 1297 2546 vere
1319 2490 1383 2546 tuo
1409 2491 1588 2567 permissu
1608 2508 1653 2550 ret

388 2569 711 2650 zogesiaest,10nge
729 2569 820 2630 aliud
838 2577 1069 2649 persuaserunt
1088 2569 1159 2643 tibi,
1179 2588 1279 2649 quam
1301 2588 1353 2629 res
1375 2569 1505 2634 habet.
1555 2574 1654 2652 Magis

434 2659 507 2715 erat
530 2674 549 2714 e
574 2653 734 2732 dignitate
759 2654 855 2715 istius
879 2653 1074 2714 Academiae
1103 2654 1221 2713 merito
1249 2651 1506 2729 celeberrimae,
1537 2658 1569 2718 si
1594 2656 1655 2717 tale

433 2735 620 2816 exemplum
635 2736 677 2796 ab
692 2756 730 2796 ea
744 2756 812 2797 non
827 2742 978 2798 manaret
988 2737 1032 2798 ad
1043 2736 1224 2797 studiosam
1235 2737 1454 2798 iuuentutem
1467 2758 1533 2819 per
1545 2740 1657 2801 orbem

434 2819 666 2882 Christianum.
709 2819 797 2881 Noui
816 2825 976 2893 autorem,
996 2839 1143 2881 scurram
1162 2821 1344 2890 mitratum,
1362 2838 1584 2902 possemque
1603 2842 1658 2904 pro

435 2904 597 2983 dignitate
612 2903 763 2965 retaliare
777 2904 943 2965 hominem
957 2923 1024 2966 non
1037 2902 1122 2965 fictis
1136 2902 1193 2964 sed
1208 2903 1294 2964 veris
1304 2902 1524 2980 criminibus,
1537 2915 1580 2969 at
1595 2925 1659 2969 non

390 3014 422 3064 25
435 2987 517 3048 libet
532 2988 654 3048 imitari
668 2988 836 3049 furiosum.
880 2987 957 3048 Non
971 2988 1023 3048 hic
1037 3006 1256 3048 commemoro
1270 2985 1350 3064 quid
1366 2987 1434 3047 sim
1448 2994 1661 3068 promeritus

437 3072 476 3132 de
492 3071 619 3144 studiis,
635 3077 695 3132 aut
709 3071 749 3132 de
764 3070 917 3150 religione
932 3071 1134 3143 Christiana;
1158 3076 1196 3131 vt
1211 3070 1291 3130 nihil
1305 3068 1429 3130 horum
1451 3073 1514 3146 sit,
1531 3095 1661 3154 egoque

437 3154 554 3234 dignus
569 3156 629 3215 sim
644 3156 709 3215 ista
726 3154 900 3234 plusquam
921 3153 1093 3234 plaustrali
1111 3153 1305 3234 petulantia,
1325 3159 1416 3212 certe
1440 3160 1661 3236 perpenden-

437 3237 516 3298 dum
530 3244 612 3310 erat,
628 3238 708 3317 quid
723 3237 838 3298 deceat
853 3239 951 3299 istam
966 3238 1186 3299 Academiam.
1231 3236 1283 3296 Me
1297 3234 1434 3313 quidem
1452 3238 1579 3302 fateor
1593 3262 1662 3304 esse

437 3321 568 3381 infimae
583 3322 788 3394 conditionis,
804 3322 862 3381 sed
877 3328 988 3382 tamen
1003 3322 1088 3382 hunc
1106 3321 1253 3381 infimum
1272 3318 1392 3380 Caesar
1411 3327 1583 3398 agnoscit
1603 3345 1664 3406 pm

393 3432 425 3482 30
438 3405 629 3478 consiliario,
645 3424 703 3465 rex
717 3404 942 3466 Ferdinandus
960 3424 1019 3484 pro
1038 3411 1255 3483 praeceptore,
1276 3400 1365 3481 quod
1384 3403 1515 3466 multis
1540 3409 1589 3469 ad
1612 3429 1664 3470 me

438 3487 557 3547 litteris
573 3489 710 3567 ingenue
725 3487 930 3568 profitentur.
974 3488 1042 3549 Nec
1058 3487 1138 3548 mihi
1155 3487 1283 3548 deesset
1300 3485 1411 3557 mitra,
1428 3488 1501 3549 nisi
1524 3490 1664 3553 Christo

438 3590 538 3649 quam
573 3571 759 3633 hominibus
792 3573 913 3632 seruire
946 3570 1142 3632 maluissem.
1186 3569 1256 3630 Hec
1285 3567 1531 3634 excellentiam
1565 3583 1664 3637 tuam

438 3655 560 3714 nescire
578 3653 677 3726 nolui,
694 3662 732 3715 vt
752 3655 778 3716 si
799 3661 833 3715 te
852 3656 953 3715 inscio
968 3674 1020 3715 res
1035 3661 1086 3715 est
1102 3660 1203 3733 gesta,
1220 3654 1376 3733 puniatur
1391 3657 1594 3731 temeritas,
1612 3661 1664 3720 sin

439 3739 576 3810 conscio,
592 3737 755 3816 intelligas
771 3745 805 3799 te
823 3738 915 3798 falsis
935 3737 1159 3817 improborum
1178 3734 1442 3816 suggestionibus
1464 3736 1540 3801 huc
1562 3744 1663 3805 indu·

393 3849 426 3899 35
439 3827 539 3893 ctum,
561 3839 626 3898 quo
645 3841 713 3881 non
733 3822 890 3901 oportuit.
934 3821 1093 3882 Dominus
1112 3827 1147 3881 te
1168 3825 1286 3893 seruet,
1306 3818 1440 3880 domine
1463 3820 1663 3900 plurimum

440 3904 650 3982 suspiciende.

483 3987 607 4048 Datum
623 3989 712 4068 apud
727 3988 921 4068 Friburgum
936 3987 1081 4068 Brisgoie
1096 3986 1211 4048 Natali
1224 3986 1292 4048 diui
1307 3985 1470 4048 Andreae.
1490 4005 1595 4068 1531.

709 4309 914 4397 ²⁵⁵⁸2578„„
961 4310 1015 4375 To
1030 4307 1204 4374 Essenos
1221 4305 1370 4373 Sonare.

476 4411 832 4502 =13ritishMuseumMS.
847 4448 929 4503 Are.
944 4446 1084 4516 38512‚f.
1099 4449 1145 4517 ⁶4.
1328 4443 1525 4514 (Freiburg.)

1232 4520 1424 4586 <November
1436 4520 1492 4574 fin.
1507 4533 1616 4590 1531.)

477 4650 534 4711 [An
542 4651 660 4715 original
668 4651 761 4709 letter,
771 4651 931 4716 autograph
939 4651 1125 4714 throughout.
1149 4647 1655 4717 Thaletteroanbeapproximately

442 4716 531 4767 dated
543 4717 583 4781 by
594 4719 773 4781 comparison
785 4718 856 4767 with
868 4718 944 4782 Epp.
955 4720 1031 4781 2558,
1044 4717 1131 4780 2593]

476 4901 550 4950 2577.
569 4915 593 4951 2.
611 4900 813 4962 Guilhelmum]
834 4901 1019 4953 Gourmont’s
1069 4900 1199 4964 example
1214 4898 1245 4949 oi
1258 4897 1404 4949 Erasmus’
1418 4897 1606 4950 carelessness
1617 4900 1649 4950 in

442 4982 526 5017 name
537 4983 595 5018 was
606 4974 659 5018 not
668 4968 790 5018 William
798 4969 852 5019 but
860 4968 962 5020 Gilles:
980 4984 1018 5019 an
1068 4969 1119 5019 the
1130 4971 1237 5018 matter
1247 4966 1278 5016 oi
1289 4965 1433 5016 Christian
1443 4980 1551 5015 namea
