4042 5900
432 643 494 704 266
758 640 956 705 LETTERS
978 641 1034 704 OF
1055 640 1260 705 ERASMUS
1539 645 1634 722 [1531

473 801 638 862 Andream
660 820 680 861 a
701 798 834 862 Conricz
854 806 914 862 tua
933 801 1214 864 commendatione
1233 807 1344 863 motus
1361 802 1409 862 ita
1429 801 1636 881 complectar

432 892 480 949 vt
498 884 661 963 intelligat
685 903 725 945 ca
753 903 787 945 re
810 885 853 945 ad
878 890 1033 958 veterem,
1059 903 1157 964 quem
1182 887 1316 946 insum
1340 884 1457 958 habeo,
1485 904 1636 947 amorem

429 967 572 1030 multum
586 969 765 1028 accessisse.
1160 1012 1164 1018 .

472 1051 553 1113 Vale
566 1051 694 1130 Lipsiae
709 1051 764 1112 iiii.
780 1051 854 1112 idus
868 1050 946 1112 Maii
960 1071 1014 1114 an.
1032 1065 1122 1129 1531.

646 1281 746 1342 2493.
794 1275 847 1342 To
869 1276 981 1343 ann
1005 1275 1157 1342 Gnoson
1182 1294 1227 1343 on
1251 1274 1411 1343 Saxona.

469 1404 606 1476 Gregorii
618 1406 808 1461 Nazianzani
821 1406 995 1471 Orationes,
1012 1422 1081 1476 153¹
1098 1412 1148 1477 (α).
1397 1406 1564 1477 Freiburg.

467 1481 627 1551 Epistolae
640 1481 793 1546 Floridae
807 1498 838 1552 p.
855 1497 917 1538 roo.
1368 1496 1401 1548 15
1414 1480 1493 1552 May
1509 1497 1596 1551 1531.

468 1556 509 1611 K.
523 1572 554 1627 p.
572 1572 641 1611 110:
661 1557 701 1611 N.
715 1573 746 1628 p.
764 1572 852 1625 1030:
873 1558 971 1612 Lond.
985 1558 1070 1612 xxvi.
1085 1572 1138 1626 33:
1162 1557 1227 1611 LB.
1244 1558 1326 1625 1187.

464 1674 535 1736 [The
544 1676 657 1740 preface
666 1676 741 1726 toD.
750 1676 870 1739 (Iemerii
878 1676 1199 1727 Nazicnunioratc'ones
1207 1692 1272 1726 aaa.
1281 1674 1420 1726 Bilibaldo
1427 1675 1637 1727 Pirckbeimero

430 1741 581 1805 interprete,
599 1743 815 1807 cumprimum
831 1744 927 1802 editoe,
944 1743 1036 1802 Baelo,
1053 1743 1174 1801 Froben,
1189 1743 1268 1808 Sept.
1285 1756 1359 1805 1531.
1393 1742 1454 1792 'l'be
1470 1742 1563 1793 letter
1575 1759 1637 1794 was

430 1808 545 1926 ρήῧιέοᾱ
556 1810 586 1858 in
598 1810 648 1938 thp
660 1825 738 1861 same
751 1810 853 1860 mouth
867 1811 897 1860 in
911 1810 961 1861 the
973 1810 1115 1875 Epistola
1132 1810 1269 1861 Fici-idne.
1304 1809 1496 1859 Pirckbeimer
1511 1809 1580 1861 died
1595 1826 1636 1861 on

429 1889 462 1926 22
535 1914 541 1926 .
556 1889 629 1939 1530.

493 1999 690 2044 ILLVSTBISS.
707 2000 858 2045 rantum
873 2000 916 2045 ΔΟ
930 2000 1065 2046 nonme
1080 2002 1112 2046 D.
1129 2000 1278 2046 caomlo
1293 1999 1465 2044 saxorum
1479 1998 1575 2058 DVOI,

580 2083 768 2128 araneolae
783 2084 950 2142 PBAESIDI,
966 2084 1164 2139 anuthvn
1179 2083 1382 2140 ammom,
1397 2082 1470 2128 nm.

885 2168 1038 2214 ERASMVS
1052 2169 1127 2213 lton.
1143 2168 1169 2212 S.

472 2256 507 2320 Sr
522 2259 595 2338 quis
609 2265 698 2320 recta
712 2260 767 2321 via
781 2279 890 2320 secum
905 2267 1038 2339 reputet
1052 2227 1490 2333 conditionem⁶m0rtalium
1504 2278 1546 2320 ac
1563 2278 1633 2321 sor-

429 2347 497 2403 tem
512 2341 674 2403 humanae
693 2344 792 2416 vitae,
811 2341 927 2423 Georgi
945 2346 1129 2424 principum
1150 2342 1408 2404 Christianorum
1430 2342 1541 2415 decus,
1564 2363 1635 2405 non

430 2425 633 2487 existimabit
646 2445 841 2507 magnopere
856 2426 1091 2506 deplorandam
1103 2434 1244 2488 mortem
1255 2425 1409 2487 Bilibaldi
1419 2425 1632 2500 Pirckemeri,

430 2515 469 2570 vt
488 2510 540 2570 cui
560 2515 692 2570 tantum
711 2509 879 2571 felicitatis
900 2510 1056 2589 obtigerit
1072 2512 1105 2571 in
1122 2512 1227 2582 terris,
1245 2516 1409 2589 quantum
1426 2510 1633 2588 paucissimis

400 2619 416 2668 5
429 2592 598 2653 hominum
613 2592 767 2654 obuenire
781 2592 874 2654 solet.
918 2592 1003 2655 Nam
1019 2594 1047 2654 si
1061 2599 1198 2655 externa
1216 2595 1281 2654 ista
1294 2611 1448 2653 vocemus
1462 2591 1507 2652 ad
1520 2593 1632 2654 calcu-

429 2675 507 2749 lum,
521 2694 637 2755 genere
650 2677 807 2754 patricius
820 2684 902 2750 erat,
922 2683 1038 2755 partus
1058 2684 1093 2738 et
1112 2676 1265 2738 alumnus
1284 2675 1534 2754 Norembergae,
1551 2677 1631 2737 cini·

429 2760 509 2820 tatis
526 2760 614 2820 inter
631 2758 839 2821 Germanicas
854 2780 929 2821 eum
946 2761 1060 2839 primis
1076 2767 1150 2822 tum
1169 2760 1286 2833 clarae,
1301 2765 1374 2820 tum
1392 2757 1581 2837 opulentae,
1597 2779 1632 2821 rc

428 2861 494 2903 non
504 2842 602 2903 modo
611 2842 713 2915 lauta,
722 2846 938 2905 verumetiam
947 2845 1066 2923 opima,
1074 2843 1164 2923 apud
1173 2861 1317 2904 summos
1328 2841 1416 2903 orbis
1422 2841 1631 2917 monarchas,

428 2927 601 3006 praecipue
615 2926 875 2989 Maximilianum
889 2926 1069 3003 Caesarem,
1080 2933 1214 2989 tantum
1224 2927 1331 3007 gratia
1345 2925 1443 2987 simul
1456 2931 1491 2987 et
1505 2928 1631 2988 autori·

384 3037 416 3074 ιο
430 3016 501 3071 tate
512 3010 619 3071 valuit
630 3017 669 3071 vt
679 3012 737 3071 vix
746 3012 898 3090 cuiquam
913 3019 1000 3073 esset
1010 3012 1180 3073 secundus.
1217 3011 1311 3072 Idem
1325 3010 1457 3071 honoris
1471 3008 1630 3085 obtinuit,

429 3100 463 3155 et
478 3095 567 3173 apud
588 3092 752 3167 Carolum,
768 3096 998 3175 imperatorem
1014 3097 1085 3175 ipso
1099 3097 1199 3157 etiam
1217 3093 1442 3155 Maximiliano
1459 3094 1629 3156 maiorem.

429 3176 575 3251 Quorum
590 3179 721 3255 vtrique
739 3198 805 3239 non
820 3181 929 3240 minus
946 3179 1141 3259 prudentem
1162 3198 1261 3257 quam
1283 3178 1386 3239 fidum
1407 3176 1630 3238 consiliarium

429 3262 605 3339 praestitit.
650 3260 736 3335 Quin
756 3269 791 3323 et
812 3264 940 3342 patrias
961 3283 1039 3325 suae
1059 3263 1136 3324 belli
1154 3262 1307 3340 domique
1322 3280 1441 3339 magna
1455 3260 1630 3340 multaque

430 3344 563 3424 pietatis
592 3345 791 3407 documenta
818 3345 980 3425 praebuit,
1009 3366 1069 3426 pro
1094 3347 1215 3407 ciuium
1244 3344 1471 3405 incolumitate
1498 3342 1630 3405 nullum

386 3452 416 3502 15
430 3446 575 3506 vnquam
599 3428 759 3508 refugiens
782 3429 964 3503 discrimen,
988 3431 1040 3490 vir
1061 3434 1100 3490 vt
1123 3430 1293 3490 rectissimi
1316 3428 1434 3500 iudicii,
1461 3428 1510 3487 ita
1534 3426 1630 3489 liberi

429 3512 675 3590 constantisque
696 3513 807 3585 animi,
830 3513 883 3572 vel
905 3515 937 3573 in
956 3512 1203 3593 pronunciando
1223 3511 1312 3590 quod
1326 3510 1499 3583 sentiebat,
1518 3510 1573 3572 vel
1595 3512 1630 3571 in

430 3594 621 3672 exequendo
635 3595 724 3673 quod
738 3597 938 3657 instituerat.
981 3595 1050 3658 Neo
1061 3595 1174 3656 inielix
1184 3595 1242 3669 illi,
1252 3614 1311 3655 nec
1320 3594 1430 3656 sterile
1441 3595 1630 3672 coniugium

430 3676 566 3756 obtigit:
590 3677 723 3758 reliquit
736 3681 833 3752 enim,
849 3685 887 3740 vt
901 3680 1010 3752 audio,
1025 3678 1126 3740 filiam
1141 3678 1323 3740 haeredem.

473 3759 564 3822 Vixit
587 3763 711 3822 iustum
733 3765 853 3824 aetatis
880 3764 1017 3824 modum
1044 3764 1283 3842 sexagenarius,
1306 3764 1340 3822 ni
1365 3760 1471 3833 fallor,
1500 3766 1562 3821 aut
1589 3780 1631 3822 eo

385 3870 419 3905 20
431 3844 544 3904 maior.
588 3844 655 3906 Nec
671 3845 806 3907 deerant
821 3848 963 3926 corporis
979 3847 1073 3908 dotes
1087 3848 1242 3926 egregiae,
1259 3846 1361 3906 donec
1378 3850 1529 3905 senectus
1543 3862 1630 3922 quae

431 3925 513 3986 nihil
527 3946 592 3988 non
606 3929 714 4001 vitiat,
725 3929 904 4008 podagram
914 3936 949 3991 et
959 3929 1122 3991 calculum
1133 3929 1319 3990 adduceret.
1356 3927 1428 3989 Hoc
1439 3928 1506 4006 igni
1520 3928 1631 3989 visum

431 4016 482 4071 est
496 4009 567 4071 Deo
576 4031 714 4091 purgare
723 4012 883 4074 famulum
893 4032 998 4086 suum,
1009 4019 1047 4074 vt
1058 4020 1144 4074 esset
1152 4032 1268 4073 aurum
1278 4012 1496 4089 vndequaque
1507 4030 1631 4090 purum

431 4113 469 4153 ac
481 4094 668 4173 probatum.
711 4094 779 4156 Nec
790 4102 902 4158 tamen
914 4116 1059 4175 vnquam
1071 4098 1213 4176 corporis
1224 4097 1389 4156 cruciatus
1399 4100 1533 4156 tantum
1544 4095 1578 4154 in
1589 4113 1632 4156 eo

432 4175 609 4239 valuerunt
626 4185 665 4239 vt
683 4180 831 4240 animum
845 4181 899 4241 vel
916 4200 937 4241 a
954 4180 1154 4242 consulendo
1172 4178 1311 4258 Reipub.
1331 4177 1518 4249 commodis,
1534 4175 1588 4238 vel
1610 4197 1633 4239 a

386 4285 419 4334 25
432 4261 648 4339 prouehendis
657 4261 845 4324 liberalibus
855 4264 973 4325 studiis
981 4269 1182 4330 reuocarent.
1226 4261 1360 4323 Calamo
1368 4260 1530 4341 pensabat
1539 4261 1633 4339 quod

432 4344 616 4423 corpusculi
644 4345 768 4406 viribus
796 4354 869 4408 erat
897 4348 1106 4408 diminutum.
1151 4346 1242 4407 Raro
1264 4346 1397 4424 quidem
1421 4343 1633 4406 commeabat

432 4427 466 4487 in
485 4433 644 4501 senatum,
665 4429 723 4490 scd
742 4429 858 4491 domus
877 4430 965 4491 illius
979 4430 1022 4491 ab
1036 4429 1169 4510 optimis
1184 4430 1367 4508 quibusque
1382 4429 1460 4488 viris
1477 4427 1631 4506 frequen·

433 4516 507 4571 tata
521 4516 654 4572 senatus
668 4513 802 4591 quidam
821 4520 902 4587 erat,
917 4521 952 4575 et
970 4516 1101 4593 scriptis
1118 4514 1217 4575 latius
1232 4513 1423 4592 pleniusque
1438 4510 1633 4590 praestabat

432 4593 485 4654 vel
505 4597 664 4655 senatoris
683 4595 737 4656 vel
756 4597 930 4658 consiliarii
951 4616 1070 4658 munus
1092 4616 1191 4675 quam
1210 4598 1265 4657 alii
1283 4597 1393 4674 lingua
1415 4594 1631 4675 pedibusque.

386 4702 420 4752 3⁰
432 4675 517 4750 Quid
532 4679 620 4739 enim
634 4677 689 4740 ille
703 4680 842 4759 scripsit,
859 4680 948 4758 quod
964 4699 1031 4741 non
1045 4680 1098 4742 vel
1116 4680 1160 4741 ad
1178 4680 1271 4760 Reip.
1288 4679 1502 4758 disciplinam,
1518 4678 1572 4737 vel
1587 4678 1634 4739 ad

432 4760 616 4822 studiorum
631 4762 824 4841 profectum,
840 4764 894 4824 vel
907 4764 952 4825 ad
965 4764 1100 4843 pietatis
1114 4782 1245 4825 causam
1260 4764 1426 4843 pertinet?

566 4871 641 4921 2493.
659 4884 716 4921 rrr.
729 4890 762 4923 a:
780 4885 914 4923 naasnvs
925 4885 1033 4923 aaran.
1046 4885 1175 4923 saoaoro
1186 4885 1335 4923 saxouran
1348 4883 1418 4921 nvcr
1429 4884 1451 4921 s.
1462 4870 1493 4922 J.

726 5006 802 5057 2492.
820 5020 862 5071 71.
880 5006 1006 5069 conrim]
1019 5006 1070 5058 See
1081 5005 1137 5072 Ep.
1149 5020 1225 5072 2451.
1238 5007 1330 5071 76-81.
