4042 5900
318 678 413 754 2515]
638 672 761 736 secu
782 672 1000 735 annnam>
1021 671 1077 735 or
1097 669 1201 734 onus
1452 671 1514 731 eoo

317 839 449 895 assueto
466 839 519 895 tot
535 833 704 894 molestiae
723 838 759 894 et
776 832 1040 913 perturbationes
1060 831 1252 893 inferantur.
1296 829 1414 892 Omnia
1434 829 1515 890 haec

319 918 440 995 Regiae
450 918 617 978 maiestati
624 916 821 989 reiteremus,
830 935 930 995 quam
941 918 1060 976 scimus
1071 913 1514 976 vobisinomnibusnecessi·

318 1001 445 1061 tatibus
470 1002 587 1061 vestris
612 1000 704 1061 nullo
728 1019 873 1077 vnquam
901 1006 1049 1078 tempore
1076 997 1284 1059 defuturam:
1317 1003 1353 1058 et
1376 1016 1397 1057 a
1422 995 1515 1057 vobis

318 1103 523 1163 summopere
537 1082 765 1144 contendimus
779 1090 818 1143 vt
832 1084 866 1143 in
879 1082 1030 1143 futurum
1048 1083 1094 1142 sic
1111 1081 1259 1153 faciatis;
1281 1081 1359 1159 quia
1373 1081 1516 1141 maxime

317 1168 467 1246 cupimus
481 1169 516 1227 in
530 1167 779 1246 quibuscunque
792 1184 965 1245 possumus
980 1165 1074 1226 vobis
1088 1183 1212 1226 morem
1226 1181 1344 1242 gerere,
1358 1169 1393 1224 et
1407 1181 1514 1242 spera·
1531 1186 1562 1222 ιο

317 1270 391 1311 mus
412 1269 471 1311 nos
492 1250 585 1311 breui
605 1250 744 1311 adeum
766 1249 873 1311 locum
895 1255 1052 1310 venturos
1070 1249 1115 1310 ad
1134 1266 1231 1327 quem
1250 1252 1285 1308 et
1303 1266 1372 1319 vos,
1388 1247 1414 1307 si
1433 1264 1516 1325 opus

318 1332 427 1406 fucrit,
446 1334 491 1395 ad
508 1353 569 1395 nos
587 1333 732 1395 conferre
751 1333 910 1412 poteritis,
930 1333 984 1393 vel
1005 1331 1136 1392 litterae
1157 1330 1233 1392 hinc
1253 1329 1328 1391 inde
1349 1329 1516 1391 comodins

317 1416 547 1496 perferrentur.

650 1718 750 1779 2516.
797 1712 849 1779 To
865 1712 966 1779 Jonn
983 1713 1185 1780 Bormam.

356 1849 561 1921 Copenhagen
573 1848 638 1904 MS.
653 1849 765 1905 G.K.S.
780 1864 816 1917 95
829 1850 907 1915 Fol.,
920 1851 942 1906 f.
960 1867 1023 1918 199.
1101 1856 1105 1864 '
1281 1850 1439 1921 Freiburg.

357 1924 398 1979 K.
412 1942 443 1996 p.
460 1940 511 1991 19:
531 1925 571 1980 N.
585 1941 616 1995 p.
631 1929 704 1992 956:
724 1925 823 1980 Lond.
837 1943 911 1981 xxv.
925 1940 960 1995 7:
980 1926 1046 1981 LB.
1062 1941 1145 1995 1193.
1228 1925 1381 1996 §August
1395 1940 1478 1994 1531.

353 2052 410 2113 [An
421 2053 582 2117 autograph
593 2051 783 2117 roughdraft,
795 2052 905 2103 headed
918 2052 1036 2105 ‘Ioanni
1047 2054 1184 2104 Botremo
1191 2052 1209 2112 ⁹,
1221 2051 1266 2102 for
1273 2051 1365 2102 whioh
1376 2052 1407 2102 in
1417 2051 1448 2101 K
1457 2052 1515 2102 and

319 2117 357 2167 all
380 2119 555 2183 subsequent
577 2118 700 2169 editions
727 2119 777 2170 the
803 2120 976 2237 apparently
997 2119 1135 2171 fictitious
1159 2134 1243 2169 name
1268 2118 1299 2169 of
1321 2118 1517 2183 sigismundus

320 2184 558 2250 Questenbergius
575 2187 599 2235 is
616 2184 802 2237 substituted.
861 2202 895 2237 or
910 2187 961 2238 the
981 2202 1031 2238 use
1050 2188 1081 2237 of
1100 2201 1118 2236 a
1135 2185 1272 2237 fictitions
1288 2200 1372 2236 name
1388 2200 1430 2235 we
1449 2200 1517 2249 may

319 2267 455 2369 coppim
462 2252 627 2385 Elgcpeirlinllg’
632 2253 703 2370 tlrzilr1
708 2289 797 2370 letter
818 2319 967 2370 Botaheim
986 2319 1045 2370 had
1067 2319 1291 2385 spontaneously
1311 2319 1399 2370 taken
1419 2320 1516 2370 action

319 2385 409 2435 about
420 2386 470 2436 the
481 2387 595 2436 attacks
606 2401 643 2436 on
655 2385 791 2437 Erasmus
799 2386 839 2451 by
846 2387 960 2452 writing
968 2391 999 2437 to
1008 2386 1101 2437 Faber
1108 2387 1166 2437 and
1173 2386 1275 2451 asking
1282 2386 1341 2436 him
1353 2392 1385 2437 to
1396 2387 1517 2437 restrain

320 2453 370 2503 the
381 2452 525 2517 suffragan
537 2453 638 2518 bishop
650 2453 681 2504 oi
695 2453 862 2514 Constance,
874 2454 939 2504 who
952 2453 1010 2504 had
1024 2452 1150 2518 retently
1161 2452 1316 2503 succaeded
1326 2452 1475 2504 Botzheim
1486 2453 1516 2503 in

320 2519 370 2569 the
383 2518 462 2569 office
476 2520 507 2570 of
520 2519 610 2577 deam
628 2535 675 2569 aee
689 2519 863 2570 Botaheim's
875 2520 961 2571 letter
975 2528 1008 2571 to
1022 2519 1123 2578 Faber,
1135 2519 1246 2570 Vienna
1261 2519 1319 2570 MS.
1333 2523 1424 2584 97373,
1440 2520 1461 2569 f.
1473 2534 1516 2585 41.

320 2588 346 2635 A
357 2601 425 2650 year
435 2586 544 2647 earlier,
556 2588 585 2636 in
597 2587 651 2651 Ep.
668 2600 743 2649 2310,
759 2587 909 2638 Botzheim
925 2587 983 2637 had
1000 2586 1090 2637 called
1104 2586 1249 2637 Erasmus’
1264 2587 1409 2637 attention
1423 2591 1455 2636 to
1466 2587 1517 2636 the

320 2653 379 2703 fact
390 2653 457 2703 that
468 2653 601 2704 students
612 2653 642 2702 in
654 2652 842 2718 Ueberlingen
854 2669 926 2704 were
937 2653 1022 2718 being
1033 2652 1148 2703 war-ned
1159 2654 1271 2718 against
1282 2653 1327 2703 hia
1338 2652 1406 2703 New
1418 2652 1516 2704 Testa·

320 2726 400 2770 ment
411 2720 468 2770 and
477 2721 543 2770 that
550 2735 588 2771 an
596 2719 740 2770 unnamed
747 2721 882 2785 preacher
890 2719 948 2770 had
957 2720 1095 2770 attached
1101 2735 1155 2770 one
1166 2721 1197 2770 of
1208 2720 1253 2769 his
1261 2719 1517 2785 interpretatione]

772 2851 894 2896 losum
908 2851 1064 2897 sommo

361 2941 504 3004 Gavnno
519 2949 562 3016 te,
578 2942 734 3005 Botzeme
751 2942 947 3017 charissime,
961 2943 1110 3005 leuatum
1128 2952 1164 3004 et
1181 2942 1328 3005 molestis
1346 2948 1381 3004 et
1399 2962 1517 3024 parum

319 3027 482 3106 frugiferis
504 3027 681 3100 laboribus,
707 3028 827 3106 quibus
851 3027 967 3089 decani
991 3029 1096 3089 vicem
1120 3046 1234 3106 gerens
1260 3027 1516 3106 distringebaris.

320 3110 423 3190 Magis
433 3117 545 3171 autem
556 3109 885 3172 letorteincolumem
893 3129 971 3185 esse,
981 3112 1171 3191 praesertim
1181 3111 1242 3173 boc
1252 3110 1518 3191 pestilentissimo

320 3200 477 3272 tempore,
492 3213 591 3273 quam
607 3213 657 3254 res
672 3193 765 3256 vobis
779 3195 901 3255 accisas
914 3214 993 3256 esse.
1038 3194 1101 3256 Tui
1115 3194 1246 3273 quidem
1261 3192 1420 3255 similibus
1436 3193 1517 3255 nihil

319 3282 510 3356 potestesse
520 3278 666 3350 nimium,
677 3279 735 3356 qui
743 3278 898 3357 quicquid
907 3277 1041 3350 habent,
1050 3283 1111 3338 aut
1118 3278 1305 3339 necessitati
1313 3276 1516 3355 impendunt,
1530 3299 1546 3349 5

319 3367 380 3421 aut
405 3361 560 3421 honestae
583 3360 778 3439 benignitati
799 3367 978 3423 reseruant.
1022 3359 1085 3422 Sed
1108 3360 1191 3422 nulli
1212 3361 1315 3440 magis
1337 3360 1518 3421 inclamant

320 3443 434 3503 diuum
456 3449 557 3521 atque
577 3443 744 3505 hominurn
764 3443 871 3518 fidem,
886 3462 986 3523 quam
1006 3444 1126 3523 quibus
1144 3443 1253 3505 adhuc
1269 3448 1417 3523 superest
1431 3442 1518 3505 vnde

319 3526 412 3587 alant
427 3525 579 3600 caballos,
595 3545 682 3600 aues,
698 3546 803 3601 canes,
814 3526 920 3589 aleam
934 3533 969 3589 et
982 3527 1127 3607 puellas:
1148 3526 1235 3589 vnde
1246 3533 1396 3606 satrapae
1406 3531 1517 3606 agant,

320 3616 354 3670 et
369 3608 531 3682 Lucullos,
547 3629 648 3689 quum
663 3611 697 3670 in
710 3611 826 3672 edibus
836 3610 947 3672 nullus
961 3612 1006 3672 sit
1016 3610 1119 3671 codex
1130 3630 1230 3672 sacer.
1272 3609 1401 3671 Horum
1412 3610 1517 3689 queri-

320 3694 447 3753 moniae
461 3712 535 3753 mea
549 3693 681 3772 quidem
696 3695 860 3756 sententia
873 3713 940 3756 non
952 3693 1097 3755 multum
1111 3693 1236 3755 habent
1249 3693 1376 3755 frontis.
1532 3716 1564 3753 ro

363 3775 449 3848 Quid
463 3781 541 3856 agat
555 3773 653 3837 Cesar
666 3796 836 3856 nunquam
850 3779 953 3857 magis
966 3778 1033 3838 fuit
1047 3777 1213 3839 occultum
1230 3795 1330 3856 quam
1346 3795 1443 3850 nunc,
1458 3795 1518 3838 nec

320 3860 1352 4024 {tibitibilitliibtfiti’tisstilitt
1373 3858 1517 4023 tiit

321 4033 452 4087 rentur:
475 4025 555 4086 nihil
566 4031 748 4106 potuerunt
759 4026 959 4089 subodorari.
1003 4027 1092 4089 Illud
1106 4033 1230 4089 norunt
1243 4046 1365 4100 ornnes,
1377 4032 1519 4088 venatur

320 4111 480 4188 gneuiter,
507 4108 704 4170 valetudinis
727 4111 843 4190 opinor
864 4112 980 4190 gratia,
1005 4117 1061 4171 tot
1082 4117 1218 4190 tamque
1238 4109 1423 4189 longinquis
1444 4129 1563 4190 pro-15

319 4192 525 4265 sectionibus,
537 4200 590 4253 tot
604 4192 900 4256 consultationibus
914 4193 1062 4255 nonnihil
1075 4194 1246 4274 fatigatae.
1289 4193 1456 4254 Prolixum
1466 4199 1518 4255 est

320 4277 384 4335 iter
397 4295 439 4336 ex
453 4276 621 4355 Hispaniis
637 4276 829 4338 Bononiam.
872 4275 945 4338 Hlic
964 4283 1074 4356 preter
1092 4278 1291 4339 ceremonias
1310 4277 1355 4338 ad
1376 4295 1516 4356 vnguem

320 4359 466 4438 religiose
484 4365 644 4438 peractas,
659 4359 700 4420 de
718 4359 816 4421 rebus
832 4359 922 4422 haud
937 4360 1127 4441 vulgaribus
1144 4360 1331 4422 domesticis
1348 4359 1518 4439 colloquiis

320 4444 483 4521 agitatum
504 4447 556 4503 est
576 4462 651 4503 cum
672 4441 839 4505 Clemente
858 4445 1007 4523 septimo.
1051 4444 1113 4505 His
1131 4445 1286 4505 successit
1303 4442 1518 4523 Augustensis

320 4532 512 4598 conuentus,
535 4525 716 4588 incredibili
740 4526 929 4606 Principum
954 4526 1153 4589 celebritate.
1195 4526 1248 4588 Ab
1271 4526 1332 4588 hoc
1357 4527 1442 4588 itnrn
1466 4533 1564 4587 estro

321 4608 571 4688 Aquisgranum,
593 4608 650 4670 vbi
675 4609 748 4671 Rex
773 4609 999 4671 Romanorum
1023 4610 1213 4690 designatus
1235 4616 1288 4671 est
1312 4608 1386 4671 Rex
1407 4609 1516 4670 Fordi-

320 4691 457 4753 nandns.
494 4692 575 4754 Post
585 4697 682 4753 tanta
690 4694 823 4774 negocia
831 4692 1226 4755 felicitarobitanonnihil
1234 4693 1363 4754 relaxat
1371 4693 1517 4754 animum

355 4826 429 4876 2516.
447 4839 504 4878 rrr.
517 4825 598 4877 Mn:
616 4828 1346 4886 ammaonemrsrrvrenoovmmneroax.
1406 4840 1429 4877 1.
1447 4827 1516 4878 Bot-

320 4892 733 4958 aemeMS.:SigiemundeK.
833 4893 1260 4959 adecaniMdnbudpxovK.
1359 4911 1384 4958 4.
1402 4893 1518 4959 quidem

319 4959 433 5010 (ΜΚ.
519 4960 777 5012 8.elearnadd.K.
861 4974 888 5022 9.
905 4960 1295 5013 nullusMS.:vixvllnsK.
1381 4973 1422 5012 12.
1438 4959 1518 5026 apud

320 5027 608 5078 Brabantosudd.K.
709 5027 1228 5080 21.1texenu1terdimnduom.ss.
