4042 5900
402 684 500 763 2374]
783 678 1214 742 recusoflnmess
1561 681 1602 741 25

403 841 600 920 opinionem.
645 838 709 918 Spe
734 839 778 899 sis
801 839 947 917 optima;
979 836 1233 917 tranquillitatis
1257 838 1344 898 enim
1370 839 1517 899 comunis
1539 840 1600 901 rei·

402 923 554 1003 publicae
568 922 686 983 faciem
700 940 779 1001 prae
793 940 828 982 se
841 922 925 983 ferre
939 923 1051 982 omnia
1065 921 1229 982 videntur.

445 1005 686 1085 capharnaitae
704 1023 834 1084 quoque
854 1023 941 1066 nunc
958 1006 1143 1084 resipiscere
1161 1005 1331 1084 incipiunt.
1376 1004 1484 1066 Pudet
1498 1010 1599 1067 teme·

401 1090 512 1151 ritetis
526 1095 627 1168 atque
641 1089 821 1168 impietatis
833 1110 841 1162 ;
863 1087 1079 1150 deiectionem
1095 1087 1227 1166 quidem
1241 1088 1284 1148 ab
1300 1088 1471 1167 impietate
1484 1108 1599 1151 eorum
1615 1117 1647 1154 10

401 1173 615 1234 meditantur.
646 1172 779 1233 Timent
793 1172 942 1251 proiecto
960 1172 1023 1232 sibi
1037 1172 1165 1242 conscii,
1181 1177 1283 1250 atque
1302 1171 1484 1233 obhorrent
1500 1179 1598 1234 tanto

401 1256 523 1317 delicto
537 1258 572 1317 in
586 1255 717 1335 aquilae
731 1260 901 1335 aspectum
916 1254 1047 1335 prodire
1061 1254 1213 1333 emplius.

443 1339 533 1401 Vale.
577 1339 745 1419 Augustae
761 1356 789 1400 1.
805 1336 1005 1418 Septembris
1022 1339 1101 1399 anni
1114 1354 1198 1398 xxx.

1162 1420 1253 1482 Tuus
1266 1439 1308 1482 ex
1321 1422 1432 1483 animo
1442 1421 1556 1484 Faber.

720 1600 820 1664 2375.
867 1595 920 1662 To
936 1597 1104 1662 Annsnw
1119 1596 1276 1663 omnus.

436 1710 597 1781 Epistolae
609 1710 752 1765 Floridae
764 1727 795 1782 p.
809 1712 856 1775 96.
1339 1707 1497 1780 Freiburg.

435 1785 500 1915 KL
492 1802 529 1915 1ss
533 1789 594 1916 pp?
592 1786 671 1930 3²N
684 1802 715 1857 p.
732 1798 820 1854 1027:
840 1784 939 1839 Lond.
953 1784 1037 1839 xxvi.
1052 1798 1105 1852 31:
1253 1800 1266 1839 1
1282 1783 1463 1855 September
1478 1798 1559 1853 1530.

431 1962 521 2029 [Epp.
540 1976 650 2027 2375-7,
669 1963 783 2014 written
803 1967 835 2013 at
855 1961 947 2027 Slap's
966 1961 1140 2027 suggestion,
1162 1976 1234 2011 were
1254 1967 1319 2012 sent
1339 1962 1463 2028 through
1483 1962 1598 2013 Jerome

396 2029 511 2080 Froben
528 2035 561 2080 to
577 2031 628 2081 the
646 2030 801 2080 Franklort
817 2030 881 2088 fair,
899 2035 931 2080 to
948 2028 985 2079 be
1002 2027 1161 2079 lorwerdsd
1178 2029 1291 2088 thanne,
1308 2035 1341 2079 at
1358 2028 1597 2094 Schydlowyetz's

395 2098 579 2156 instruction,
595 2103 626 2148 to
640 2096 766 2148 Poland:
784 2111 830 2146 see
847 2096 903 2161 Ep.
920 2107 996 2158 2351.
1011 2096 1121 2156 89-109.
1156 2094 1217 2145 The
1234 2096 1383 2161 year-date
1399 2097 1424 2147 is
1441 2096 1596 2147 confirmed

395 2164 436 2228 by
448 2164 499 2214 the
509 2165 638 2215 mention
649 2164 679 2215 ol
692 2164 743 2215 the
754 2164 822 2214 Diet
832 2163 863 2213 oi
874 2163 1047 2228 Augsburg.]
1197 2173 1206 2190 ·

406 2278 563 2324 EBASMVS
584 2279 834 2325 Rorxnonsnvs
855 2278 1019 2323 ANDBEAE
1042 2278 1177 2322 cmrlsx
1200 2278 1360 2324 xrlsooro
1382 2278 1546 2324 Phoosxsl
1568 2280 1594 2324 S.

439 2361 960 2443 seminecessemineces
980 2368 1059 2423 tuae
1078 2361 1282 2423 celsitudinis
1301 2382 1368 2422 vna
1389 2382 1464 2424 cum
1483 2362 1596 2424 libello

396 2446 439 2506 de
454 2446 553 2508 Missa
569 2452 638 2521 tuo,
653 2445 820 2507 bonafide
835 2444 980 2506 reddidit
990 2445 1153 2506 Martinus
1164 2444 1291 2524 Slapus,
1303 2447 1437 2525 optimis
1448 2446 1596 2507 moribus

394 2530 532 2591 iuuenis.
576 2529 740 2591 Libellum
768 2549 828 2590 neo
857 2530 925 2589 sine
948 2528 1061 2590 fructu
1086 2547 1146 2589 nec
1171 2530 1241 2589 sine
1265 2528 1439 2609 voluptate
1462 2528 1593 2609 perlegi.

393 2613 525 2692 Exiguo
546 2613 713 2675 volumine
735 2632 835 2692 quam
856 2611 964 2673 multa
987 2613 1236 2692 complectitur!
1280 2612 1412 2689 Pugnet
1437 2613 1595 2674 aduersus

394 2695 635 2758 haereticorum
655 2696 821 2775 dogmata,
837 2696 996 2775 explanat
1015 2695 1110 2756 nobis
1130 2695 1356 2757 Precationem
1377 2696 1623 2775 Dominicam‚5

393 2779 544 2840 declarat
563 2782 726 2841 rationem
746 2780 873 2853 Missae,
894 2778 1002 2839 obiter
1021 2785 1282 2840 commonstrans
1297 2798 1381 2857 quae
1396 2780 1483 2840 inter
1497 2782 1593 2841 sacri·

392 2862 561 2923 licendum
575 2864 727 2924 indecore
741 2868 910 2941 geruntur.
956 2861 1086 2923 Placuit
1101 2862 1189 2940 quod
1205 2862 1320 2923 stilum
1339 2862 1383 2923 ad
1397 2863 1594 2943 simplicium

392 2946 656 3008 mediocritatem
679 2946 829 3009 nonnihil
855 2945 1018 3020 deieceris,
1044 2945 1262 3025 maluerisque
1287 2947 1475 3026 episcopum
1498 2967 1594 3027 agere

391 3049 494 3108 quam
523 3030 697 3092 rhetorem.
756 3030 798 3091 In
826 3029 1007 3091 Brabantia
1036 3029 1272 3091 Franciscanus
1303 3030 1438 3109 quidem
1466 3031 1592 3110 pridem

392 3114 508 3174 aedito
522 3113 689 3176 volumine
704 3114 818 3176 docuit
832 3113 913 3192 quid
927 3132 1077 3191 quaeque
1092 3113 1268 3186 declarent,
1284 3133 1369 3192 quae
1380 3113 1446 3175 illic
1457 3133 1478 3174 e
1489 3133 1592 3176 sacer·
1608 3143 1640 3179 ιο

394 3197 475 3258 dote
489 3203 658 3276 geruntur.
702 3198 765 3259 Hic
780 3197 848 3258 duo
862 3196 965 3258 libelli
979 3197 1182 3276 prodierunt,
1198 3196 1283 3257 alter
1302 3195 1491 3270 Guimundi,
1507 3197 1593 3259 alter

393 3279 514 3359 Algeri,
530 3288 670 3360 vterque
684 3299 830 3342 asserens
845 3281 1021 3341 veritatem
1037 3281 1202 3358 sanguinis
1213 3286 1248 3340 et
1258 3281 1402 3359 corporis
1414 3281 1546 3341 Domini
1557 3283 1592 3343 in

391 3363 611 3437 Eucharistie,
638 3384 711 3425 mea
739 3365 902 3425 sententie
927 3382 994 3424 non
1020 3363 1202 3424 infeliciter.
1246 3361 1340 3424 Idem
1365 3364 1592 3444 typographus

390 3454 466 3509 erat
480 3454 516 3508 et
531 3453 627 3509 tuum
642 3467 830 3520 excusurus,
846 3447 881 3507 ni
895 3448 1068 3508 metuisset
1082 3466 1123 3507 ne
1138 3447 1240 3507 vestri
1258 3447 1457 3527 typographi
1472 3447 1591 3509 Franc-

389 3529 535 3592 iordiam
549 3538 659 3592 essent
670 3532 802 3592 venturi
817 3549 892 3592 cum
907 3531 974 3591 suis
988 3529 1161 3590 mercibus.
1607 3560 1637 3610 15

435 3614 547 3688 Porro,
558 3615 647 3693 quod
658 3615 744 3675 idem
756 3614 919 3675 Martinus
934 3613 1071 3674 anulum
1081 3632 1212 3692 quoqne
1223 3612 1376 3687 reddidit,
1388 3613 1591 3676 celsitudinis

389 3704 471 3759 tuae
488 3717 618 3770 munus,
635 3717 748 3759 vereor
763 3717 804 3758 ne
823 3697 878 3758 ille
898 3697 1073 3758 immodico
1093 3696 1237 3776 quodam
1256 3698 1321 3757 mei
1339 3697 1450 3757 studio
1470 3697 1591 3760 dixerit

388 3781 517 3860 aliquid
532 3781 621 3860 quod
636 3781 683 3842 illi
703 3800 770 3843 non
789 3780 993 3841 manderem.
1038 3780 1119 3840 Mihi
1139 3779 1272 3858 quidem
1287 3780 1473 3859 symbolum
1489 3782 1591 3843 fausti

391 3865 564 3926 cuiusdam
587 3866 703 3925 ominis
722 3866 829 3925 visum
850 3870 910 3937 est,
933 3869 968 3924 et
989 3863 1043 3924 vel
1062 3864 1123 3924 hoc
1144 3865 1275 3924 nomine
1289 3863 1355 3924 fuit
1369 3866 1590 3943 gratissimum

388 3947 482 4027 quod
495 3948 539 4009 ad
553 3948 605 4008 tui
618 3949 837 4009 imitationem
857 3967 909 4007 me
928 3952 1097 4026 prouocet.
1141 3946 1268 4007 Anulus
1290 3966 1408 4008 aureus
1428 3967 1590 4027 gemmam
1604 3976 1637 4012 2ο

388 4031 538 4092 habebat
551 4030 656 4111 figure
669 4032 784 4104 cordis,
805 4031 913 4092 colore
933 4030 1043 4091 rutilo.
1087 4029 1173 4103 Quid
1191 4031 1333 4110 emplius
1352 4038 1468 4111 optare
1486 4034 1591 4111 possis

388 4115 517 4176 homini
531 4112 718 4175 Christiano
732 4134 832 4193 quam
848 4120 887 4173 vt
901 4133 957 4174 oor
971 4112 1092 4175 hebeat
1108 4115 1268 4193 sapientia
1282 4113 1418 4187 illustre,
1428 4115 1590 4176 charitate

387 4200 545 4278 igneum?
587 4197 729 4259 Adnitar
743 4198 786 4259 ad
800 4198 969 4277 exemplar
982 4216 1043 4277 pro
1057 4216 1131 4258 mea
1145 4196 1277 4275 quidem
1292 4197 1396 4258 virili:
1419 4198 1472 4258 vcl
1492 4198 1590 4278 longo

387 4280 568 4342 interuallo
582 4280 684 4342 telem
699 4283 792 4360 sequi
805 4299 969 4342 cursorem
984 4287 1036 4342 est
1049 4280 1183 4359 aliquid,
1199 4282 1227 4341 si
1241 4300 1308 4342 non
1322 4280 1422 4341 datur
1435 4283 1574 4360 assequi.

541 4382 617 4432 sert.
634 4395 692 4432 mr.
710 4394 809 4432 cerno
821 4381 859 4432 N.
927 4394 953 4444 5.
972 4382 1165 4447 precationem
1175 4381 1213 4431 J:
1230 4382 1388 4432 orationem
1400 4381 1438 4433 N.

423 4499 499 4549 237⁴.
516 4514 542 4559 9.
560 4498 780 4563 Capherneitae]
797 4497 858 4547 The
872 4495 963 4548 Stras·
1017 4498 1091 4560 1528.
1187 4564 1192 4575 Ι
1364 4564 1369 4575 ¹

387 4567 465 4682 bii.
474 4565 921 4693 ministraretur...
935 4631 964 4681 οι
1018 4562 1589 4708 ιεὲι)ῗῖἶῖἒ.ῗῗὲὲιῖἔῖᾚέἔὲ

386 4699 482 4750 Buoer
492 4698 550 4749 end
558 4698 963 4764 Cepitotoshowthemselvee
1013 4697 1205 4762 memnonem
1228 4699 1331 4749 missor
1353 4712 1411 4747 was
1436 4697 1588 4761 pubhshed

386 4765 746 4832 openlyinAugsburgcf.
759 4765 814 4830 Ep.
828 4778 902 4828 2392.
914 4778 965 4830 47-
1017 4765 1056 4829 by
1072 4765 1256 4815 Vorsterman
1275 4771 1308 4815 at
1324 4765 1471 4828 Antwerp,
1488 4778 1504 4828 3
1522 4763 1587 4815 Oct.

385 4835 499 4950 ⁶⁵'237n
520 4913 544 4949 1.
562 4898 684 4960 litteras]
697 4898 756 4949 Not
767 4903 878 4949 extant.
1022 4833 1095 4947 1⁵12}
1109 4897 1275 4959 Guimundi]
1288 4896 1405 4962 SeeEp.
1418 4898 1494 4962 2284.
1507 4911 1569 4961 32n.

421 5035 428 5046 ι
456 4965 562 5027 libello]
588 4966 630 5016 De
652 4967 759 5017 ratione
783 4973 808 5015 et
829 4965 964 5030 ”orificio
1051 4978 1091 5014 12.
1109 4964 1431 5081 AlgeriJSeeEEacts.
1520 5036 1529 5050 ,

384 5049 500 5094 musae,
519 5033 642 5093 (tracon,
662 5033 700 5084 M.
720 5031 964 5098 Soharflenbergk,
1051 5035 1091 5082 16.
1109 5032 1238 5094 anulum]
1251 5031 1302 5083 See
1339 5046 1368 5096 p.
1380 5045 1456 5096 2174.
1467 5045 1530 5094 25n.
