4042 5900
339 686 433 762 2503]
721 680 844 744 FROM
865 681 983 744 JOHN
1004 680 1151 743 FABER
1473 684 1534 744 279

339 861 436 920 quem
454 843 595 922 turpiter
616 841 671 902 ille
692 847 727 903 et
747 842 934 921 importune
951 841 1078 902 facetus
1096 840 1171 902 fuit.
1215 839 1279 914 Qui
1295 841 1443 921 profecto
1457 861 1533 903 cum

339 926 382 986 ab
404 945 456 985 me
477 932 551 986 tum
570 924 642 985 aliis
663 926 697 985 in
716 924 793 986 aula
813 925 901 1004 regia
924 924 1124 1004 principibus
1138 924 1216 984 viris
1231 924 1292 984 hoc
1307 924 1397 986 iacto
1412 925 1532 986 malam

338 1010 480 1087 graciam
495 1010 569 1069 iniit
582 1014 617 1069 et
631 1008 673 1069 ob
688 1008 813 1069 dictum
827 1007 913 1068 male
927 1006 1018 1068 haud
1031 1007 1147 1068 melius
1160 1007 1263 1068 audit.
1546 1021 1562 1072 5

382 1091 445 1153 Sed
454 1092 516 1152 hoc
525 1092 692 1153 relictoad
701 1092 834 1152 Eccium
844 1091 1119 1164 veniamus,cuius
1130 1096 1164 1151 te
1173 1089 1384 1151 vehemencia
1393 1089 1532 1170 noli<m>

341 1195 361 1235 a
377 1181 436 1236 tuo
450 1176 618 1254 proposito
632 1176 747 1235 auerti.
791 1172 894 1247 Quem
909 1193 968 1254 per
982 1174 1111 1235 litteras
1125 1192 1229 1253 nuper
1243 1172 1354 1235 sedule
1365 1174 1532 1247 admonui,

341 1278 382 1319 ne
394 1278 449 1319 sus
461 1258 653 1331 Mineruam,
665 1277 704 1319 ac
719 1277 760 1318 ne
774 1263 809 1318 te
823 1258 858 1318 in
872 1257 1098 1338 pulcherrimis
1113 1258 1179 1318 tuis
1193 1255 1362 1318 laboribus
1375 1264 1411 1319 ct
1422 1257 1533 1318 studio

341 1343 395 1421 pio
406 1361 444 1402 ac
459 1340 556 1403 valde
571 1360 670 1420 quam
685 1339 870 1402 Christiano
884 1340 1067 1420 impediret.
1110 1338 1226 1419 Neque
1236 1359 1315 1401 vcro
1329 1340 1485 1420 estquod
1498 1346 1533 1402 te

340 1422 1343 1587 ltiliitrlttbsttttffllm
1351 1423 1533 1587 ‘initi
1548 1438 1580 1475 ¹⁰

341 1589 997 1753 {ztlttmstlttmbmililmfil
1014 1589 1402 1735 limittit
1420 1609 1533 1734 3⁰33}

341 1777 455 1818 uersus
476 1757 634 1818 eiusmodi
655 1776 757 1836 genus
779 1756 949 1817 hominum
971 1756 1158 1836 intrepido),
1178 1755 1263 1817 tales
1282 1762 1322 1818 vt
1336 1756 1534 1837 Pyrgopolo-

342 1840 618 1984 {iffi-mla?
637 1845 838 1983 contemnap.
882 1838 1029 1984 Tamlpttsi
1050 1858 1117 1938 non
1138 1839 1266 1983 dpipita
1287 1841 1368 1919 quin
1383 1839 1439 1901 ille
1453 1842 1535 1985 rupis
1549 1852 1581 1903 Ῑ5

342 1941 955 2087 luitittttltsttotssstds
961 1941 1201 2067 ,initi-ai
1210 1942 1390 2067 titt?
1404 1942 1490 2003 ΜΡ
1507 1942 1534 1984 ¹⁸

383 2089 536 2151 Ceterum
550 2097 589 2151 vt
600 2089 676 2152 edes
690 2090 865 2169 Villeugeri
874 2090 998 2151 diutius
1013 2089 1186 2162 inhabites,
1201 2090 1305 2150 eciam
1319 2097 1421 2168 atque
1431 2090 1533 2150 eciam

342 2192 474 2252 operam
490 2173 613 2234 dedivt
623 2175 719 2253 regiis
733 2173 852 2234 litteris
866 2173 911 2234 ad
924 2174 1154 2252 magistratum
1167 2172 1318 2252 Friburgi
1331 2173 1535 2253 perstudiose

341 2258 471 2336 scriptis
491 2276 533 2317 ex
552 2258 655 2317 eisne
674 2256 867 2318 deturberis.
910 2256 1019 2318 Meam
1033 2256 1184 2335 squidem
1204 2255 1339 2318 domum
1354 2256 1416 2317 tibi
1430 2256 1535 2317 libens
1548 2277 1582 2313 20

341 2339 454 2400 darum
469 2346 628 2420 perpetuo
642 2339 891 2401 inhabitandam
903 2362 910 2413 ;
933 2359 1048 2401 verum
1063 2359 1102 2400 ea
1115 2346 1167 2401 est
1177 2340 1273 2400 nimis
1288 2359 1388 2419 quam
1403 2338 1536 2401 humilis

341 2429 376 2484 et
399 2423 546 2485 obscura.
590 2422 673 2497 Tibi,
697 2430 794 2484 tanto
817 2424 898 2496 viro,
922 2423 1077 2484 conuenit
1099 2422 1278 2504 splendidis
1304 2429 1338 2484 et
1361 2422 1536 2484 luculentis

341 2507 457 2567 edibus
470 2508 530 2568 vti.

384 2590 554 2651 Postremo
573 2589 671 2651 velim
689 2589 751 2651 tibi
771 2587 968 2669 persuadeas
988 2595 1083 2650 tuum
1100 2589 1198 2650 michi
1213 2589 1379 2661 bonorem,
1395 2588 1536 2650 salutem

341 2679 376 2734 et
397 2674 506 2734 omnia
529 2679 588 2733 tua
609 2679 679 2734 tam
699 2692 815 2752 magne
829 2692 905 2734 cure
919 2691 989 2733 esse
1004 2691 1104 2751 quam
1119 2678 1248 2751 egomet
1262 2692 1300 2733 ac
1314 2671 1472 2751 quicquid
1485 2678 1537 2734 est
1549 2691 1582 2742 25

342 2776 450 2817 rerum
465 2776 611 2818 mearum
627 2756 734 2817 michi.

382 2839 435 2899 Ex
450 2839 585 2902 Wienne
601 2841 658 2900 xxi
672 2839 759 2900 Iunii
773 2838 870 2900 Anno
885 2839 939 2899 bc.
956 2839 1047 2899 xxxi.

945 2921 1095 2996 loannes,
1110 2923 1280 3003 episcopus
1294 2921 1495 2986 Viennensis.

612 3236 710 3298 2504.
759 3231 866 3297 Fsosr
890 3230 1072 3296 anusan
1097 3247 1143 3296 on
1165 3227 1269 3296 oms.

380 3368 505 3440 Leipzig
517 3368 582 3424 MS.
1319 3366 1448 3438 Ptague.

380 3445 446 3499 ER.
463 3459 526 3516 154.
1270 3457 1305 3510 25
1318 3440 1402 3498 June
1417 3457 1499 3511 1531.

377 3570 435 3631 [An
448 3584 466 3619 0
483 3570 488 3580 “
510 3569 516 3580 “
579 3568 673 3626 letter,
688 3568 803 3619 written
819 3568 877 3619 and
894 3567 1048 3620 addresaed
1065 3569 1104 3633 by
1117 3583 1136 3618 a
1152 3572 1304 3633 secretam,
1319 3568 1419 3634 signed
1436 3569 1475 3634 by
1488 3569 1539 3620 the

344 3636 460 3700 Bishop.
519 3636 554 3686 he
565 3635 713 3700 year-date
723 3635 748 3685 is
758 3634 912 3686 confirmed
923 3636 963 3700 by
974 3636 1025 3686 the
1036 3636 1190 3697 contenta]

386 3743 620 3804 Vnunasnms
641 3760 776 3820 syncera
795 3741 923 3804 dilecte.
967 3741 1133 3822 Superiori
1154 3761 1265 3804 mense
1286 3742 1443 3804 Ianuario
1463 3760 1538 3804 cum

344 3827 569 3888 serenissimus
590 3825 743 3887 dominus
764 3824 992 3887 Ferdinandus
1014 3825 1203 3905 Hungariae
1223 3831 1259 3888 et
1277 3825 1454 3888 Bohemiae
1475 3831 1537 3888 etc.

346 3911 428 3982 Rex,
443 3909 596 3970 dominus
611 3916 722 3971 noster
737 3908 994 3983 colendissimus,
1013 3911 1047 3969 in
1067 3909 1294 3970 Romanorum
1309 3909 1431 3989 Regem
1449 3908 1539 3988 apud

345 3993 588 4072 aquisgranum
613 3992 654 4053 de
682 4011 772 4053 more
796 3998 974 4054 coronatus
1001 3993 1130 4067 inisset,
1155 4011 1217 4054 nos
1244 3991 1287 4054 ad
1310 3992 1479 4054 ecclesiam
1504 3997 1540 4054 et

346 4077 455 4137 sedem
474 4082 623 4137 nostram
638 4075 778 4148 Tridefi,
794 4075 828 4136 id
842 4075 1049 4155 exigentibus
1064 4076 1152 4137 illius
1171 4077 1320 4155 negotiis,
1340 4076 1519 4154 recepimus
1530 4095 1568 4158 ;5

345 4159 403 4220 vbi
416 4178 491 4220 cum
506 4159 708 4237 aliquamdiu
727 4161 913 4238 egissemus,
924 4161 974 4220 its
987 4159 1120 4220 iubente
1135 4159 1225 4238 Rege
1242 4159 1337 4220 nobis
1349 4159 1393 4220 ad
1407 4156 1540 4220 Curiam

346 4242 549 4304 redeundum
563 4242 638 4315 fuit,
653 4243 696 4304 ad
711 4260 810 4321 quam
826 4244 926 4304 xviiii.
942 4243 1124 4322 praesentis
1138 4242 1366 4322 applicuimus,
1380 4241 1540 4321 nobisque

347 4333 477 4388 vestrae
499 4326 614 4387 literae
639 4326 744 4406 pridie
767 4325 848 4387 Idus
871 4326 984 4387 Martii
1008 4326 1098 4406 apud
1126 4325 1323 4405 Friburgum
1351 4324 1450 4386 datae
1472 4326 1540 4387 iam

346 4409 481 4471 tandem
501 4429 559 4489 per
579 4409 619 4470 D.
635 4409 810 4470 Albertum
827 4408 915 4471 Slick
935 4409 1092 4470 baronem
1112 4415 1192 4470 sunt
1210 4408 1397 4482 exhibitas;
1420 4409 1540 4487 quibus

347 4493 442 4555 nobis
456 4492 621 4572 quendam
637 4492 810 4554 Eraemum
824 4491 959 4554 Conritz
973 4492 1216 4555 adolescentem
1235 4493 1413 4572 ingenuum
1433 4492 1539 4554 bonis·
1556 4518 1587 4556 ιο

379 4692 845 4759 2603.18.edesVillengeri]See
861 4693 917 4759 Rp.
969 4693 1106 4745 Albrecht
1133 4706 1146 4743 1
1173 4693 1204 4744 oi
1232 4693 1282 4744 the
1310 4692 1392 4744 Ellen
1474 4691 1540 4753 line,

347 4764 412 4827 2462
423 4761 527 4811 intrcd.
968 4759 1422 4811 Ferdinand’schamberleinand
1484 4759 1542 4810 fect

380 4827 455 4878 2504.
473 4829 498 4878 8.
516 4828 626 4890 literae]
643 4828 703 4878 Not
720 4832 840 4887 extent3
860 4827 917 4879 evi·
968 4829 998 4877 in
1015 4827 1139 4878 Lausita.
1173 4826 1360 4892 Presumably
1375 4840 1453 4878 some
1471 4823 1540 4876 rela·

346 4894 456 4959 dently,
464 4894 520 4945 like
527 4895 602 4960 Epp.
611 4907 719 4959 2450-2,
727 4907 802 4960 2455,
810 4894 919 4946 carried
968 4895 1031 4945 tion
1043 4894 1073 4944 oi
1086 4894 1270 4958 christophor
1281 4893 1365 4951 Slick.
1377 4891 1542 4943 mentioned

346 4960 572 5026 bytbsconrita
582 4962 721 5013 brothers.
968 4961 999 5011 in
1039 4961 1197 5011 connexion
1237 4960 1307 5011 with
1344 4961 1394 5011 the
1427 4958 1542 5010 Conrita

380 5042 406 5088 9.
425 5027 510 5091 Sliok]
536 5027 689 5080 Identified
713 5029 744 5079 in
771 5028 822 5079 Eli
847 5028 919 5080 with
968 5027 1234 5079 brutbersinPeut.
1247 5026 1280 5077 E.
1293 5040 1352 5092 237.
