<?xml version="1.0" encoding="UTF-8"?>
<!DOCTYPE html PUBLIC "-//W3C//DTD XHTML 1.0 Transitional//EN"
    "http://www.w3.org/TR/xhtml1/DTD/xhtml1-transitional.dtd">
<html xmlns="http://www.w3.org/1999/xhtml" xml:lang="en" lang="en">
 <head>
  <title>
</title>
<meta http-equiv="Content-Type" content="text/html;charset=utf-8" />
  <meta name='ocr-system' content='tesseract 3.04.00' />
  <meta name='ocr-capabilities' content='ocr_page ocr_carea ocr_par ocr_line ocrx_word'/>
</head>
<body>
  <div class='ocr_page' id='page_1' title='image "./opusepistolarum02garrgoog_0495.png"; bbox 0 0 4042 5900; ppageno 0'>
   <div class='ocr_carea' id='block_1_1' title="bbox 283 664 1477 748">
    <p class='ocr_par' dir='ltr' id='par_1_1' title="bbox 283 664 1477 748">
     <span class='ocr_line' id='line_1_1' title="bbox 283 664 1477 748; baseline -0.004 -20"><span class='ocrx_word' id='word_1_1' title='bbox 283 669 377 748; x_wconf 83' lang='lat'>2617]</span> <span class='ocrx_word' id='word_1_2' title='bbox 685 665 741 728; x_wconf 85' lang='lat' dir='ltr'>TO</span> <span class='ocrx_word' id='word_1_3' title='bbox 760 665 877 728; x_wconf 80' lang='lat' dir='ltr'><strong>JOHN</strong></span> <span class='ocrx_word' id='word_1_4' title='bbox 898 664 1074 727; x_wconf 84' lang='lat' dir='ltr'>CHOLER</span> <span class='ocrx_word' id='word_1_5' title='bbox 1414 664 1477 724; x_wconf 82' lang='grc'>459</span> 
     </span>
    </p>
   </div>
   <div class='ocr_carea' id='block_1_2' title="bbox 283 838 1478 971">
    <p class='ocr_par' dir='ltr' id='par_1_2' title="bbox 283 838 1478 971">
     <span class='ocr_line' id='line_1_2' title="bbox 283 838 1478 890; baseline -0.006 0"><span class='ocrx_word' id='word_1_6' title='bbox 283 845 356 890; x_wconf 78' lang='lat' dir='ltr'>Dus,</span> <span class='ocrx_word' id='word_1_7' title='bbox 371 843 524 888; x_wconf 75' lang='lat' dir='ltr'>EBASMVS</span> <span class='ocrx_word' id='word_1_8' title='bbox 536 843 784 888; x_wconf 77' lang='lat' dir='ltr'>ROTERODAMVS</span> <span class='ocrx_word' id='word_1_9' title='bbox 799 841 1025 887; x_wconf 69' lang='lat' dir='ltr'>onnarlssmo</span> <span class='ocrx_word' id='word_1_10' title='bbox 1040 840 1121 885; x_wconf 74' lang='lat' dir='ltr'>vnto</span> <span class='ocrx_word' id='word_1_11' title='bbox 1136 841 1168 885; x_wconf 91' lang='lat' dir='ltr'>D.</span> <span class='ocrx_word' id='word_1_12' title='bbox 1184 840 1306 885; x_wconf 73' lang='lat' dir='ltr'>roxum</span> <span class='ocrx_word' id='word_1_13' title='bbox 1321 838 1478 886; x_wconf 72' lang='lat' dir='ltr'>onemo</span> 
     </span>
     <span class='ocr_line' id='line_1_3' title="bbox 642 924 1122 971; baseline -0.002 -2"><span class='ocrx_word' id='word_1_14' title='bbox 642 926 847 971; x_wconf 75' lang='lat' dir='ltr'><strong>PBAEPOSI&#39;I&#39;O</strong></span> <span class='ocrx_word' id='word_1_15' title='bbox 862 924 1030 970; x_wconf 76' lang='lat' dir='ltr'>cvnruxsl.</span> <span class='ocrx_word' id='word_1_16' title='bbox 1047 925 1073 969; x_wconf 86' lang='lat' dir='ltr'>S.</span> <span class='ocrx_word' id='word_1_17' title='bbox 1090 925 1122 969; x_wconf 89' lang='lat' dir='ltr'>D.</span> 
     </span>
    </p>
   </div>
   <div class='ocr_carea' id='block_1_3' title="bbox 284 1014 1536 2829">
    <p class='ocr_par' dir='ltr' id='par_1_3' title="bbox 284 1014 1531 1930">
     <span class='ocr_line' id='line_1_4' title="bbox 326 1014 1478 1097; baseline -0.002 -17"><span class='ocrx_word' id='word_1_18' title='bbox 326 1021 379 1081; x_wconf 81' lang='lat' dir='ltr'>Nn</span> <span class='ocrx_word' id='word_1_19' title='bbox 405 1038 531 1097; x_wconf 88' lang='lat' dir='ltr'>semper</span> <span class='ocrx_word' id='word_1_20' title='bbox 556 1019 697 1097; x_wconf 90' lang='lat' dir='ltr'>accipias</span> <span class='ocrx_word' id='word_1_21' title='bbox 719 1037 740 1079; x_wconf 93' lang='lat' dir='ltr'>a</span> <span class='ocrx_word' id='word_1_22' title='bbox 762 1017 856 1078; x_wconf 92' lang='lat' dir='ltr'>nobis</span> <span class='ocrx_word' id='word_1_23' title='bbox 880 1017 1036 1097; x_wconf 79' lang='lat' dir='ltr'><strong>epistolas</strong></span> <span class='ocrx_word' id='word_1_24' title='bbox 1055 1016 1182 1077; x_wconf 88' lang='lat' dir='ltr'>steriles</span> <span class='ocrx_word' id='word_1_25' title='bbox 1207 1022 1308 1094; x_wconf 89' lang='lat' dir='ltr'>atque</span> <span class='ocrx_word' id='word_1_26' title='bbox 1330 1014 1478 1093; x_wconf 81' lang='grc' dir='ltr'>ἀδώρους,</span> 
     </span>
     <span class='ocr_line' id='line_1_5' title="bbox 284 1100 1479 1178; baseline -0.006 -14"><span class='ocrx_word' id='word_1_27' title='bbox 284 1105 447 1164; x_wconf 80' lang='lat' dir='ltr'><strong>mittimus</strong></span> <span class='ocrx_word' id='word_1_28' title='bbox 461 1101 544 1162; x_wconf 89' lang='lat' dir='ltr'>duae</span> <span class='ocrx_word' id='word_1_29' title='bbox 559 1101 719 1163; x_wconf 87' lang='lat' dir='ltr'>Humilias</span> <span class='ocrx_word' id='word_1_30' title='bbox 734 1101 783 1162; x_wconf 91' lang='lat' dir='ltr'>De</span> <span class='ocrx_word' id='word_1_31' title='bbox 798 1101 950 1162; x_wconf 82' lang='lat' dir='ltr'><strong>laudibus</strong></span> <span class='ocrx_word' id='word_1_32' title='bbox 964 1100 1092 1173; x_wconf 91' lang='lat' dir='ltr'>Ieiunii,</span> <span class='ocrx_word' id='word_1_33' title='bbox 1108 1100 1195 1178; x_wconf 93' lang='lat' dir='ltr'>quod</span> <span class='ocrx_word' id='word_1_34' title='bbox 1212 1118 1298 1159; x_wconf 92' lang='lat' dir='ltr'>nunc</span> <span class='ocrx_word' id='word_1_35' title='bbox 1310 1118 1428 1177; x_wconf 88' lang='lat' dir='ltr'>magna</span> <span class='ocrx_word' id='word_1_36' title='bbox 1438 1117 1479 1157; x_wconf 89' lang='lat' dir='ltr'>ex</span> 
     </span>
     <span class='ocr_line' id='line_1_6' title="bbox 284 1182 1478 1268; baseline -0.005 -21"><span class='ocrx_word' id='word_1_37' title='bbox 284 1194 379 1268; x_wconf 87' lang='lat' dir='ltr'>parte</span> <span class='ocrx_word' id='word_1_38' title='bbox 403 1186 570 1247; x_wconf 87' lang='lat' dir='ltr'>sublatum</span> <span class='ocrx_word' id='word_1_39' title='bbox 600 1187 712 1245; x_wconf 86' lang='lat' dir='ltr'>evita</span> <span class='ocrx_word' id='word_1_40' title='bbox 737 1184 996 1246; x_wconf 85' lang='lat' dir='ltr'>Christianorum</span> <span class='ocrx_word' id='word_1_41' title='bbox 1024 1190 1060 1244; x_wconf 91' lang='lat' dir='ltr'>et</span> <span class='ocrx_word' id='word_1_42' title='bbox 1088 1184 1237 1244; x_wconf 89' lang='lat' dir='ltr'>videmus</span> <span class='ocrx_word' id='word_1_43' title='bbox 1261 1190 1296 1243; x_wconf 89' lang='lat' dir='ltr'>et</span> <span class='ocrx_word' id='word_1_44' title='bbox 1321 1182 1478 1243; x_wconf 82' lang='lat' dir='ltr'>dolemus.</span> 
     </span>
     <span class='ocr_line' id='line_1_7' title="bbox 286 1264 1480 1346; baseline -0.006 -15"><span class='ocrx_word' id='word_1_45' title='bbox 286 1271 381 1331; x_wconf 89' lang='lat' dir='ltr'>Dices</span> <span class='ocrx_word' id='word_1_46' title='bbox 397 1270 455 1330; x_wconf 89' lang='lat' dir='ltr'>has</span> <span class='ocrx_word' id='word_1_47' title='bbox 475 1276 551 1329; x_wconf 85' lang='lat' dir='ltr'>ante</span> <span class='ocrx_word' id='word_1_48' title='bbox 570 1268 669 1329; x_wconf 83' lang='lat' dir='ltr'>fuisse</span> <span class='ocrx_word' id='word_1_49' title='bbox 687 1287 815 1328; x_wconf 85' lang='lat' dir='ltr'>versas:</span> <span class='ocrx_word' id='word_1_50' title='bbox 838 1267 954 1341; x_wconf 84' lang='lat' dir='ltr'>fateor,</span> <span class='ocrx_word' id='word_1_51' title='bbox 975 1268 1128 1328; x_wconf 92' lang='lat' dir='ltr'>nimirum</span> <span class='ocrx_word' id='word_1_52' title='bbox 1144 1286 1164 1327; x_wconf 98' lang='lat' dir='ltr'>a</span> <span class='ocrx_word' id='word_1_53' title='bbox 1180 1265 1370 1346; x_wconf 87' lang='lat' dir='ltr'>Raphahele</span> <span class='ocrx_word' id='word_1_54' title='bbox 1386 1264 1480 1326; x_wconf 90' lang='lat' dir='ltr'>Vola·</span> 
     </span>
     <span class='ocr_line' id='line_1_8' title="bbox 285 1347 1510 1431; baseline -0.005 -18"><span class='ocrx_word' id='word_1_55' title='bbox 285 1362 426 1415; x_wconf 89' lang='lat' dir='ltr'>terrane.</span> <span class='ocrx_word' id='word_1_56' title='bbox 470 1351 534 1413; x_wconf 80' lang='lat' dir='ltr'>sed</span> <span class='ocrx_word' id='word_1_57' title='bbox 557 1352 599 1412; x_wconf 95' lang='lat' dir='ltr'>ob</span> <span class='ocrx_word' id='word_1_58' title='bbox 623 1352 657 1412; x_wconf 94' lang='lat' dir='ltr'>id</span> <span class='ocrx_word' id='word_1_59' title='bbox 682 1353 789 1431; x_wconf 86' lang='lat' dir='ltr'>ipsum</span> <span class='ocrx_word' id='word_1_60' title='bbox 815 1351 875 1412; x_wconf 92' lang='lat' dir='ltr'>hoc</span> <span class='ocrx_word' id='word_1_61' title='bbox 902 1371 1019 1431; x_wconf 81' lang='lat' dir='ltr'>operae</span> <span class='ocrx_word' id='word_1_62' title='bbox 1040 1352 1174 1430; x_wconf 88' lang='lat' dir='ltr'>sumpsi,</span> <span class='ocrx_word' id='word_1_63' title='bbox 1196 1369 1263 1428; x_wconf 93' lang='lat' dir='ltr'>quo</span> <span class='ocrx_word' id='word_1_64' title='bbox 1284 1347 1510 1418; x_wconf 84' lang='lat' dir='ltr'>declararem5</span> 
     </span>
     <span class='ocr_line' id='line_1_9' title="bbox 286 1432 1482 1516; baseline -0.006 -19"><span class='ocrx_word' id='word_1_65' title='bbox 286 1443 448 1516; x_wconf 92' lang='lat' dir='ltr'>quantum</span> <span class='ocrx_word' id='word_1_66' title='bbox 472 1437 515 1496; x_wconf 90' lang='lat' dir='ltr'>sit</span> <span class='ocrx_word' id='word_1_67' title='bbox 539 1435 718 1514; x_wconf 90' lang='lat' dir='ltr'>periculum</span> <span class='ocrx_word' id='word_1_68' title='bbox 743 1435 966 1514; x_wconf 91' lang='lat' dir='ltr'>quorumlibet</span> <span class='ocrx_word' id='word_1_69' title='bbox 988 1435 1134 1495; x_wconf 85' lang='lat' dir='ltr'><strong>versione</strong></span> <span class='ocrx_word' id='word_1_70' title='bbox 1158 1432 1266 1504; x_wconf 90' lang='lat' dir='ltr'>fidere,</span> <span class='ocrx_word' id='word_1_71' title='bbox 1291 1437 1482 1511; x_wconf 89' lang='lat' dir='ltr'>quantoque</span> 
     </span>
     <span class='ocr_line' id='line_1_10' title="bbox 287 1515 1483 1599; baseline -0.007 -18"><span class='ocrx_word' id='word_1_72' title='bbox 287 1521 408 1581; x_wconf 88' lang='lat' dir='ltr'>rectius</span> <span class='ocrx_word' id='word_1_73' title='bbox 423 1521 466 1579; x_wconf 89' lang='lat' dir='ltr'>sit</span> <span class='ocrx_word' id='word_1_74' title='bbox 480 1539 520 1579; x_wconf 90' lang='lat' dir='ltr'>ex</span> <span class='ocrx_word' id='word_1_75' title='bbox 536 1520 614 1599; x_wconf 90' lang='lat' dir='ltr'>ipsis</span> <span class='ocrx_word' id='word_1_76' title='bbox 629 1518 757 1580; x_wconf 90' lang='lat' dir='ltr'>haurire</span> <span class='ocrx_word' id='word_1_77' title='bbox 775 1518 932 1579; x_wconf 83' lang='lat' dir='ltr'>fontibus.</span> <span class='ocrx_word' id='word_1_78' title='bbox 976 1516 1194 1578; x_wconf 86' lang='lat' dir='ltr'>Demirabcria</span> <span class='ocrx_word' id='word_1_79' title='bbox 1214 1517 1283 1596; x_wconf 90' lang='lat' dir='ltr'>ipse</span> <span class='ocrx_word' id='word_1_80' title='bbox 1298 1520 1350 1575; x_wconf 91' lang='lat' dir='ltr'>sat</span> <span class='ocrx_word' id='word_1_81' title='bbox 1364 1515 1440 1586; x_wconf 90' lang='lat' dir='ltr'>scie,</span> <span class='ocrx_word' id='word_1_82' title='bbox 1455 1515 1483 1574; x_wconf 92' lang='lat' dir='ltr'>si</span> 
     </span>
     <span class='ocr_line' id='line_1_11' title="bbox 286 1596 1484 1681; baseline -0.005 -18"><span class='ocrx_word' id='word_1_83' title='bbox 286 1605 455 1681; x_wconf 73' lang='lat' dir='ltr'>Vtriusque</span> <span class='ocrx_word' id='word_1_84' title='bbox 481 1609 630 1662; x_wconf 90' lang='lat' dir='ltr'>nostrum</span> <span class='ocrx_word' id='word_1_85' title='bbox 651 1600 900 1663; x_wconf 76' lang='lat' dir='ltr'>translationem</span> <span class='ocrx_word' id='word_1_86' title='bbox 920 1621 993 1661; x_wconf 91' lang='lat' dir='ltr'>cum</span> <span class='ocrx_word' id='word_1_87' title='bbox 1016 1599 1148 1660; x_wconf 86' lang='lat' dir='ltr'>Graecis</span> <span class='ocrx_word' id='word_1_88' title='bbox 1167 1598 1352 1659; x_wconf 89' lang='lat' dir='ltr'>contuleris.</span> <span class='ocrx_word' id='word_1_89' title='bbox 1396 1596 1484 1657; x_wconf 89' lang='lat' dir='ltr'>Nam</span> 
     </span>
     <span class='ocr_line' id='line_1_12' title="bbox 287 1679 1483 1765; baseline -0.006 -17"><span class='ocrx_word' id='word_1_90' title='bbox 287 1687 322 1748; x_wconf 92' lang='lat' dir='ltr'>id</span> <span class='ocrx_word' id='word_1_91' title='bbox 344 1693 383 1747; x_wconf 84' lang='lat' dir='ltr'>vt</span> <span class='ocrx_word' id='word_1_92' title='bbox 404 1686 506 1746; x_wconf 89' lang='lat' dir='ltr'>cuiuis</span> <span class='ocrx_word' id='word_1_93' title='bbox 528 1687 560 1746; x_wconf 92' lang='lat' dir='ltr'>in</span> <span class='ocrx_word' id='word_1_94' title='bbox 584 1692 739 1765; x_wconf 91' lang='lat' dir='ltr'>promptu</span> <span class='ocrx_word' id='word_1_95' title='bbox 759 1686 812 1757; x_wconf 90' lang='lat' dir='ltr'>sit,</span> <span class='ocrx_word' id='word_1_96' title='bbox 833 1686 1001 1764; x_wconf 89' lang='lat' dir='ltr'>prouisum</span> <span class='ocrx_word' id='word_1_97' title='bbox 1021 1690 1072 1744; x_wconf 87' lang='lat' dir='ltr'>est</span> <span class='ocrx_word' id='word_1_98' title='bbox 1091 1682 1201 1743; x_wconf 84' lang='lat' dir='ltr'>aedito</span> <span class='ocrx_word' id='word_1_99' title='bbox 1215 1680 1336 1742; x_wconf 88' lang='lat' dir='ltr'>Graece</span> <span class='ocrx_word' id='word_1_100' title='bbox 1351 1679 1483 1741; x_wconf 88' lang='lat' dir='ltr'>Basilio.</span> 
     </span>
     <span class='ocr_line' id='line_1_13' title="bbox 289 1764 1531 1843; baseline -0.006 -14"><span class='ocrx_word' id='word_1_101' title='bbox 289 1770 454 1830; x_wconf 84' lang='lat' dir='ltr'>Posterior</span> <span class='ocrx_word' id='word_1_102' title='bbox 468 1768 613 1829; x_wconf 88' lang='lat' dir='ltr'>Homilia</span> <span class='ocrx_word' id='word_1_103' title='bbox 627 1768 706 1828; x_wconf 93' lang='lat' dir='ltr'>mihi</span> <span class='ocrx_word' id='word_1_104' title='bbox 722 1786 788 1828; x_wconf 92' lang='lat' dir='ltr'>non</span> <span class='ocrx_word' id='word_1_105' title='bbox 803 1768 935 1828; x_wconf 90' lang='lat' dir='ltr'>videtur</span> <span class='ocrx_word' id='word_1_106' title='bbox 950 1766 1071 1838; x_wconf 88' lang='lat' dir='ltr'>Basilii,</span> <span class='ocrx_word' id='word_1_107' title='bbox 1084 1765 1140 1826; x_wconf 92' lang='lat' dir='ltr'>sed</span> <span class='ocrx_word' id='word_1_108' title='bbox 1152 1764 1291 1826; x_wconf 77' lang='lat' dir='ltr'>studiosi</span> <span class='ocrx_word' id='word_1_109' title='bbox 1303 1764 1485 1843; x_wconf 90' lang='lat' dir='ltr'>cuiuspiam</span> <span class='ocrx_word' id='word_1_110' title='bbox 1500 1785 1531 1821; x_wconf 78' lang='grc' dir='ltr'>ιο</span> 
     </span>
     <span class='ocr_line' id='line_1_14' title="bbox 288 1851 1016 1930; baseline -0.004 -17"><span class='ocrx_word' id='word_1_111' title='bbox 288 1872 357 1913; x_wconf 89' lang='lat' dir='ltr'>sese</span> <span class='ocrx_word' id='word_1_112' title='bbox 372 1851 414 1912; x_wconf 93' lang='lat' dir='ltr'>ad</span> <span class='ocrx_word' id='word_1_113' title='bbox 429 1853 545 1930; x_wconf 91' lang='lat' dir='ltr'>prioris</span> <span class='ocrx_word' id='word_1_114' title='bbox 560 1851 811 1912; x_wconf 78' lang='lat' dir='ltr'>aemulationem</span> <span class='ocrx_word' id='word_1_115' title='bbox 826 1852 1016 1911; x_wconf 85' lang='lat' dir='ltr'>exercentis.</span> 
     </span>
    </p>

    <p class='ocr_par' dir='ltr' id='par_1_4' title="bbox 288 1931 1536 2678">
     <span class='ocr_line' id='line_1_15' title="bbox 331 1931 1485 2014; baseline -0.005 -19"><span class='ocrx_word' id='word_1_116' title='bbox 331 1934 491 2013; x_wconf 84' lang='lat' dir='ltr'>Equidem</span> <span class='ocrx_word' id='word_1_117' title='bbox 507 1954 572 1995; x_wconf 92' lang='lat' dir='ltr'>non</span> <span class='ocrx_word' id='word_1_118' title='bbox 587 1934 749 2014; x_wconf 85' lang='lat' dir='ltr'>pugnabo,</span> <span class='ocrx_word' id='word_1_119' title='bbox 761 1935 862 2012; x_wconf 87' lang='lat' dir='ltr'>siquis</span> <span class='ocrx_word' id='word_1_120' title='bbox 877 1933 1042 1994; x_wconf 88' lang='lat' dir='ltr'>diuersum</span> <span class='ocrx_word' id='word_1_121' title='bbox 1057 1933 1196 2004; x_wconf 89' lang='lat' dir='ltr'>sentiat;</span> <span class='ocrx_word' id='word_1_122' title='bbox 1217 1931 1360 1991; x_wconf 89' lang='lat' dir='ltr'>arbitror</span> <span class='ocrx_word' id='word_1_123' title='bbox 1374 1937 1485 1990; x_wconf 86' lang='lat' dir='ltr'>tamen</span> 
     </span>
     <span class='ocr_line' id='line_1_16' title="bbox 288 2013 1484 2097; baseline -0.006 -18"><span class='ocrx_word' id='word_1_124' title='bbox 288 2018 444 2090; x_wconf 88' lang='lat' dir='ltr'>eruditos,</span> <span class='ocrx_word' id='word_1_125' title='bbox 460 2019 488 2078; x_wconf 91' lang='lat' dir='ltr'>si</span> <span class='ocrx_word' id='word_1_126' title='bbox 502 2019 635 2097; x_wconf 90' lang='lat' dir='ltr'>propius</span> <span class='ocrx_word' id='word_1_127' title='bbox 650 2017 858 2078; x_wconf 86' lang='lat' dir='ltr'>admouerint</span> <span class='ocrx_word' id='word_1_128' title='bbox 877 2017 996 2090; x_wconf 88' lang='lat' dir='ltr'>oculos,</span> <span class='ocrx_word' id='word_1_129' title='bbox 1012 2035 1103 2076; x_wconf 86' lang='lat' dir='ltr'>meac</span> <span class='ocrx_word' id='word_1_130' title='bbox 1123 2016 1304 2075; x_wconf 81' lang='lat' dir='ltr'>sententiae</span> <span class='ocrx_word' id='word_1_131' title='bbox 1324 2013 1484 2092; x_wconf 88' lang='lat' dir='ltr'>subscrip·</span> 
     </span>
     <span class='ocr_line' id='line_1_17' title="bbox 289 2097 1487 2180; baseline -0.005 -18"><span class='ocrx_word' id='word_1_132' title='bbox 289 2111 391 2163; x_wconf 89' lang='lat' dir='ltr'>turos.</span> <span class='ocrx_word' id='word_1_133' title='bbox 436 2102 543 2162; x_wconf 92' lang='lat' dir='ltr'>Probo</span> <span class='ocrx_word' id='word_1_134' title='bbox 557 2119 658 2180; x_wconf 91' lang='lat' dir='ltr'>genus</span> <span class='ocrx_word' id='word_1_135' title='bbox 672 2101 924 2173; x_wconf 83' lang='lat' dir='ltr'>exercitationis,</span> <span class='ocrx_word' id='word_1_136' title='bbox 939 2104 977 2160; x_wconf 90' lang='lat' dir='ltr'>at</span> <span class='ocrx_word' id='word_1_137' title='bbox 990 2118 1103 2160; x_wconf 93' lang='lat' dir='ltr'>eorum</span> <span class='ocrx_word' id='word_1_138' title='bbox 1119 2098 1211 2159; x_wconf 85' lang='lat' dir='ltr'>fucos</span> <span class='ocrx_word' id='word_1_139' title='bbox 1225 2117 1290 2158; x_wconf 91' lang='lat' dir='ltr'>non</span> <span class='ocrx_word' id='word_1_140' title='bbox 1305 2097 1418 2177; x_wconf 91' lang='lat' dir='ltr'>probo,</span> <span class='ocrx_word' id='word_1_141' title='bbox 1430 2097 1487 2174; x_wconf 94' lang='lat' dir='ltr'>qui</span> 
     </span>
     <span class='ocr_line' id='line_1_18' title="bbox 290 2179 1533 2263; baseline -0.006 -18"><span class='ocrx_word' id='word_1_142' title='bbox 290 2185 395 2245; x_wconf 89' lang='lat' dir='ltr'>notha</span> <span class='ocrx_word' id='word_1_143' title='bbox 410 2205 448 2245; x_wconf 87' lang='lat' dir='ltr'>ac</span> <span class='ocrx_word' id='word_1_144' title='bbox 462 2185 693 2263; x_wconf 82' lang='lat' dir='ltr'>degenerantia</span> <span class='ocrx_word' id='word_1_145' title='bbox 707 2202 910 2245; x_wconf 91' lang='lat' dir='ltr'>summorum</span> <span class='ocrx_word' id='word_1_146' title='bbox 922 2184 1068 2243; x_wconf 86' lang='lat' dir='ltr'>virorum</span> <span class='ocrx_word' id='word_1_147' title='bbox 1082 2181 1190 2242; x_wconf 89' lang='lat' dir='ltr'>titulis</span> <span class='ocrx_word' id='word_1_148' title='bbox 1205 2180 1392 2241; x_wconf 92' lang='lat' dir='ltr'>obtrudunt</span> <span class='ocrx_word' id='word_1_149' title='bbox 1406 2179 1485 2241; x_wconf 92' lang='lat' dir='ltr'>orbi.</span> <span class='ocrx_word' id='word_1_150' title='bbox 1503 2199 1533 2249; x_wconf 83' lang='lat'>15</span> 
     </span>
     <span class='ocr_line' id='line_1_19' title="bbox 291 2264 1487 2347; baseline -0.005 -19"><span class='ocrx_word' id='word_1_151' title='bbox 291 2268 512 2347; x_wconf 89' lang='lat' dir='ltr'>Imposturam</span> <span class='ocrx_word' id='word_1_152' title='bbox 533 2268 617 2328; x_wconf 90' lang='lat' dir='ltr'>hanc</span> <span class='ocrx_word' id='word_1_153' title='bbox 634 2273 669 2328; x_wconf 91' lang='lat' dir='ltr'>et</span> <span class='ocrx_word' id='word_1_154' title='bbox 688 2268 722 2327; x_wconf 92' lang='lat' dir='ltr'>in</span> <span class='ocrx_word' id='word_1_155' title='bbox 743 2267 924 2339; x_wconf 85' lang='lat' dir='ltr'>Athanasii,</span> <span class='ocrx_word' id='word_1_156' title='bbox 946 2271 981 2326; x_wconf 89' lang='lat' dir='ltr'>et</span> <span class='ocrx_word' id='word_1_157' title='bbox 1002 2267 1038 2326; x_wconf 91' lang='lat' dir='ltr'>in</span> <span class='ocrx_word' id='word_1_158' title='bbox 1055 2265 1310 2343; x_wconf 88' lang='lat' dir='ltr'>eloquentissimi</span> <span class='ocrx_word' id='word_1_159' title='bbox 1331 2264 1487 2341; x_wconf 89' lang='lat' dir='ltr'>cuiusque</span> 
     </span>
     <span class='ocr_line' id='line_1_20' title="bbox 291 2347 1488 2430; baseline -0.004 -19"><span class='ocrx_word' id='word_1_160' title='bbox 291 2352 422 2430; x_wconf 89' lang='lat' dir='ltr'>scriptis</span> <span class='ocrx_word' id='word_1_161' title='bbox 446 2350 727 2430; x_wconf 87' lang='lat' dir='ltr'>deprehendimus.</span> <span class='ocrx_word' id='word_1_162' title='bbox 770 2350 822 2411; x_wconf 85' lang='lat' dir='ltr'>Ab</span> <span class='ocrx_word' id='word_1_163' title='bbox 848 2350 909 2410; x_wconf 88' lang='lat' dir='ltr'>hac</span> <span class='ocrx_word' id='word_1_164' title='bbox 934 2349 1073 2410; x_wconf 90' lang='lat' dir='ltr'>audacia</span> <span class='ocrx_word' id='word_1_165' title='bbox 1098 2349 1215 2409; x_wconf 86' lang='lat' dir='ltr'>saltem</span> <span class='ocrx_word' id='word_1_166' title='bbox 1241 2347 1352 2408; x_wconf 90' lang='lat' dir='ltr'>Basilii</span> <span class='ocrx_word' id='word_1_167' title='bbox 1377 2347 1488 2426; x_wconf 82' lang='lat' dir='ltr'>Magni</span> 
     </span>
     <span class='ocr_line' id='line_1_21' title="bbox 291 2431 1488 2511; baseline -0.003 -17"><span class='ocrx_word' id='word_1_168' title='bbox 291 2434 449 2494; x_wconf 90' lang='lat' dir='ltr'>diuinitas</span> <span class='ocrx_word' id='word_1_169' title='bbox 462 2433 577 2494; x_wconf 92' lang='lat' dir='ltr'>debuit</span> <span class='ocrx_word' id='word_1_170' title='bbox 591 2433 780 2495; x_wconf 88' lang='lat' dir='ltr'>absterrere.</span> <span class='ocrx_word' id='word_1_171' title='bbox 825 2432 1021 2511; x_wconf 84' lang='lat' dir='ltr'>Quanquam</span> <span class='ocrx_word' id='word_1_172' title='bbox 1036 2435 1071 2493; x_wconf 92' lang='lat' dir='ltr'>in</span> <span class='ocrx_word' id='word_1_173' title='bbox 1086 2432 1146 2492; x_wconf 93' lang='lat' dir='ltr'>hoc</span> <span class='ocrx_word' id='word_1_174' title='bbox 1161 2437 1276 2492; x_wconf 89' lang='lat' dir='ltr'>autore</span> <span class='ocrx_word' id='word_1_175' title='bbox 1291 2431 1420 2511; x_wconf 89' lang='lat' dir='ltr'>parcius</span> <span class='ocrx_word' id='word_1_176' title='bbox 1437 2436 1488 2490; x_wconf 89' lang='lat' dir='ltr'>est</span> 
     </span>
     <span class='ocr_line' id='line_1_22' title="bbox 292 2513 1487 2597; baseline -0.003 -20"><span class='ocrx_word' id='word_1_177' title='bbox 292 2523 473 2597; x_wconf 90' lang='lat' dir='ltr'>peccatum.</span> <span class='ocrx_word' id='word_1_178' title='bbox 517 2517 704 2577; x_wconf 85' lang='lat' dir='ltr'>Adiecimus</span> <span class='ocrx_word' id='word_1_179' title='bbox 718 2523 752 2577; x_wconf 84' lang='lat' dir='ltr'>et</span> <span class='ocrx_word' id='word_1_180' title='bbox 766 2517 942 2577; x_wconf 87' lang='lat' dir='ltr'>Hieronem</span> <span class='ocrx_word' id='word_1_181' title='bbox 958 2516 1255 2596; x_wconf 73' lang='lat' dir='ltr'>Xenophontium,</span> <span class='ocrx_word' id='word_1_182' title='bbox 1271 2515 1323 2575; x_wconf 93' lang='lat' dir='ltr'>cui</span> <span class='ocrx_word' id='word_1_183' title='bbox 1342 2513 1487 2574; x_wconf 91' lang='lat' dir='ltr'>admoui-</span> 
     </span>
     <span class='ocr_line' id='line_1_23' title="bbox 293 2599 1536 2678; baseline -0.002 -17"><span class='ocrx_word' id='word_1_184' title='bbox 293 2620 365 2661; x_wconf 85' lang='lat' dir='ltr'>mus</span> <span class='ocrx_word' id='word_1_185' title='bbox 380 2600 523 2678; x_wconf 80' lang='grc' dir='ltr'>δευτέρας</span> <span class='ocrx_word' id='word_1_186' title='bbox 537 2599 709 2678; x_wconf 74' lang='grc' dir='ltr'>φροντίδας.</span> <span class='ocrx_word' id='word_1_187' title='bbox 753 2600 840 2661; x_wconf 82' lang='lat' dir='ltr'>Bene</span> <span class='ocrx_word' id='word_1_188' title='bbox 855 2600 937 2661; x_wconf 83' lang='lat' dir='ltr'>vale.</span> <span class='ocrx_word' id='word_1_189' title='bbox 1502 2617 1536 2653; x_wconf 85' lang='lat'>20</span> 
     </span>
    </p>

    <p class='ocr_par' dir='ltr' id='par_1_5' title="bbox 293 2680 1488 2829">
     <span class='ocr_line' id='line_1_24' title="bbox 336 2680 1488 2763; baseline -0.004 -19"><span class='ocrx_word' id='word_1_190' title='bbox 336 2685 459 2744; x_wconf 91' lang='lat' dir='ltr'>Datum</span> <span class='ocrx_word' id='word_1_191' title='bbox 488 2683 576 2763; x_wconf 92' lang='lat' dir='ltr'>apud</span> <span class='ocrx_word' id='word_1_192' title='bbox 605 2683 801 2761; x_wconf 82' lang='lat' dir='ltr'>Friburgum</span> <span class='ocrx_word' id='word_1_193' title='bbox 830 2683 1003 2763; x_wconf 89' lang='lat' dir='ltr'>Brisgoiae.</span> <span class='ocrx_word' id='word_1_194' title='bbox 1062 2682 1158 2743; x_wconf 84' lang='lat' dir='ltr'>Auno</span> <span class='ocrx_word' id='word_1_195' title='bbox 1192 2702 1211 2742; x_wconf 89' lang='lat' dir='ltr'>a</span> <span class='ocrx_word' id='word_1_196' title='bbox 1239 2680 1369 2742; x_wconf 85' lang='lat' dir='ltr'>Christo</span> <span class='ocrx_word' id='word_1_197' title='bbox 1399 2685 1488 2752; x_wconf 92' lang='lat' dir='ltr'>nato,</span> 
     </span>
     <span class='ocr_line' id='line_1_25' title="bbox 293 2784 476 2829; baseline 0 -1"><span class='ocrx_word' id='word_1_198' title='bbox 293 2784 476 2829; x_wconf 77' lang='lat' dir='ltr'>uuxxxrr.</span> 
     </span>
    </p>
   </div>
   <div class='ocr_carea' id='block_1_4' title="bbox 652 3090 1133 3157">
    <p class='ocr_par' dir='ltr' id='par_1_6' title="bbox 652 3090 1133 3157">
     <span class='ocr_line' id='line_1_26' title="bbox 652 3090 1133 3157; baseline -0.004 -1"><span class='ocrx_word' id='word_1_199' title='bbox 652 3097 752 3157; x_wconf 83' lang='lat'>2618.</span> <span class='ocrx_word' id='word_1_200' title='bbox 799 3091 852 3156; x_wconf 84' lang='lat' dir='ltr'>To</span> <span class='ocrx_word' id='word_1_201' title='bbox 874 3090 975 3156; x_wconf 81' lang='lat' dir='ltr'>Jonu</span> <span class='ocrx_word' id='word_1_202' title='bbox 1001 3091 1133 3155; x_wconf 81' lang='lat' dir='ltr'>anex.</span> 
     </span>
    </p>
   </div>
   <div class='ocr_carea' id='block_1_5' title="bbox 334 3225 1453 3375">
    <p class='ocr_par' dir='ltr' id='par_1_7' title="bbox 334 3225 1453 3375">
     <span class='ocr_line' id='line_1_27' title="bbox 334 3225 1415 3301; baseline -0.006 -18"><span class='ocrx_word' id='word_1_203' title='bbox 334 3229 474 3284; x_wconf 82' lang='lat' dir='ltr'>Precatio</span> <span class='ocrx_word' id='word_1_204' title='bbox 487 3246 543 3300; x_wconf 92' lang='lat' dir='ltr'>pro</span> <span class='ocrx_word' id='word_1_205' title='bbox 557 3246 634 3301; x_wconf 86' lang='lat' dir='ltr'>pace</span> <span class='ocrx_word' id='word_1_206' title='bbox 647 3229 803 3284; x_wconf 83' lang='lat' dir='ltr'>Ecclesiae</span> <span class='ocrx_word' id='word_1_207' title='bbox 816 3229 838 3283; x_wconf 80' lang='lat' dir='ltr'>f.</span> <span class='ocrx_word' id='word_1_208' title='bbox 852 3241 898 3299; x_wconf 87' lang='lat'>47.</span> <span class='ocrx_word' id='word_1_209' title='bbox 1256 3225 1415 3294; x_wconf 82' lang='lat' dir='ltr'>Freiburg.</span> 
     </span>
     <span class='ocr_line' id='line_1_28' title="bbox 334 3300 1453 3375; baseline -0.006 -16"><span class='ocrx_word' id='word_1_210' title='bbox 334 3305 432 3359; x_wconf 91' lang='lat' dir='ltr'>Lond.</span> <span class='ocrx_word' id='word_1_211' title='bbox 447 3305 529 3359; x_wconf 83' lang='lat' dir='ltr'>xxix.</span> <span class='ocrx_word' id='word_1_212' title='bbox 544 3320 598 3375; x_wconf 86' lang='lat'>45:</span> <span class='ocrx_word' id='word_1_213' title='bbox 619 3305 684 3358; x_wconf 91' lang='lat' dir='ltr'>LB.</span> <span class='ocrx_word' id='word_1_214' title='bbox 700 3304 741 3360; x_wconf 88' lang='lat' dir='ltr'>iv.</span> <span class='ocrx_word' id='word_1_215' title='bbox 756 3308 820 3372; x_wconf 83' lang='lat'>653.</span> <span class='ocrx_word' id='word_1_216' title='bbox 1218 3316 1234 3367; x_wconf 87' lang='lat'><strong>5</strong></span> <span class='ocrx_word' id='word_1_217' title='bbox 1248 3300 1355 3354; x_wconf 87' lang='lat' dir='ltr'>March</span> <span class='ocrx_word' id='word_1_218' title='bbox 1372 3315 1453 3367; x_wconf 83' lang='lat'>153²·</span> 
     </span>
    </p>
   </div>
   <div class='ocr_carea' id='block_1_6' title="bbox 297 3426 1494 3764">
    <p class='ocr_par' dir='ltr' id='par_1_8' title="bbox 297 3426 1494 3764">
     <span class='ocr_line' id='line_1_29' title="bbox 330 3426 1493 3496; baseline -0.005 -15"><span class='ocrx_word' id='word_1_219' title='bbox 330 3432 401 3492; x_wconf 84' lang='lat' dir='ltr'>[The</span> <span class='ocrx_word' id='word_1_220' title='bbox 425 3432 537 3496; x_wconf 84' lang='lat' dir='ltr'>preiace</span> <span class='ocrx_word' id='word_1_221' title='bbox 559 3438 591 3482; x_wconf 89' lang='lat' dir='ltr'>to</span> <span class='ocrx_word' id='word_1_222' title='bbox 613 3432 736 3482; x_wconf 75' lang='lat' dir='ltr'>Precatio</span> <span class='ocrx_word' id='word_1_223' title='bbox 758 3431 795 3481; x_wconf 83' lang='lat' dir='ltr'>od</span> <span class='ocrx_word' id='word_1_224' title='bbox 818 3431 970 3481; x_wconf 78' lang='lat' dir='ltr'>Dominum</span> <span class='ocrx_word' id='word_1_225' title='bbox 993 3429 1087 3479; x_wconf 76' lang='lat' dir='ltr'>laeum</span> <span class='ocrx_word' id='word_1_226' title='bbox 1108 3445 1159 3492; x_wconf 81' lang='lat' dir='ltr'>pro</span> <span class='ocrx_word' id='word_1_227' title='bbox 1180 3443 1247 3491; x_wconf 81' lang='lat' dir='ltr'>pecc</span> <span class='ocrx_word' id='word_1_228' title='bbox 1274 3427 1407 3482; x_wconf 58' lang='lat' dir='ltr'>muare,</span> <span class='ocrx_word' id='word_1_229' title='bbox 1430 3426 1493 3476; x_wconf 81' lang='lat' dir='ltr'>first</span> 
     </span>
     <span class='ocr_line' id='line_1_30' title="bbox 298 3493 1492 3563; baseline -0.005 -16"><span class='ocrx_word' id='word_1_230' title='bbox 298 3499 412 3563; x_wconf 86' lang='lat' dir='ltr'>printed</span> <span class='ocrx_word' id='word_1_231' title='bbox 424 3499 493 3548; x_wconf 81' lang='lat' dir='ltr'>with</span> <span class='ocrx_word' id='word_1_232' title='bbox 504 3499 555 3549; x_wconf 92' lang='lat' dir='ltr'>the</span> <span class='ocrx_word' id='word_1_233' title='bbox 571 3499 651 3549; x_wconf 81' lang='lat' dir='ltr'>Duoc</span> <span class='ocrx_word' id='word_1_234' title='bbox 670 3499 807 3549; x_wconf 78' lang='lat' dir='ltr'>Hmnilioc</span> <span class='ocrx_word' id='word_1_235' title='bbox 818 3499 845 3548; x_wconf 83' lang='lat' dir='ltr'>d.</span> <span class='ocrx_word' id='word_1_236' title='bbox 863 3498 967 3547; x_wconf 79' lang='lat' dir='ltr'>Basilii</span> <span class='ocrx_word' id='word_1_237' title='bbox 978 3497 1010 3546; x_wconf 81' lang='lat' dir='ltr'>dc</span> <span class='ocrx_word' id='word_1_238' title='bbox 1023 3496 1154 3546; x_wconf 78' lang='lat' dir='ltr'>leudibus</span> <span class='ocrx_word' id='word_1_239' title='bbox 1167 3495 1279 3551; x_wconf 80' lang='lat' dir='ltr'>ieiunii,</span> <span class='ocrx_word' id='word_1_240' title='bbox 1292 3493 1437 3556; x_wconf 84' lang='lat' dir='ltr'>Freiburg,</span> <span class='ocrx_word' id='word_1_241' title='bbox 1450 3493 1492 3542; x_wconf 88' lang='lat' dir='ltr'>Io.</span> 
     </span>
     <span class='ocr_line' id='line_1_31' title="bbox 297 3559 1494 3630; baseline -0.004 -16"><span class='ocrx_word' id='word_1_242' title='bbox 297 3565 441 3621; x_wconf 84' lang='lat' dir='ltr'>Emmaus,</span> <span class='ocrx_word' id='word_1_243' title='bbox 463 3579 543 3629; x_wconf 84' lang='lat'>1532;</span> <span class='ocrx_word' id='word_1_244' title='bbox 562 3567 586 3616; x_wconf 88' lang='lat' dir='ltr'>it</span> <span class='ocrx_word' id='word_1_245' title='bbox 603 3582 661 3616; x_wconf 86' lang='lat' dir='ltr'>was</span> <span class='ocrx_word' id='word_1_246' title='bbox 678 3565 824 3630; x_wconf 86' lang='lat' dir='ltr'>reprinted</span> <span class='ocrx_word' id='word_1_247' title='bbox 841 3565 879 3628; x_wconf 89' lang='lat' dir='ltr'>by</span> <span class='ocrx_word' id='word_1_248' title='bbox 897 3564 1008 3613; x_wconf 86' lang='lat' dir='ltr'>Froben</span> <span class='ocrx_word' id='word_1_249' title='bbox 1026 3564 1056 3612; x_wconf 92' lang='lat' dir='ltr'>in</span> <span class='ocrx_word' id='word_1_250' title='bbox 1075 3576 1139 3625; x_wconf 84' lang='lat'>1533</span> <span class='ocrx_word' id='word_1_251' title='bbox 1154 3567 1186 3611; x_wconf 90' lang='lat' dir='ltr'>at</span> <span class='ocrx_word' id='word_1_252' title='bbox 1201 3562 1250 3611; x_wconf 88' lang='lat' dir='ltr'>the</span> <span class='ocrx_word' id='word_1_253' title='bbox 1261 3561 1317 3611; x_wconf 92' lang='lat' dir='ltr'>end</span> <span class='ocrx_word' id='word_1_254' title='bbox 1328 3559 1420 3610; x_wconf 78' lang='lat' dir='ltr'>citha</span> <span class='ocrx_word' id='word_1_255' title='bbox 1431 3559 1494 3609; x_wconf 80' lang='lat' dir='ltr'>first</span> 
     </span>
     <span class='ocr_line' id='line_1_32' title="bbox 297 3626 1494 3683; baseline -0.004 -2"><span class='ocrx_word' id='word_1_256' title='bbox 297 3631 405 3681; x_wconf 88' lang='lat' dir='ltr'>edition</span> <span class='ocrx_word' id='word_1_257' title='bbox 413 3632 443 3682; x_wconf 81' lang='lat' dir='ltr'>oi</span> <span class='ocrx_word' id='word_1_258' title='bbox 451 3633 501 3682; x_wconf 91' lang='lat' dir='ltr'>the</span> <span class='ocrx_word' id='word_1_259' title='bbox 509 3633 589 3683; x_wconf 73' lang='lat' dir='ltr'>Liber</span> <span class='ocrx_word' id='word_1_260' title='bbox 596 3634 628 3683; x_wconf 80' lang='lat' dir='ltr'>dc</span> <span class='ocrx_word' id='word_1_261' title='bbox 635 3632 778 3683; x_wconf 59' lang='lat' dir='ltr'>aarum</span> <span class='ocrx_word' id='word_1_262' title='bbox 787 3632 922 3682; x_wconf 72' lang='lat' dir='ltr'>Eccluiuc</span> <span class='ocrx_word' id='word_1_263' title='bbox 928 3630 1072 3681; x_wconf 77' lang='lat' dir='ltr'>concordia</span> <span class='ocrx_word' id='word_1_264' title='bbox 1078 3629 1135 3679; x_wconf 89' lang='lat' dir='ltr'>and</span> <span class='ocrx_word' id='word_1_265' title='bbox 1143 3627 1274 3678; x_wconf 88' lang='lat' dir='ltr'>included</span> <span class='ocrx_word' id='word_1_266' title='bbox 1282 3630 1311 3677; x_wconf 88' lang='lat' dir='ltr'>in</span> <span class='ocrx_word' id='word_1_267' title='bbox 1323 3626 1494 3677; x_wconf 78' lang='lat' dir='ltr'>Precotimtcc</span> 
     </span>
     <span class='ocr_line' id='line_1_33' title="bbox 297 3698 936 3764; baseline -0.002 -16"><span class='ocrx_word' id='word_1_268' title='bbox 297 3699 402 3762; x_wconf 77' lang='lat' dir='ltr'>aliquot</span> <span class='ocrx_word' id='word_1_269' title='bbox 414 3716 511 3758; x_wconf 77' lang='lat' dir='ltr'>nouae,</span> <span class='ocrx_word' id='word_1_270' title='bbox 525 3699 616 3758; x_wconf 86' lang='lat' dir='ltr'>Basle,</span> <span class='ocrx_word' id='word_1_271' title='bbox 630 3699 750 3756; x_wconf 84' lang='lat' dir='ltr'>Froben,</span> <span class='ocrx_word' id='word_1_272' title='bbox 764 3700 836 3764; x_wconf 85' lang='lat' dir='ltr'>Aug.</span> <span class='ocrx_word' id='word_1_273' title='bbox 851 3698 936 3761; x_wconf 64' lang='lat'>1535]</span> 
     </span>
    </p>
   </div>
   <div class='ocr_carea' id='block_1_7' title="bbox 342 3827 1451 3876">
    <p class='ocr_par' dir='ltr' id='par_1_9' title="bbox 342 3827 1451 3876">
     <span class='ocr_line' id='line_1_34' title="bbox 342 3827 1451 3876; baseline -0.003 -2"><span class='ocrx_word' id='word_1_274' title='bbox 342 3832 415 3876; x_wconf 73' lang='grc' dir='ltr'>ΗΕΒ.</span> <span class='ocrx_word' id='word_1_275' title='bbox 433 3831 586 3876; x_wconf 72' lang='lat' dir='ltr'>ERASMVS</span> <span class='ocrx_word' id='word_1_276' title='bbox 600 3831 676 3876; x_wconf 77' lang='lat' dir='ltr'>RO&#39;I&#39;.</span> <span class='ocrx_word' id='word_1_277' title='bbox 692 3830 836 3876; x_wconf 63' lang='lat' dir='ltr'>enimse.</span> <span class='ocrx_word' id='word_1_278' title='bbox 853 3831 914 3874; x_wconf 70' lang='lat' dir='ltr'>M..</span> <span class='ocrx_word' id='word_1_279' title='bbox 932 3828 1079 3873; x_wconf 75' lang='lat' dir='ltr'>nocuom</span> <span class='ocrx_word' id='word_1_280' title='bbox 1094 3828 1218 3872; x_wconf 78' lang='lat' dir='ltr'>IOANNI</span> <span class='ocrx_word' id='word_1_281' title='bbox 1231 3827 1345 3871; x_wconf 72' lang='lat' dir='ltr'>alneu.</span> <span class='ocrx_word' id='word_1_282' title='bbox 1376 3827 1402 3871; x_wconf 77' lang='lat' dir='ltr'>S.</span> <span class='ocrx_word' id='word_1_283' title='bbox 1419 3827 1451 3871; x_wconf 89' lang='lat' dir='ltr'>D.</span> 
     </span>
    </p>
   </div>
   <div class='ocr_carea' id='block_1_8' title="bbox 299 3929 1527 4514">
    <p class='ocr_par' dir='ltr' id='par_1_10' title="bbox 299 3929 1527 4514">
     <span class='ocr_line' id='line_1_35' title="bbox 343 3929 1496 4013; baseline -0.006 -17"><span class='ocrx_word' id='word_1_284' title='bbox 343 3935 494 3996; x_wconf 76' lang='lat' dir='ltr'>ernnxn</span> <span class='ocrx_word' id='word_1_285' title='bbox 523 3942 610 4009; x_wconf 90' lang='lat' dir='ltr'>tuae,</span> <span class='ocrx_word' id='word_1_286' title='bbox 637 3938 688 3996; x_wconf 84' lang='lat' dir='ltr'>vir</span> <span class='ocrx_word' id='word_1_287' title='bbox 713 3935 927 4006; x_wconf 89' lang='lat' dir='ltr'>ornatissime,</span> <span class='ocrx_word' id='word_1_288' title='bbox 951 3933 1070 4012; x_wconf 91' lang='lat' dir='ltr'>quibus</span> <span class='ocrx_word' id='word_1_289' title='bbox 1094 3941 1129 3993; x_wconf 89' lang='lat' dir='ltr'>et</span> <span class='ocrx_word' id='word_1_290' title='bbox 1151 3953 1212 4013; x_wconf 92' lang='lat' dir='ltr'>pro</span> <span class='ocrx_word' id='word_1_291' title='bbox 1234 3937 1294 3992; x_wconf 94' lang='lat' dir='ltr'>tua</span> <span class='ocrx_word' id='word_1_292' title='bbox 1322 3929 1496 4010; x_wconf 87' lang='lat' dir='ltr'>prudentia</span> 
     </span>
     <span class='ocr_line' id='line_1_36' title="bbox 299 4013 1496 4097; baseline -0.006 -18"><span class='ocrx_word' id='word_1_293' title='bbox 299 4020 460 4097; x_wconf 88' lang='lat' dir='ltr'>sagaciter</span> <span class='ocrx_word' id='word_1_294' title='bbox 486 4019 615 4080; x_wconf 93' lang='lat' dir='ltr'>diuinas</span> <span class='ocrx_word' id='word_1_295' title='bbox 640 4021 846 4079; x_wconf 88' lang='lat' dir='ltr'>imminentes</span> <span class='ocrx_word' id='word_1_296' title='bbox 870 4016 1042 4078; x_wconf 88' lang='lat' dir='ltr'>Germanic</span> <span class='ocrx_word' id='word_1_297' title='bbox 1065 4015 1281 4088; x_wconf 89' lang='lat' dir='ltr'>calamitates,</span> <span class='ocrx_word' id='word_1_298' title='bbox 1306 4021 1341 4074; x_wconf 93' lang='lat' dir='ltr'>et</span> <span class='ocrx_word' id='word_1_299' title='bbox 1365 4013 1496 4092; x_wconf 88' lang='lat' dir='ltr'>caspie</span> 
     </span>
     <span class='ocr_line' id='line_1_37' title="bbox 300 4099 1497 4181; baseline -0.007 -18"><span class='ocrx_word' id='word_1_300' title='bbox 300 4103 492 4181; x_wconf 87' lang='lat' dir='ltr'>deprecaris,</span> <span class='ocrx_word' id='word_1_301' title='bbox 518 4107 752 4181; x_wconf 88' lang='lat' dir='ltr'>permonerunt</span> <span class='ocrx_word' id='word_1_302' title='bbox 779 4103 925 4162; x_wconf 90' lang='lat' dir='ltr'>animum</span> <span class='ocrx_word' id='word_1_303' title='bbox 955 4119 1073 4172; x_wconf 88' lang='lat' dir='ltr'>meum,</span> <span class='ocrx_word' id='word_1_304' title='bbox 1100 4105 1139 4159; x_wconf 87' lang='lat' dir='ltr'>vt</span> <span class='ocrx_word' id='word_1_305' title='bbox 1167 4099 1210 4159; x_wconf 91' lang='lat' dir='ltr'>ad</span> <span class='ocrx_word' id='word_1_306' title='bbox 1238 4099 1497 4176; x_wconf 87' lang='lat' dir='ltr'>omnipotentem</span> 
     </span>
     <span class='ocr_line' id='line_1_38' title="bbox 299 4182 1496 4265; baseline -0.005 -20"><span class='ocrx_word' id='word_1_307' title='bbox 299 4185 392 4245; x_wconf 93' lang='lat' dir='ltr'>illum</span> <span class='ocrx_word' id='word_1_308' title='bbox 408 4185 658 4265; x_wconf 88' lang='lat' dir='ltr'>pacificatorem,</span> <span class='ocrx_word' id='word_1_309' title='bbox 674 4192 717 4258; x_wconf 90' lang='lat' dir='ltr'>et,</span> <span class='ocrx_word' id='word_1_310' title='bbox 730 4191 769 4245; x_wconf 87' lang='lat' dir='ltr'>vt</span> <span class='ocrx_word' id='word_1_311' title='bbox 780 4183 902 4245; x_wconf 93' lang='lat' dir='ltr'>Paulus</span> <span class='ocrx_word' id='word_1_312' title='bbox 914 4189 1020 4256; x_wconf 87' lang='lat' dir='ltr'>vocat,</span> <span class='ocrx_word' id='word_1_313' title='bbox 1035 4182 1174 4262; x_wconf 80' lang='grc' dir='ltr'><strong><em>μεσίτην,</em></strong></span> <span class='ocrx_word' id='word_1_314' title='bbox 1186 4182 1407 4261; x_wconf 89' lang='lat' dir='ltr'>precationem</span> <span class='ocrx_word' id='word_1_315' title='bbox 1422 4198 1496 4239; x_wconf 91' lang='lat' dir='ltr'>con-</span> 
     </span>
     <span class='ocr_line' id='line_1_39' title="bbox 300 4262 1527 4348; baseline -0.006 -20"><span class='ocrx_word' id='word_1_316' title='bbox 300 4269 484 4342; x_wconf 84' lang='lat' dir='ltr'>scriberem,</span> <span class='ocrx_word' id='word_1_317' title='bbox 500 4289 566 4348; x_wconf 88' lang='lat' dir='ltr'>que</span> <span class='ocrx_word' id='word_1_318' title='bbox 577 4268 673 4329; x_wconf 87' lang='lat' dir='ltr'>simul</span> <span class='ocrx_word' id='word_1_319' title='bbox 688 4287 800 4330; x_wconf 89' lang='lat' dir='ltr'>omnes</span> <span class='ocrx_word' id='word_1_320' title='bbox 814 4268 1003 4339; x_wconf 90' lang='lat' dir='ltr'>Dominum,</span> <span class='ocrx_word' id='word_1_321' title='bbox 1014 4268 1135 4326; x_wconf 93' lang='lat' dir='ltr'>iratum</span> <span class='ocrx_word' id='word_1_322' title='bbox 1150 4264 1292 4344; x_wconf 88' lang='lat' dir='ltr'>quidem,</span> <span class='ocrx_word' id='word_1_323' title='bbox 1304 4270 1343 4324; x_wconf 88' lang='lat' dir='ltr'>vt</span> <span class='ocrx_word' id='word_1_324' title='bbox 1355 4262 1497 4335; x_wconf 88' lang='lat' dir='ltr'>videtur,</span> <span class='ocrx_word' id='word_1_325' title='bbox 1512 4290 1527 4339; x_wconf 86' lang='lat'>5</span> 
     </span>
     <span class='ocr_line' id='line_1_40' title="bbox 300 4347 1499 4431; baseline -0.007 -18"><span class='ocrx_word' id='word_1_326' title='bbox 300 4352 357 4412; x_wconf 91' lang='lat' dir='ltr'>sed</span> <span class='ocrx_word' id='word_1_327' title='bbox 371 4352 571 4413; x_wconf 87' lang='lat' dir='ltr'>exorabilem</span> <span class='ocrx_word' id='word_1_328' title='bbox 586 4351 797 4431; x_wconf 89' lang='lat' dir='ltr'>appellemus.</span> <span class='ocrx_word' id='word_1_329' title='bbox 841 4351 890 4412; x_wconf 91' lang='lat' dir='ltr'>De</span> <span class='ocrx_word' id='word_1_330' title='bbox 904 4369 970 4411; x_wconf 92' lang='lat' dir='ltr'>non</span> <span class='ocrx_word' id='word_1_331' title='bbox 985 4349 1148 4410; x_wconf 89' lang='lat' dir='ltr'>mouenda</span> <span class='ocrx_word' id='word_1_332' title='bbox 1162 4347 1335 4409; x_wconf 83' lang='lat' dir='ltr'>Camarina</span> <span class='ocrx_word' id='word_1_333' title='bbox 1349 4350 1499 4407; x_wconf 83' lang='lat' dir='ltr'>amanter</span> 
     </span>
     <span class='ocr_line' id='line_1_41' title="bbox 302 4431 1498 4514; baseline -0.008 -17"><span class='ocrx_word' id='word_1_334' title='bbox 302 4443 340 4496; x_wconf 91' lang='lat' dir='ltr'>tu</span> <span class='ocrx_word' id='word_1_335' title='bbox 356 4435 489 4514; x_wconf 92' lang='lat' dir='ltr'>quidem</span> <span class='ocrx_word' id='word_1_336' title='bbox 504 4455 541 4496; x_wconf 88' lang='lat' dir='ltr'>ac</span> <span class='ocrx_word' id='word_1_337' title='bbox 556 4434 705 4508; x_wconf 88' lang='lat' dir='ltr'>fideliter,</span> <span class='ocrx_word' id='word_1_338' title='bbox 721 4434 777 4496; x_wconf 92' lang='lat' dir='ltr'>sed</span> <span class='ocrx_word' id='word_1_339' title='bbox 795 4453 866 4495; x_wconf 88' lang='lat' dir='ltr'>sero</span> <span class='ocrx_word' id='word_1_340' title='bbox 885 4453 1007 4506; x_wconf 90' lang='lat' dir='ltr'>mones,</span> <span class='ocrx_word' id='word_1_341' title='bbox 1023 4438 1058 4494; x_wconf 92' lang='lat' dir='ltr'>et</span> <span class='ocrx_word' id='word_1_342' title='bbox 1073 4431 1259 4493; x_wconf 89' lang='lat' dir='ltr'>merebatur</span> <span class='ocrx_word' id='word_1_343' title='bbox 1281 4431 1342 4490; x_wconf 91' lang='lat' dir='ltr'>hoc</span> <span class='ocrx_word' id='word_1_344' title='bbox 1356 4448 1498 4509; x_wconf 91' lang='lat' dir='ltr'>quorun-</span> 
     </span>
    </p>
   </div>
   <div class='ocr_carea' id='block_1_9' title="bbox 604 4569 1198 4620">
    <p class='ocr_par' dir='ltr' id='par_1_11' title="bbox 604 4569 1198 4620">
     <span class='ocr_line' id='line_1_42' title="bbox 604 4569 1198 4620; baseline -0.007 -1"><span class='ocrx_word' id='word_1_345' title='bbox 604 4570 678 4620; x_wconf 77' lang='lat'>2617.</span> <span class='ocrx_word' id='word_1_346' title='bbox 696 4583 752 4620; x_wconf 85' lang='lat' dir='ltr'>rrr.</span> <span class='ocrx_word' id='word_1_347' title='bbox 765 4582 900 4620; x_wconf 77' lang='lat' dir='ltr'>osennae</span> <span class='ocrx_word' id='word_1_348' title='bbox 913 4569 998 4619; x_wconf 75' lang='lat' dir='ltr'>Laud.</span> <span class='ocrx_word' id='word_1_349' title='bbox 1009 4586 1016 4617; x_wconf 75' lang='grc' dir='ltr'><strong><em>ε</em></strong></span> <span class='ocrx_word' id='word_1_350' title='bbox 1028 4579 1162 4617; x_wconf 77' lang='lat' dir='ltr'>caenare</span> <span class='ocrx_word' id='word_1_351' title='bbox 1174 4586 1198 4616; x_wconf 85' lang='grc' dir='ltr'>α.</span> 
     </span>
    </p>
   </div>
   <div class='ocr_carea' id='block_1_10' title="bbox 303 4746 1503 5087">
    <p class='ocr_par' dir='ltr' id='par_1_12' title="bbox 303 4746 1503 5087">
     <span class='ocr_line' id='line_1_43' title="bbox 336 4746 1500 4819; baseline -0.006 -15"><span class='ocrx_word' id='word_1_352' title='bbox 336 4754 412 4804; x_wconf 81' lang='grc'><strong>2617.</strong></span> <span class='ocrx_word' id='word_1_353' title='bbox 431 4771 455 4818; x_wconf 94' lang='grc'>4.</span> <span class='ocrx_word' id='word_1_354' title='bbox 475 4754 651 4819; x_wconf 84' lang='lat' dir='ltr'>Raphahele]</span> <span class='ocrx_word' id='word_1_355' title='bbox 687 4754 748 4804; x_wconf 80' lang='lat' dir='ltr'>&#39;l&#39;he</span> <span class='ocrx_word' id='word_1_356' title='bbox 765 4753 877 4818; x_wconf 80' lang='lat' dir='ltr'>praiaco</span> <span class='ocrx_word' id='word_1_357' title='bbox 963 4766 1002 4811; x_wconf 85' lang='lat'>19.</span> <span class='ocrx_word' id='word_1_358' title='bbox 1021 4749 1309 4814; x_wconf 75' lang='lat' dir='ltr'>HieronemlseeEp.</span> <span class='ocrx_word' id='word_1_359' title='bbox 1318 4762 1382 4813; x_wconf 84' lang='lat'><em>2273</em></span> <span class='ocrx_word' id='word_1_360' title='bbox 1394 4746 1500 4798; x_wconf 91' lang='lat' dir='ltr'>introd.</span> 
     </span>
     <span class='ocr_line' id='line_1_44' title="bbox 304 4816 1401 4886; baseline -0.005 -16"><span class='ocrx_word' id='word_1_361' title='bbox 304 4822 370 4886; x_wconf 82' lang='lat' dir='ltr'>(Ep.</span> <span class='ocrx_word' id='word_1_362' title='bbox 392 4823 469 4882; x_wconf 85' lang='lat'>2611)</span> <span class='ocrx_word' id='word_1_363' title='bbox 492 4827 524 4872; x_wconf 87' lang='lat' dir='ltr'>to</span> <span class='ocrx_word' id='word_1_364' title='bbox 547 4821 597 4871; x_wconf 89' lang='lat' dir='ltr'>the</span> <span class='ocrx_word' id='word_1_365' title='bbox 620 4820 731 4871; x_wconf 83' lang='lat' dir='ltr'>Froben</span> <span class='ocrx_word' id='word_1_366' title='bbox 753 4819 831 4870; x_wconf 81' lang='lat' dir='ltr'>Besil</span> <span class='ocrx_word' id='word_1_367' title='bbox 853 4820 878 4870; x_wconf 85' lang='lat' dir='ltr'>is</span> <span class='ocrx_word' id='word_1_368' title='bbox 961 4818 1036 4868; x_wconf 77' lang='lat'>2618.</span> <span class='ocrx_word' id='word_1_369' title='bbox 1054 4835 1079 4882; x_wconf 83' lang='lat'>4.</span> <span class='ocrx_word' id='word_1_370' title='bbox 1098 4816 1215 4877; x_wconf 86' lang='lat' dir='ltr'>Paulus]</span> <span class='ocrx_word' id='word_1_371' title='bbox 1230 4830 1240 4865; x_wconf 91' lang='lat'>1</span> <span class='ocrx_word' id='word_1_372' title='bbox 1254 4816 1326 4865; x_wconf 83' lang='lat' dir='ltr'>Tim.</span> <span class='ocrx_word' id='word_1_373' title='bbox 1339 4829 1363 4864; x_wconf 87' lang='lat'>2.</span> <span class='ocrx_word' id='word_1_374' title='bbox 1377 4828 1401 4876; x_wconf 86' lang='lat'>5.</span> 
     </span>
     <span class='ocr_line' id='line_1_45' title="bbox 303 4880 1502 4953; baseline -0.007 -16"><span class='ocrx_word' id='word_1_375' title='bbox 303 4888 410 4953; x_wconf 86' lang='lat' dir='ltr'>largely</span> <span class='ocrx_word' id='word_1_376' title='bbox 437 4885 573 4952; x_wconf 85' lang='lat' dir='ltr'>occupied</span> <span class='ocrx_word' id='word_1_377' title='bbox 600 4887 671 4938; x_wconf 81' lang='lat' dir='ltr'>with</span> <span class='ocrx_word' id='word_1_378' title='bbox 698 4887 878 4952; x_wconf 85' lang='lat' dir='ltr'>cataloguing</span> <span class='ocrx_word' id='word_1_379' title='bbox 961 4889 986 4935; x_wconf 90' lang='lat'>6.</span> <span class='ocrx_word' id='word_1_380' title='bbox 1004 4884 1165 4946; x_wconf 79' lang='lat' dir='ltr'>Camarina]</span> <span class='ocrx_word' id='word_1_381' title='bbox 1211 4882 1298 4946; x_wconf 69' lang='lat' dir='ltr'>Aduo.</span> <span class='ocrx_word' id='word_1_382' title='bbox 1340 4885 1383 4946; x_wconf 82' lang='lat'>64.</span> <span class='ocrx_word' id='word_1_383' title='bbox 1441 4880 1502 4930; x_wconf 75' lang='lat' dir='ltr'>‘l&#39;he</span> 
     </span>
     <span class='ocr_line' id='line_1_46' title="bbox 305 4947 1503 5020; baseline -0.004 -16"><span class='ocrx_word' id='word_1_384' title='bbox 305 4954 459 5020; x_wconf 87' lang='lat' dir='ltr'>Raphael‘s</span> <span class='ocrx_word' id='word_1_385' title='bbox 475 4954 714 5004; x_wconf 84' lang='lat' dir='ltr'>mistranslations</span> <span class='ocrx_word' id='word_1_386' title='bbox 732 4955 762 5005; x_wconf 93' lang='lat' dir='ltr'>in</span> <span class='ocrx_word' id='word_1_387' title='bbox 779 4955 830 5005; x_wconf 92' lang='lat' dir='ltr'>the</span> <span class='ocrx_word' id='word_1_388' title='bbox 846 4954 879 5005; x_wconf 79' lang='lat' dir='ltr'>dc</span> <span class='ocrx_word' id='word_1_389' title='bbox 928 4953 1069 5003; x_wconf 78' lang='lat' dir='ltr'>reference</span> <span class='ocrx_word' id='word_1_390' title='bbox 1092 4952 1116 5001; x_wconf 88' lang='lat' dir='ltr'>is</span> <span class='ocrx_word' id='word_1_391' title='bbox 1142 4951 1265 5017; x_wconf 84' lang='lat' dir='ltr'>perhaps</span> <span class='ocrx_word' id='word_1_392' title='bbox 1292 4957 1324 5001; x_wconf 85' lang='lat' dir='ltr'>to</span> <span class='ocrx_word' id='word_1_393' title='bbox 1348 4949 1398 5000; x_wconf 88' lang='lat' dir='ltr'>the</span> <span class='ocrx_word' id='word_1_394' title='bbox 1422 4947 1503 4999; x_wconf 80' lang='lat' dir='ltr'>Paris</span> 
     </span>
     <span class='ocr_line' id='line_1_47' title="bbox 307 5019 1113 5087; baseline -0.007 -14"><span class='ocrx_word' id='word_1_395' title='bbox 307 5021 451 5073; x_wconf 75' lang='lat' dir='ltr'>Laudibus</span> <span class='ocrx_word' id='word_1_396' title='bbox 462 5020 586 5078; x_wconf 79' lang='lat' dir='ltr'>lciunii;</span> <span class='ocrx_word' id='word_1_397' title='bbox 604 5022 712 5086; x_wconf 87' lang='lat' dir='ltr'>eeeEp.</span> <span class='ocrx_word' id='word_1_398' title='bbox 726 5035 801 5087; x_wconf 89' lang='grc'><strong>2422.</strong></span> <span class='ocrx_word' id='word_1_399' title='bbox 813 5024 877 5072; x_wconf 77' lang='lat' dir='ltr'>ern.</span> <span class='ocrx_word' id='word_1_400' title='bbox 928 5019 1113 5084; x_wconf 72' lang='lat' dir='ltr'>theologicus.</span> 
     </span>
    </p>
   </div>
   <div class='ocr_carea' id='block_1_11' title="bbox 0 0 2054 5900">
    <p class='ocr_par' dir='ltr' id='par_1_13' title="bbox 0 0 2054 5900">
     <span class='ocr_line' id='line_1_48' title="bbox 0 0 2054 5900; baseline 0 0"><span class='ocrx_word' id='word_1_401' title='bbox 0 0 2054 5900; x_wconf 95' lang='lat' dir='ltr'> </span> 
     </span>
    </p>
   </div>
  </div>
 </body>
</html>
