4042 5900
315 665 409 744 2473]
640 662 696 726 Το
717 663 863 725 Parsa
885 662 940 726 or
961 662 1182 727 uonnrnu
1446 666 1507 725 245

316 820 538 901 ἱπποτροφιίαν
559 821 639 883 mihi
660 822 759 883 fuisse
780 822 948 884 luculento
966 823 1097 895 damno,
1112 822 1170 884 sed
1184 822 1376 903 iampridem
1391 821 1553 891 castoras

314 924 383 966 esse
398 906 487 966 desii.
516 905 569 966 An
583 912 621 966 tu
636 907 817 967 etiamnum
831 905 997 967 Pollucem
1012 926 1090 986 agas
1104 907 1221 979 nescio,
1236 926 1314 967 nam
1328 906 1507 985 aliquando

315 995 349 1049 te
372 995 564 1050 strennuum
588 990 690 1068 egisse
710 989 852 1069 pugilem
876 1008 917 1049 ex
943 996 1004 1050 tua
1026 991 1128 1070 ipsius
1150 990 1337 1051 narratione
1360 991 1506 1069 cognoui,

315 1091 418 1150 quum
433 1071 580 1133 Basileae
593 1072 798 1133 familiariter
812 1074 897 1133 inter
910 1091 970 1133 nos
984 1073 1192 1134 misceremus
1206 1072 1345 1134 fabulas.
1390 1072 1453 1134 Sed
1468 1079 1508 1134 vt

316 1155 401 1215 idem
425 1161 540 1216 narrat
563 1154 731 1227 Horatius,
753 1155 795 1215 ob
816 1155 971 1216 dissimile
994 1155 1151 1230 studium,
1173 1157 1374 1236 geminorum
1399 1158 1507 1235 gratia

315 1238 455 1299 fratrum
484 1257 584 1318 prope
612 1238 759 1299 dissiliit:
791 1257 852 1299 nos
876 1257 974 1318 porro
996 1241 1178 1300 communis
1206 1238 1391 1301 litterarum
1416 1257 1554 1306 amorso

316 1323 439 1382 arctius
460 1323 573 1400 iunget
593 1341 694 1400 quam
715 1320 883 1383 Castorem
902 1328 937 1383 et
955 1322 1122 1383 Pollucem
1143 1323 1251 1383 iunxit
1272 1323 1359 1383 idem
1380 1329 1506 1402 partus,

316 1404 414 1465 modo
428 1404 526 1466 liceat
540 1405 647 1466 isthuc
662 1424 765 1483 vsque
779 1424 958 1486 prorepere.
1003 1404 1044 1466 Id
1064 1407 1091 1467 si
1110 1407 1218 1467 minus
1238 1406 1348 1467 licebit
1362 1425 1505 1486 corpore,

316 1495 403 1549 certe
429 1489 556 1549 animus
582 1488 718 1549 subinde
746 1488 790 1549 ad
818 1507 878 1548 vos
906 1488 1136 1550 transuolabit.
1180 1489 1262 1550 Mihi
1290 1508 1364 1550 eum
1393 1491 1506 1570 paucis

316 1571 494 1632 uiuendum
515 1578 575 1643 est,
590 1573 617 1632 si
639 1572 737 1632 velim
759 1572 877 1645 viuere,
896 1572 979 1632 adeo
1000 1578 1113 1633 tenera
1133 1578 1184 1633 est
1205 1572 1371 1634 valetudo.
1416 1572 1508 1633 Inter

316 1653 549 1733 ἀναλφαβήτους
563 1661 699 1727 vestros,
715 1661 754 1715 vt
768 1660 806 1715 tu
821 1674 929 1728 vocas,
944 1655 1056 1716 licebit
1070 1661 1236 1734 utcunque
1250 1655 1432 1717 balbutire:
1455 1656 1507 1717 hio
1521 1671 1553 1722 35

316 1737 414 1817 plane
428 1744 540 1798 mutus
554 1756 636 1808 sum,
648 1757 706 1798 nec
720 1738 867 1816 intelligo
877 1757 1075 1817 quenquam,
1086 1757 1145 1799 nec
1156 1738 1320 1818 intelligor
1330 1738 1399 1800 vlli.
1425 1738 1507 1800 (bam

317 1820 401 1881 aulis
420 1821 500 1881 mihi
511 1820 592 1881 nihil
605 1822 767 1882 conuenit.
790 1820 875 1894 Quid
886 1828 998 1882 autem
1009 1822 1220 1883 dicasaulam
1231 1821 1327 1902 plane
1338 1820 1507 1895 Gallicam,

316 1904 462 1964 nondum
476 1904 632 1982 intelligo,
647 1905 747 1965 sentis
762 1905 877 1983 opinor
890 1923 1015 1965 comem
1030 1912 1064 1967 et
1080 1905 1267 1979 humanam,
1282 1906 1340 1967 sed
1354 1903 1508 1967 Germani

317 1988 421 2048 nostri
435 2006 526 2048 secus
540 1989 842 2066 interpretarentur.

359 2070 488 2144 Verum,
504 2071 630 2132 omissis
644 2071 731 2143 iocis,
745 2071 966 2150 gratissimum
984 2077 1036 2132 est
1052 2072 1142 2152 quod
1158 2072 1255 2133 offers
1268 2078 1303 2133 et
1317 2072 1460 2153 teipsum
1474 2078 1509 2133 et
1521 2089 1555 2141 40

317 2160 378 2214 tua
392 2155 501 2214 omnia
515 2155 598 2215 citra
611 2156 845 2234 exceptionem.
889 2153 952 2216 Sed
967 2161 1006 2216 tu
1021 2156 1090 2216 iure
1101 2154 1300 2229 Gratiarum,
1315 2155 1508 2235 iampridem

317 2238 351 2297 in
374 2255 447 2297 aere
469 2256 542 2297 meo
564 2256 608 2310 es,
632 2236 709 2298 licet
733 2256 792 2316 ego
815 2238 918 2317 magis
939 2239 1073 2299 etiam
1064 2245 1188 2300 intuo.
1212 2239 1375 2300 Fortunas
1396 2245 1508 2301 autem

318 2326 394 2381 tuas
407 2339 474 2380 non
488 2285 666 2382 admodum
680 2320 836 2399 grauabo.
872 2320 1017 2400 Contigit
1030 2323 1116 2383 enim
1131 2321 1212 2383 mihi
1226 2341 1295 2382 sors
1312 2324 1421 2383 animo
1438 2341 1507 2402 par,

317 2404 402 2463 inter
424 2401 570 2464 πλουσιον
593 2410 629 2465 et
650 2402 776 2482 πτωχόν
795 2404 910 2465 media.
954 2404 1111 2466 Dedimus
1136 2406 1197 2466 hac
1215 2405 1331 2485 hyeme
1348 2425 1405 2466 sex
1422 2405 1508 2503 App

317 2485 569 2566 phthegmatum
605 2486 714 2559 libros,
747 2493 782 2548 et
814 2486 1136 2549 Commentarium
1127 2508 1160 2549 ιιι
1195 2488 1361 2550 Psalmum
1393 2490 1507 2549 xxxiii.
1522 2505 1555 2557 45

318 2569 463 2630 Praeiati
492 2589 604 2631 sumus
632 2572 666 2630 in
694 2570 905 2631 Aristotelem
933 2568 1054 2631 Graece
1082 2590 1248 2643 excusum,
1274 2572 1380 2633 multo
1409 2590 1508 2650 quam

318 2659 416 2713 antea
440 2654 654 2726 emendatius,
678 2672 775 2732 quem
800 2655 866 2714 iam
891 2672 995 2734 paruo
1021 2654 1082 2715 sibi
1107 2656 1215 2733 quiuis
1237 2674 1353 2735 parare
1375 2656 1507 2735 poterit.

319 2736 464 2797 Praefati
475 2755 588 2797 sumus
598 2736 799 2797 etinTitum
810 2736 949 2810 Liuium,
960 2744 1094 2798 auctum
1104 2740 1248 2817 quinque
1258 2737 1348 2799 libris
1359 2739 1416 2817 qui
1426 2757 1508 2798 nun·

317 2837 417 2897 quarn
432 2819 572 2880 antehac
587 2820 787 2899 prodierunt,
802 2826 931 2900 praeter
949 2821 1136 2881 innumeras
1155 2820 1319 2900 epistolas.
1365 2821 1509 2882 Tantum

318 2901 405 2963 horti
419 2904 523 2963 nostri
538 2904 709 2982 porrigunt
723 2903 876 2982 hybernis
890 2903 1073 2965 mensibus:
1099 2903 1179 2983 quid
1193 2904 1339 2966 iacerent
1353 2904 1509 2966 aestiuis?
1523 2920 1556 2970 5⁰

318 2985 381 3047 Sed
392 2988 593 3065 ingeniorum
604 2993 713 3048 aestas
723 2987 822 3047 semel
833 2987 944 3067 elapsa
955 3006 1124 3066 nunquam
1132 2988 1227 3048 redit.
1245 2987 1382 3049 Caetera
1390 3006 1509 3061 coram,

318 3070 345 3129 si
360 3076 545 3148 temporum
560 3071 645 3130 ratio
659 3071 704 3130 sic
719 3071 867 3144 suaserit,
882 3078 917 3131 et
930 3071 1088 3131 valetudo
1102 3072 1293 3151 permiserit.
1323 3071 1411 3132 Bene
1426 3070 1509 3131 vale.

360 3152 484 3213 Datum
491 3152 581 3233 apud
587 3152 782 3233 Friburgum
791 3153 955 3233 Brisgoiae
965 3154 1102 3234 postrid.
1119 3152 1186 3216 Gal.
1197 3153 1327 3235 Aprilis.
1338 3170 1509 3216 nomm.

492 3439 726 3506 ²⁴⁸²·²⁴⁸⁷2474.
774 3439 882 3505 Facu
904 3440 1093 3506 Bomracn
1117 3439 1336 3508 Αιιιιιιιιοιι.

356 3566 448 3621 Basle
460 3565 525 3622 MS.
540 3567 572 3622 C.
588 3567 658 3622 VI·.
673 3582 719 3639 54.
733 3571 781 3623 60.
1317 3568 1420 3623 Baale.

1259 3644 1474 3714 sArril1531

351 3760 407 3821 [An
425 3761 595 3826 autograph,
613 3761 749 3826 careiully
766 3763 881 3812 written
900 3762 958 3812 and
978 3762 1049 3812 with
1069 3778 1107 3813 no
1127 3763 1306 3822 corrections,
1328 3762 1424 3813 iolded
1443 3777 1475 3811 aa
1494 3777 1513 3812 a

317 3827 411 3887 letter,
430 3828 484 3878 but
497 3834 549 3878 not
565 3828 718 3878 addressed
731 3828 789 3878 and
806 3844 844 3894 ap
914 3829 978 3893 ntly
994 3835 1047 3878 not
1064 3835 1138 3880 sent.
1172 3829 1264 3879 There
1277 3844 1325 3879 are
1338 3834 1397 3879 ιιιο
1410 3829 1511 3894 rough·

317 3894 726 3960 draitsandtwobeginnings
738 3895 838 3945 oitbis
859 3895 1101 3946 etteoerinGNP.
1120 3902 1258 3960 54.13v⁰,
1276 3896 1513 3947 butnovariants

316 3962 347 4011 oi
359 3961 488 4020 interest,
500 3967 603 4026 except
613 3961 811 4013 mammeam
823 3961 867 4012 ior
877 3962 1040 4013 odiosarum
1051 3962 1070 4012 l
1085 3977 1125 4026 13

350 4028 410 4077 The
421 4027 588 4092 year-date
580 4044 604 4078 rs
616 4029 768 4079 confirmed
779 4029 818 4093 by
829 4029 879 4079 the
890 4036 1032 4080 contente.
1034 4029 1045 4091 ]

359 4134 389 4196 S.
407 4134 443 4195 P.
487 4134 613 4197 Literes
628 4142 713 4209 tuas,
729 4135 905 4197 clarissime
920 4136 1065 4210 Erasme,
1081 4153 1145 4197 vm
1159 4134 1227 4198 Gal.
1243 4134 1346 4216 April.
1362 4137 1511 4216 scriptas,

317 4217 437 4278 nudius
452 4219 569 4278 tertius
583 4238 604 4279 a
618 4220 707 4291 meis,
723 4238 797 4280 oum
813 4218 947 4280 domum
961 4219 1137 4293 rediissem,
1154 4219 1273 4299 accepi.
1317 4217 1417 4279 Dolet
1431 4218 1512 4278 mibi

318 4320 383 4361 non
404 4301 584 4380 vulgariter
604 4301 693 4380 quod
714 4302 755 4363 de
777 4301 929 4363 Luscinio
949 4309 985 4363 et
1005 4302 1103 4364 Eccio
1124 4302 1246 4363 scribis.
1290 4301 1410 4363 Verum
1433 4309 1512 4363 tuae

318 4384 512 4463 prudentiae
531 4386 593 4444 erit
611 4384 796 4446 huiusmodi
815 4386 958 4458 iniurias,
974 4387 1024 4446 vti
1041 4386 1132 4459 iacis,
1147 4391 1363 4447 contemnere.
1408 4384 1512 4447 Maior

318 4472 405 4528 certe
427 4472 479 4527 est
503 4469 642 4528 nominis
666 4470 717 4529 tui
739 4468 829 4549 apud
854 4470 996 4549 optimos
1020 4487 1167 4548 quosque
1188 4469 1390 4530 existimatio
1412 4485 1541 4546 quams

318 4551 410 4611 cuius
425 4549 604 4611 luminibus
621 4551 664 4612 ab
684 4550 718 4612 id
736 4570 837 4631 genus
858 4552 1042 4631 nugonibus
1063 4552 1191 4613 obstrui
1212 4553 1325 4631 possit.
1371 4550 1512 4625 Inuidia,

319 4635 428 4713 inquit
449 4633 512 4707 ille,
529 4632 599 4695 alta
620 4635 715 4714 petit,
730 4634 904 4696 humiliora
924 4635 1157 4716 praeteruolat.
1201 4634 1273 4696 Hac
1295 4633 1512 4708 bebdomada,

352 4750 881 4866 ²4⁷³0d281ff¹⁰⁰mmf⁸bul⁸⁸⁰ddx
950 4766 992 4815 31.
1010 4753 1156 4819 partusJ.
1174 4753 1308 4804 ouumK.
1366 4765 1408 4816 35.
1426 4759 1493 4804 vt..

317 4832 401 4867 vocas

351 4951 428 5001 2433,
445 4968 487 5016 44.
429 4912 688 5002 *Dedimus
705 4966 766 5017 ,49.
783 4951 888 5017 episto·
973 4952 1048 5002 24⁷4.
1068 4966 1091 5002 1.
1109 4953 1297 5019 Literas1Ep
1310 4956 1386 5018 2462.

318 5018 426 5079 las]Gi.
439 5018 515 5084 Epp.
528 5019 699 5084 2442.8-18;
716 5019 791 5084 2485.
804 5032 878 5083 5ο-4.
