4042 5900
513 665 574 727 226
839 665 1039 729 LETTERS
1060 665 1116 729 OF
1136 663 1342 729 ERASMUS
1615 670 1716 745 [1531

512 823 677 885 Erauohoi
689 824 839 886 felicibus
853 826 1005 905 auspiciis
1020 826 1103 887 adeo
1120 824 1336 887 consilescant
1350 830 1528 887 coaxantes
1547 844 1659 899 ranae,
1675 832 1718 888 vt

467 929 500 979 70
512 926 609 968 nemo
618 907 845 987 theologorum
856 909 970 970 ordine
979 909 1097 989 dignus
1108 909 1271 971 habeatur
1284 910 1342 987 qui
1355 910 1446 971 rudis
1457 910 1504 970 sit
1512 908 1716 988 linguarum.

512 989 607 1052 Certe
622 996 701 1052 ante
715 1010 819 1053 annos
834 1011 902 1053 non
916 993 965 1054 ita
976 993 1100 1055 multos
1110 992 1323 1054 Hermannus
1333 991 1538 1054 Letmannus
1549 992 1716 1067 Βαιαιιιιε,

513 1080 573 1135 aut
595 1074 623 1134 si
645 1075 760 1147 mauis,
782 1074 978 1148 Hollandus,
1005 1076 1122 1137 harum
1143 1076 1331 1137 litterarum
1352 1076 1536 1137 accessione
1559 1076 1716 1137 nonnihil

512 1158 614 1218 etiam
641 1157 890 1220 commendatus
918 1159 992 1233 fuit,
1021 1159 1065 1220 ad
1093 1158 1164 1233 hoo,
1193 1166 1233 1219 vt
1260 1160 1296 1220 in
1318 1159 1551 1220 distributione
1579 1158 1717 1222 laureae

513 1240 714 1320 theologicae
725 1242 847 1321 primas
858 1244 1042 1304 sortiretur.
1086 1242 1238 1304 Arbitror
1248 1242 1414 1304 hominem
1426 1242 1489 1303 tibi
1500 1248 1619 1305 notum
1630 1262 1715 1305 esee.

467 1344 499 1395 75
513 1324 655 1386 Proinde
679 1344 838 1404 perquam
860 1324 978 1387 lubens
1003 1327 1152 1406 spectaui
1176 1331 1211 1387 te
1232 1327 1267 1387 in
1288 1327 1355 1387 tuis
1377 1326 1498 1387 litteris
1522 1325 1718 1389 iuueniliter

513 1406 794 1469 stomachantem:
817 1408 892 1470 hinc
911 1411 999 1470 enim
1021 1410 1173 1489 perspexi
1191 1429 1291 1488 quam
1310 1429 1352 1470 ox
1371 1410 1482 1470 animo
1501 1410 1616 1471 faueas
1635 1410 1718 1472 huic

512 1491 697 1552 studiorum
711 1493 839 1571 generi:
862 1492 920 1553 sed
939 1512 1034 1572 spero
1051 1493 1121 1554 fore
1138 1493 1337 1573 propediem,
1352 1498 1392 1554 vt
1405 1493 1488 1554 istos
1502 1493 1718 1555 tenebriones

513 1580 707 1653 contemptu
724 1575 846 1636 iudices
863 1576 1026 1654 digniores
1043 1595 1143 1655 quam
1163 1576 1335 1638 stomacho
1349 1581 1418 1637 tuo.
1462 1575 1549 1650 Quin
1567 1582 1604 1638 et
1623 1596 1718 1639 nunc

513 1659 559 1719 sic
574 1658 680 1719 eluxit
693 1658 877 1737 linguarum
890 1659 999 1739 fulgor
1010 1665 1050 1720 vt
1063 1661 1166 1739 magis
1181 1678 1299 1739 operae
1318 1660 1462 1740 pretium
1482 1661 1526 1722 sit
1540 1660 1719 1740 flagrantis

467 1747 501 1797 80
513 1742 579 1802 iam
594 1747 628 1803 et
642 1741 865 1803 inflammatae
875 1743 1060 1804 iuuentutis
1074 1742 1187 1804 studia
1196 1743 1375 1823 prouehere
1390 1762 1490 1821 quam
1501 1763 1576 1805 cum
1587 1744 1719 1807 rabulis

513 1824 598 1886 male
612 1825 738 1886 feriatis
752 1826 863 1887 rixari.

556 1907 652 1981 Quod
674 1908 788 1969 scribis
810 1928 880 1970 esse
905 1910 1066 1987 quosdam
1088 1910 1146 1988 qui
1166 1910 1228 1970 sibi
1249 1909 1371 1970 bonam
1392 1909 1561 1971 felicitatis
1580 1916 1719 1991 partem

514 1992 624 2052 deesse
633 1991 788 2065 iudicant,
795 1992 884 2070 quod
892 1993 1066 2055 Erasmum
1075 1992 1410 2072 nonviderint‚quum
1419 1994 1563 2073 corporis
1574 1994 1721 2074 effigiem

514 2095 588 2136 aere
601 2074 709 2135 fusam
727 2076 962 2149 exosculanter‚
977 2096 1080 2155 eaque
1099 2083 1275 2156 conspecta
1294 2076 1338 2137 ad
1358 2076 1544 2138 studiorum
1565 2096 1720 2140 amorem

468 2170 500 2232 85
514 2157 768 2231 inflammentur,
789 2164 872 2238 puto
889 2178 957 2220 non
974 2161 1110 2221 omnino
1125 2178 1249 2220 vanum
1266 2179 1353 2221 esse:
1376 2178 1567 2238 quanquam
1581 2165 1622 2221 tu
1636 2180 1719 2223 con·

514 2240 643 2303 solandi
657 2243 722 2302 mei
735 2243 842 2321 gratia
857 2262 934 2315 rem,
950 2244 985 2304 ni
998 2243 1105 2316 fallor,
1120 2243 1229 2304 verbis
1239 2242 1429 2322 amplificas.
1465 2241 1529 2304 Sed
1539 2244 1719 2323 nepoesim

513 2325 700 2386 istiusmodi
708 2325 878 2386 fauoribus
886 2326 1088 2399 insolescere,
1097 2326 1179 2387 facit
1187 2326 1395 2404 quorundam
1405 2326 1554 2387 diuersus
1563 2326 1718 2392 affectus.

514 2409 630 2469 Dicam
644 2408 732 2468 enim
751 2408 842 2486 quod
858 2409 973 2471 rideas.
1019 2410 1081 2471 Est
1095 2410 1229 2488 quidam
1244 2410 1420 2470 canonicus
1440 2408 1719 2486 Constantiensis,

514 2492 572 2570 qui
582 2491 646 2552 mei
657 2492 793 2570 effigiem
804 2493 838 2552 in
851 2492 968 2554 charta
981 2494 1173 2573 impressam
1187 2492 1289 2554 habet
1304 2493 1338 2553 in
1348 2491 1497 2554 conclaui
1511 2511 1581 2566 suo,
1592 2511 1661 2555 non
1670 2495 1719 2557 ob

467 2597 502 2645 90
515 2574 607 2636 aliud
623 2575 686 2635 nisi
703 2581 751 2647 vt,
769 2594 872 2653 quum
892 2576 1087 2649 inambulat,
1105 2577 1233 2654 quoties
1250 2594 1323 2636 eam
1342 2577 1512 2656 praeterit,
1530 2582 1717 2656 conspuat:

514 2658 786 2738 percontantibus
801 2658 868 2719 odii
881 2679 1024 2733 causam,
1040 2658 1218 2740 respondet
1232 2678 1266 2720 se
1277 2659 1358 2720 mihi
1372 2665 1544 2739 acceptum
1554 2658 1641 2721 ferre
1652 2661 1719 2725 hoc

515 2741 744 2802 calamitosum
764 2741 918 2803 seculum.
962 2743 1087 2805 Exulat
1104 2743 1192 2804 enim
1209 2742 1296 2804 illius
1316 2741 1488 2821 collegium
1505 2742 1718 2819 Constantia,

515 2826 637 2903 vixque
652 2824 824 2886 dimidium
839 2825 989 2887 redditur
1001 2846 1043 2886 ex
1057 2826 1200 2887 decimis.
1244 2825 1331 2886 Hinc
1346 2826 1422 2887 illae
1436 2825 1634 2905 lachrymae.

557 2907 666 2970 Antea
688 2907 803 2970 volens
825 2908 939 2971 nolens
960 2929 1050 2971 eram
1072 2909 1267 2972 Luteranus.
1311 2909 1383 2971 Hoc
1405 2909 1474 2972 telo
1498 2909 1539 2972 da
1561 2910 1720 2974 manibus

469 3014 502 3063 95
516 3012 663 3066 excusso,
683 2999 848 3070 quaerunt
868 2993 977 3055 aliud:
1000 2995 1095 3055 aiunt
1114 3013 1166 3055 me
1183 2993 1311 3055 dedisse
1325 2994 1463 3073 gradum
1477 2999 1641 3056 sectarum
1656 3014 1718 3057 au·

516 3075 653 3137 toribus.
698 3075 770 3136 Hoc
791 3082 1023 3155 argumentum
1043 3077 1127 3137 serio
1147 3097 1259 3138 rursus
1279 3077 1439 3138 tractauit
1453 3077 1609 3138 Albertus
1625 3078 1718 3153 Pius,

516 3159 609 3221 cuius
623 3161 736 3238 ingens
748 3159 903 3220 volumen
918 3160 1052 3221 excudit
1069 3160 1202 3233 Badius,
1221 3179 1322 3238 quum
1343 3179 1435 3239 opus,
1458 3167 1497 3221 vt
1513 3160 1623 3234 audio,
1646 3181 1719 3224 non

517 3244 561 3303 sit
589 3242 727 3315 Alberti,
760 3242 817 3303 sed
834 3262 893 3322 per
915 3242 1039 3303 multas
1063 3263 1178 3322 operas
1201 3243 1421 3304 conductitius
1444 3243 1644 3305 conflatum:
1679 3246 1719 3307 in

516 3326 635 3405 quibus
657 3327 714 3404 qui
735 3327 930 3406 praecipuus
948 3333 999 3387 est
1018 3328 1087 3405 agit
1102 3327 1275 3388 Venetiae:
1299 3346 1358 3388 nec
1378 3328 1550 3387 minimum
1565 3327 1718 3389 contule-

456 3429 504 3465 100
517 3415 597 3470 runt
618 3409 827 3470 Franciscani
849 3409 1066 3482 Parisienses;
1096 3409 1222 3472 habant
1242 3410 1330 3471 enirn
1352 3410 1517 3489 quendam
1542 3411 1719 3490 insigniter

517 3492 720 3571 ἀκριτόμυθον
745 3493 881 3553 Petrum
909 3492 1139 3555 Cornuensem.
1184 3493 1258 3572 Ipse
1288 3493 1365 3553 Pius
1394 3513 1463 3554 rem
1487 3494 1567 3554 fecit
1590 3495 1718 3574 oppido

517 3596 617 3655 quam
626 3577 836 3656 ingeniosam,
846 3575 1114 3638 infixitaculeum
1123 3596 1240 3637 acseee
1254 3578 1425 3656 proripuit.
1463 3577 1611 3638 Decessit
1625 3579 1718 3640 enirn

517 3660 631 3720 multis
656 3667 734 3720 ante
757 3660 872 3721 diebus
897 3679 997 3738 quem
1022 3660 1146 3720 Badius
1175 3679 1256 3739 opus
1284 3659 1490 3721 absoluiseet.
1533 3660 1719 3724 Dicebatur

516 3742 697 3822 Carpensis,
723 3749 758 3803 et
779 3762 969 3822 quenquam
990 3743 1116 3805 ditione
1136 3744 1253 3804 luisset
1273 3748 1403 3815 exutus,
1425 3762 1605 3822 cognomen
1627 3744 1717 3808 idem

456 3843 504 3892 ros
517 3826 683 3898 manebat,
713 3826 790 3898 licet
818 3827 905 3887 ratio
932 3828 1133 3906 cognominis
1155 3827 1256 3888 fuerit
1278 3825 1417 3887 diuersa.
1462 3828 1556 3888 Prius
1581 3829 1669 3889 enim
1696 3851 1719 3891 a

552 3953 592 4003 71.
610 3938 648 3988 J:
667 3939 873 3989 Lemannuso.
977 3952 1019 4003 79.
1037 3938 1161 4004 magisJ
1169 3958 1176 3988 ι
1193 3939 1285 3989 maius
1297 3957 1321 3988 o.
1419 3941 1460 4002 83.
1478 3939 1610 4005 quumJ:
1629 3940 1716 4006 quio.

518 4008 560 4056 88.
580 4006 731 4056 canonicus
748 4024 780 4055 o:
799 4006 898 4055 doctor
915 4006 953 4055 K.
1056 4020 1132 4070 92·3·
1152 4006 1259 4055 Exulat
1281 4042 1288 4054 .
1311 4042 1317 4054 .
1340 4042 1346 4053 .
1370 4005 1529 4071 lachrymas
1551 4025 1582 4056 n:
1601 4023 1654 4058 om.
1673 4009 1716 4060 Κ.

518 4087 560 4135 97.
579 4072 783 4188 vtaudlioodd.
797 4074 834 4122 K.
914 4074 989 4134 98-9.
1008 4073 1038 4123 in
1051 4109 1057 4122 .
1072 4109 1079 4122 .
1094 4110 1100 4123 .
1113 4073 1249 4124 Venetiae
1260 4090 1291 4121 o:
1309 4088 1361 4123 om.
1375 4073 1413 4124 K.
1493 4087 1549 4123 101.
1568 4074 1628 4123 cN:
1647 4074 1715 4126 Cor-

519 4154 697 4190 uuensem.

553 4303 594 4354 71.
613 4289 794 4339 Hermannue
824 4289 1011 4352 Letmannus]
1041 4290 1091 4341 See
1142 4288 1291 4348 Aleander‚
1304 4289 1367 4340 who
1379 4291 1591 4341 eeemstohave
1599 4296 1717 4356 goneto

519 4357 594 4423 Epp.
609 4357 681 4420 1²3⁸·
695 4370 756 4420 24n‚
771 4370 835 4419 13²⁰
846 4355 950 4406 introd.
1141 4357 1244 4407 Venice
1256 4357 1285 4407 in
1297 4357 1347 4407 the
1358 4357 1446 4407 latter
1459 4363 1526 4422 part
1537 4359 1567 4407 of
1580 4359 1717 4421 Ι52981ἱᾰ

553 4425 595 4474 88.
613 4423 766 4473 canonicus
784 4421 1022 4485 Constantiensis]
1039 4423 1091 4475 We
1142 4430 1174 4475 to
1185 4423 1498 4473 haveremainedthere
1507 4424 1581 4474 until
1589 4426 1626 4474 he
1637 4432 1716 4476 went

519 4491 593 4541 have
603 4495 655 4540 not
666 4489 812 4540 identified
823 4489 891 4538 him.
1142 4497 1173 4542 to
1196 4490 1287 4540 Rome
1310 4505 1333 4538 c.
1361 4491 1429 4540 Feb.
1452 4504 1531 4553 1531;
1558 4506 1605 4541 see
1628 4491 1714 4542 Jour-

552 4559 594 4619 89.
612 4556 732 4622 effigiem
748 4556 779 4606 in
795 4556 894 4605 charta
913 4556 1091 4621 impressam]
1141 4557 1191 4608 nol
1208 4557 1380 4616 d’Altondra
1398 4573 1448 4622 pp.
1468 4559 1560 4622 84-98‚
1580 4558 1716 4609 Aloandra'

520 4624 650 4688 Possibly
693 4638 771 4674 some
817 4623 1017 4687 reproducticn
1062 4624 1092 4674 ol
1141 4624 1368 4688 Epistoloc73-5.

519 4691 635 4741 Durer'e
646 4689 772 4755 drawing
780 4705 812 4741 or
820 4691 850 4739 ol
861 4690 951 4740 oneof
962 4690 1092 4741 Weiditz’
1178 4705 1234 4740 101.
1252 4692 1369 4740 Petrum
1394 4689 1594 4753 Comuensem]
1620 4691 1716 4743 Pierre

520 4757 673 4808 woodcuts.
1142 4756 1246 4816 Cornu,
1262 4758 1350 4807 called
1364 4757 1467 4806 Petrus
1480 4757 1622 4808 Cornutus
1635 4774 1668 4809 or
1679 4759 1716 4809 de

554 4839 596 4884 92·
616 4823 723 4874 Exulat
744 4861 751 4874 .
774 4861 780 4874 .
804 4861 809 4873 .
830 4819 1009 4884 Constantia]
1032 4823 1093 4874 'l'he
1142 4822 1295 4881 Cornibus;
1314 4840 1360 4874 sce
1372 4825 1425 4889 Ep.
1435 4827 1510 4874 2126.
1523 4828 1599 4888 164n.
1635 4825 1715 4876 Heis

521 4891 666 4941 cathedrel
681 4891 800 4957 chapter
817 4889 963 4940 withdraw
983 4896 1015 4941 to
1037 4891 1091 4941 Ue·
1141 4891 1250 4956 quoted
1279 4890 1318 4954 by
1348 4889 1437 4949 Farel,
1470 4891 1662 4956 Herminium,
1694 4893 1714 4942 i.

522 4958 666 5022 berlingen
677 4957 707 5007 in
721 4970 800 5021 15273
819 4957 854 5007 cl.
867 4957 923 5007 vol.
937 4957 955 5015 i,
969 4973 997 5022 p.
1013 4971 1036 5007 1.
1144 4971 1201 5022 124.
1214 4958 1250 5007 cf.
1263 4957 1369 5007 ibidem
1381 4958 1418 5006 iii.
1431 4958 1490 5022 418.

554 5037 597 5084 99.
614 5024 664 5089 qui
670 5024 1093 5090 praecipuusest1Presumably
