4042 5900
388 696 482 773 2593]
723 691 846 755 FROM
868 684 1074 755 ERASMUS
1095 689 1257 754 SGHETS
1522 691 1584 752 413

386 853 549 914 Ieronimo
566 853 736 924 Frobenio
757 871 855 930 quem
874 851 975 913 lidum
995 850 1058 913 tibi
1077 856 1112 913 et
1131 851 1362 912 amicissimum
1381 856 1474 930 puto,
1492 851 1585 911 cuius

386 943 522 1016 accepta
537 937 577 997 de
597 936 729 997 traditis
743 936 792 996 illi
805 936 1035 1016 recognitione,
1050 953 1118 996 non
1132 953 1215 1014 opus
1228 935 1291 995 erit
1305 934 1371 996 slis
1384 934 1584 1014 cyngrapha,

386 1022 465 1093 siue,
482 1026 521 1080 vt
535 1026 650 1098 ayunt,
667 1020 862 1097 quietantia.

428 1103 614 1164 Ludouicus
628 1102 793 1163 Castricus
807 1104 930 1182 recepit
944 1102 978 1163 in
992 1099 1143 1180 Angliam
1158 1101 1238 1179 quid
1253 1102 1389 1181 pecunie
1403 1108 1469 1162 tue.
1507 1098 1584 1180 Spe·
1599 1126 1613 1161 2
1616 1124 1631 1173 5

387 1186 484 1247 rabat
493 1187 596 1247 indies
606 1187 685 1264 quid
694 1188 798 1265 magis
807 1187 957 1266 recipere.
1001 1185 1168 1264 Exspecto
1179 1184 1266 1245 illius
1275 1183 1541 1263 significationem
1550 1191 1586 1245 et

387 1271 673 1350 permutationem.
718 1268 884 1347 Quidquid
895 1267 1141 1329 accumelauero
1154 1262 1277 1329 curabo
1291 1266 1408 1346 eydem
1423 1267 1585 1329 leronimo

387 1353 459 1413 dari
473 1352 672 1413 Franiordie.
716 1351 804 1413 Malo
819 1356 891 1431 (pro
905 1352 1064 1412 euitanda
1078 1352 1195 1429 quauis
1209 1350 1271 1411 tibi
1286 1350 1437 1412 obeunda
1450 1352 1584 1412 necessi·

388 1440 472 1512 tate)
487 1436 577 1515 apud
591 1442 625 1497 te
640 1455 740 1514 quam
755 1455 807 1497 me
820 1454 890 1496 esse
904 1441 998 1495 tuam
1012 1435 1194 1514 pecuniam.

429 1519 653 1580 Amicissimus
667 1518 746 1579 mihi
761 1517 934 1580 Goclenins
947 1517 1092 1579 reddidit
1102 1537 1154 1578 me
1165 1516 1316 1591 alacrem,
1328 1518 1385 1595 qni
1399 1517 1440 1578 de
1454 1536 1584 1597 respon·
1599 1541 1633 1592 30

387 1604 476 1663 sione
491 1610 551 1663 tua
565 1601 609 1662 ad
623 1601 782 1663 Censuras
796 1600 989 1663 Serbonicas
1003 1620 1055 1662 me
1067 1606 1192 1662 certum
1203 1600 1292 1662 fecit.
1336 1601 1418 1662 Tam
1429 1601 1586 1680 benignus

387 1693 439 1747 est
457 1686 546 1746 Deus
565 1687 598 1745 in
616 1687 713 1746 rectis
732 1684 829 1746 corde
849 1690 887 1745 vt
907 1704 966 1764 pro
985 1683 1207 1745 obtundendis
1229 1684 1500 1745 calumniantium
1522 1685 1586 1745 oris

388 1770 524 1849 prebeat
544 1788 671 1848 semper
692 1768 904 1841 innocentiae,
923 1785 989 1845 quo
1006 1787 1041 1828 se
1058 1771 1203 1840 tueatur,
1218 1767 1313 1828 larris
1327 1766 1584 1828 abundantiam:

388 1872 488 1931 quam
504 1853 570 1913 scio
584 1871 649 1912 non
664 1871 772 1913 carere
787 1857 830 1912 tc.
875 1850 974 1912 Multi
989 1856 1068 1912 sunt
1082 1852 1140 1929 qui
1153 1856 1349 1930 exspectant
1366 1855 1443 1911 tuas
1462 1850 1585 1912 abster-

389 1938 502 1996 tiones.
547 1935 668 1996 Felices
684 1934 868 2014 bibliopola,
885 1953 1025 2013 quorum
1040 1934 1169 1995 officina
1183 1933 1243 1994 has
1257 1934 1348 2013 prius
1361 1933 1539 1995 exhibebit.
1600 1941 1632 1992 35

431 2018 616 2079 Exhortaui
631 2020 726 2079 iuxta
740 2017 928 2078 disiderium
943 2024 1040 2078 tuum
1055 2015 1254 2089 Goclenium,
1270 2036 1330 2097 pro
1349 2018 1476 2077 ratione
1490 2036 1585 2097 pecu·

388 2104 517 2163 niarum
546 2108 680 2162 tuarum
704 2101 748 2162 ab
774 2101 913 2181 Hayone
937 2099 1106 2178 Camynga
1133 2119 1194 2179 pro
1219 2106 1253 2160 te
1277 2106 1495 2180 acceptarum.
1538 2100 1587 2161 Ys

388 2185 557 2265 respondit
571 2184 633 2245 tibi
647 2203 706 2264 pro
721 2184 771 2244 his
785 2190 820 2245 et
834 2184 906 2244 aliis
920 2184 988 2244 tuis
1002 2182 1101 2243 rebus
1117 2189 1207 2243 certo
1222 2183 1398 2244 tabellione
1412 2183 1475 2244 tibi
1488 2184 1588 2244 misso

389 2268 591 2329 satisfecisse.
636 2267 814 2328 Misitmihi
823 2264 1264 2347 epistolamateReginaldo
1273 2266 1355 2327 Polo
1365 2265 1586 2346 dirigendam

390 2371 490 2430 quam
506 2352 672 2411 transmisi
686 2350 841 2412 Castrico.
1601 2360 1634 2410 40

432 2434 511 2495 Vale
526 2435 712 2495 charissime
727 2433 865 2494 Domine
879 2433 1015 2495 Erasme
1030 2430 1124 2511 longe
1139 2432 1219 2493 felix
1232 2437 1268 2494 et
1282 2452 1426 2513 prosper.

431 2519 482 2578 Ex
497 2518 672 2597 Anuerpia.
690 2518 771 2577 xvi⁸.
786 2517 939 2577 Ianuarii.
958 2530 1049 2593 1532.

1121 2600 1212 2661 Tuus
1226 2600 1382 2660 Erasmus
1397 2598 1544 2662 Schetus.

397 2701 629 2767 ÷Doctissimo
650 2700 795 2779 mihique
813 2700 1008 2761 amicissimo
1029 2700 1100 2760 viro
1118 2699 1260 2761 Domino
1277 2700 1414 2761 Erasmo
1432 2699 1586 2761 Rottero·

389 2785 496 2845 damo.
541 2783 699 2863 Friburgi.
1601 2793 1635 2844 45

651 2976 752 3036 2594.
799 2971 907 3036 Facu
923 2970 1077 3036 Vroarus
1093 2969 1321 3036 Zuronauos.

428 3076 518 3130 VZE.
534 3092 579 3130 22.
1345 3074 1463 3129 Padus.

1260 3163 1294 3219 17
1307 3150 1452 3220 January
1468 3164 1550 3218 1532·

390 3253 580 3370 H[lbekduto
597 3253 621 3303 is
637 3252 793 3382 copfirmsd
809 3251 849 3317 by
865 3251 983 3317 Viglius'
1001 3267 1066 3303 own
1083 3257 1206 3302 account
1222 3251 1253 3303 oi
1270 3252 1314 3302 his
1331 3258 1521 3310 movements3
1544 3267 1590 3302 see

420 3336 492 3385 oync
527 3334 546 3369 1.
560 3337 579 3377 r,
593 3336 622 3384 p.
638 3334 677 3369 11.

432 3402 598 3463 Errsroas
613 3407 682 3474 tua,
696 3401 914 3462 eruditissime
932 3401 1077 3474 Erasme,
1098 3420 1198 3479 quam
1216 3420 1326 3462 mense
1346 3399 1526 3462 Nouembri
1545 3376 1590 3461 ad

390 3506 442 3547 me
464 3487 631 3565 scripsisti,
653 3483 803 3546 Calendis
826 3485 987 3546 Ianuariis
1004 3485 1085 3546 mihi
1101 3491 1153 3546 est
1172 3485 1311 3558 reddita,
1327 3504 1427 3563 quam
1442 3483 1590 3563 profecto

391 3570 462 3630 loco
476 3570 679 3648 gratissimae
698 3575 826 3629 strenae
843 3569 963 3648 accepi,
982 3567 1069 3629 vnde
1087 3570 1187 3629 etiam
1210 3569 1337 3629 ominor
1358 3568 1445 3628 hunc
1467 3586 1588 3628 annum

391 3652 470 3713 mihi
495 3653 538 3713 ad
564 3659 659 3713 tuum
689 3670 832 3712 amorem
862 3651 1069 3713 retinendum
1099 3651 1424 3730 confirmandumque
1452 3650 1590 3711 feliciter

391 3754 626 3816 processurum.
670 3734 741 3813 Ego
755 3734 836 3795 nihil
851 3736 954 3796 sciens
968 3737 1132 3807 omittam,
1144 3735 1233 3813 quod
1248 3741 1341 3796 tuam
1353 3733 1589 3813 benignitatem
1603 3760 1620 3812 5

390 3819 478 3879 alere
492 3825 592 3896 atque
607 3838 726 3897 augere
740 3838 816 3897 erga
831 3838 882 3879 me
897 3819 1010 3898 possit.
1055 3818 1105 3879 De
1119 3818 1234 3879 itinere
1254 3837 1332 3899 meo,
1346 3819 1412 3878 iam
1429 3823 1528 3878 antea
1546 3816 1590 3877 ad

391 3909 425 3962 te
440 3903 561 3981 scripsi.
606 3901 750 3963 Venetiis
764 3900 869 3962 solum
884 3902 1064 3981 Egnatium
1078 3902 1177 3962 variis
1188 3901 1295 3963 adhuc
1306 3902 1444 3979 negotiis
1455 3900 1589 3979 implici-

392 3992 456 4058 tus,
480 3992 581 4064 atque
605 3986 705 4046 etiam
731 3985 872 4063 ignotus,
898 3991 933 4046 et
961 3983 1091 4064 linguae
1118 3986 1250 4063 ignarus
1278 3985 1426 4045 conueni.
1469 3983 1591 4044 Audiui

392 4075 503 4129 tamen
518 4067 725 4147 profitentem
737 4068 839 4140 illum,
852 4068 909 4129 sed
920 4068 1027 4129 surdis
1037 4067 1192 4147 pleraque
1201 4067 1353 4128 auribus:
1373 4086 1448 4128 cum
1457 4066 1591 4127 Italicas

391 4150 530 4213 fabellas
545 4150 739 4212 lectionibus
753 4151 880 4231 prolixe
890 4151 1068 4212 admiscere
1079 4150 1194 4224 soleat,
1206 4151 1310 4212 latino
1320 4158 1432 4212 tamen
1443 4168 1591 4211 sermone
1607 4179 1638 4216 10

391 4255 457 4295 non
473 4237 579 4294 minus
594 4234 755 4295 facundus
769 4253 807 4296 ac
820 4235 970 4296 disertus.
1015 4233 1078 4295 Sed
1089 4236 1135 4295 sic
1145 4240 1278 4314 captare
1290 4233 1423 4295 videtur
1432 4232 1592 4294 nobilium

391 4318 579 4378 auditorum
608 4318 880 4391 beneuolentiam,
906 4317 996 4400 apud
1020 4336 1103 4396 quos
1127 4317 1250 4378 scilicet
1277 4317 1454 4378 vernacula
1481 4316 1593 4395 lingua

392 4403 533 4481 pretium
545 4421 611 4462 non
621 4402 782 4462 mediocre
792 4400 930 4462 obtinet.
975 4401 1016 4462 In
1025 4400 1164 4462 Asulani
1174 4401 1312 4462 taberna
1323 4399 1455 4461 sordida
1463 4404 1593 4479 prostat

671 4511 745 4561 2594.
763 4526 788 4571 9.
807 4517 905 4561 tamen
917 4512 973 4572 (till
985 4510 1166 4574 comprimor:
1184 4515 1214 4560 te
1230 4509 1311 4560 Vsu.

426 4629 499 4678 2593.
519 4642 559 4690 39.
577 4626 729 4693 epistolam
744 4663 751 4676 .
768 4664 774 4676 .
791 4664 798 4678 .
813 4626 894 4689 Polo]
908 4626 965 4693 Ep.
1016 4627 1097 4676 three
1125 4631 1272 4676 sentences
1295 4625 1345 4675 ‘In
1369 4624 1593 4675 Asulsni...in

392 4700 474 4757 ²5²6:
493 4694 528 4744 ci.
542 4694 596 4759 Ep.
610 4708 685 4757 2530.
700 4698 760 4745 1611.
1016 4692 1477 4755 manibus'‚ll.13—17,hsvebeen
1489 4707 1592 4757 appro-

425 4762 500 4811 2594.
522 4776 544 4810 1.
562 4761 586 4810 E
608 4761 703 4822 istola]
715 4760 775 4811 Not
786 4765 897 4812 extant.
1018 4759 1139 4825 priated,
1156 4759 1227 4809 with
1244 4759 1294 4809 the
1311 4759 1418 4823 change
1437 4758 1468 4808 oi
1490 4774 1544 4808 one
1561 4774 1593 4810 or

426 4842 450 4892 7.
468 4827 579 4891 scripsi]
588 4776 627 4877 in
638 4827 693 4892 Ep.
706 4829 781 4890 2568.
1017 4833 1075 4876 two
1090 4825 1182 4876 words
1198 4825 1274 4890 only,
1292 4825 1331 4889 by
1345 4824 1490 4889 Cognatus
1503 4825 1533 4875 in
1548 4824 1594 4874 his

428 4910 467 4958 13.
487 4893 605 4944 Asulani
617 4894 748 4955 taberna]
757 4894 817 4944 The
825 4893 966 4944 reference
1017 4899 1139 4943 account
1165 4892 1194 4943 oi
1219 4891 1323 4941 Venice
1345 4893 1375 4941 in
1399 4890 1594 4955 Tcpooropbio

392 4962 416 5011 is
427 4968 459 5012 to
470 4963 521 5011 the
532 4961 663 5026 colloquy
676 4960 823 5025 opulentia
836 4959 965 5020 Sordida,
1015 4959 1179 5010 Italieamm
1186 4958 1300 5022 Aliquot
1307 4957 1463 5009 ciuitatum
1471 4957 1547 5024 (cog.
1558 4957 1592 5008 Ε.

392 5030 455 5079 first
475 5028 626 5094 published
646 5029 676 5078 in
696 5027 774 5093 Sept.
797 5040 871 5091 1531.
905 5027 966 5078 The
1016 5027 1035 5087 i,
1047 5041 1077 5092 p.
1089 5027 1160 5091 383).
1195 5024 1511 5091 SeeEp.2632introd.
