4042 5900
316 670 411 746 ²520]
706 670 829 733 FROM
850 670 1093 735 SIGISMUND
1115 671 1133 733 I
1450 671 1510 733 317

442 844 669 891 sioisnvnovs
683 846 696 891 1
711 846 781 891 REX
796 845 966 892 nonomen
981 846 1117 892 miro
1131 845 1387 893 aomnnooaffl

359 952 581 1016 Coouovnivs
609 955 769 1016 traditum
797 974 867 1017 esse
891 955 925 1015 in
949 955 1199 1017 contubernium
1224 959 1259 1016 et
1283 974 1395 1017 curam
1421 961 1514 1016 tuam

317 1035 419 1096 filium
441 1038 586 1115 generosi
607 1036 751 1100 Seuerini
773 1037 888 1111 Boner‚
911 1037 1084 1119 Burgrauii
1105 1045 1140 1099 et
1160 1038 1317 1118 praefecti
1337 1038 1514 1100 salinarum

317 1126 503 1180 nostrarum
524 1119 710 1183 Oracouier’i.
733 1121 837 1184 fidelis
858 1121 978 1195 dilecti,
1001 1141 1099 1201 quem
1121 1141 1195 1183 cum
1217 1127 1351 1202 propter
1373 1121 1515 1201 plurima

318 1203 421 1281 patrie
441 1202 481 1263 de
500 1203 594 1265 nobis
613 1205 730 1265 merita
748 1224 939 1285 cuperemus
958 1206 1095 1266 inomni
1109 1205 1235 1266 virtute
1249 1204 1413 1285 proficere,
1428 1224 1513 1267 com·

318 1285 510 1347 mandamus
524 1287 586 1347 tibi
599 1287 692 1349 illum
709 1294 745 1349 et
762 1287 874 1349 studia
892 1287 988 1361 illius,
1003 1294 1101 1367 teque
1120 1287 1292 1350 hortamur
1309 1295 1345 1349 et
1364 1307 1544 1367 rogamuss

318 1374 357 1429 vt
367 1375 479 1430 nostra
490 1390 589 1432 causa
599 1370 692 1432 illum
702 1372 751 1433 ita
765 1371 978 1433 erudiendum
993 1390 1094 1445 cures,
1106 1377 1145 1432 vt
1158 1375 1193 1433 et
1207 1372 1295 1451 patri
1308 1371 1515 1451 familiaeque

319 1471 397 1513 suae
419 1452 533 1514 honori
555 1460 590 1515 et
612 1455 706 1515 nobis
728 1456 802 1516 veni
826 1455 1004 1534 aliquando
1027 1474 1096 1516 esse
1119 1456 1241 1535 possit;
1270 1474 1426 1534 quorem
1449 1474 1516 1516 non

319 1537 427 1596 minus
441 1542 474 1596 te
489 1536 621 1616 dignam
636 1557 735 1617 quam
749 1538 844 1600 nobis
858 1545 986 1617 gratam
1000 1537 1191 1618 praestabis.

362 1618 486 1679 Datum
500 1622 533 1680 in
548 1622 684 1682 ciuitate
695 1628 809 1682 nostra
818 1620 1025 1683 Oraoouiensi
1035 1621 1088 1682 die
1099 1621 1224 1683 decima
1234 1622 1375 1702 septima
1385 1622 1516 1700 augusti

320 1702 414 1762 Anno
437 1702 568 1764 Domini
589 1704 761 1766 millesimo
782 1706 1040 1784 quingentesimo
1067 1704 1261 1784 ttrigesimo,
1284 1704 1389 1785 Regni
1414 1705 1517 1765 nostri
1532 1722 1564 1758 10

319 1785 415 1846 Anno
429 1787 583 1866 vigesimo
598 1789 724 1866 quinto.

667 1869 857 1933 Commissio
872 1869 988 1933 Sacrae
1003 1871 1124 1951 Regiae
1138 1871 1320 1933 Maiestatis
1334 1871 1474 1952 propria.

621 2173 720 2233 2521.
768 2167 876 2233 Fsoii
890 2168 1016 2233 Parra
1030 2168 1220 2234 Tomcm.

359 2303 499 2359 Warsaw
512 2303 576 2359 MS.
590 2305 667 2359 Teki
680 2304 847 2376 Gorskiego
863 2321 944 2377 1494.
1262 2304 1424 2451 Affiw.

1214 2394 1248 2449 17
1399 2396 1480 2451 1531.

359 2507 396 2567 [Α
414 2506 597 2572 roughdratt
614 2507 654 2572 by
668 2521 687 2557 a
702 2513 845 2572 weretary
860 2508 890 2557 in
905 2507 956 2557 the
972 2507 1124 2572 Zamoyaki
1139 2506 1246 2572 library
1256 2513 1289 2558 at
1301 2507 1436 2567 Warsaw,
1449 2508 1520 2558 with

324 2574 495 2624 corrections
507 2575 630 2639 perhaps
642 2574 682 2639 by
693 2574 743 2625 tbe
754 2590 832 2624 same
844 2573 930 2624 band.
965 2574 1001 2623 In
1017 2573 1147 2625 addition
1162 2574 1243 2625 there
1258 2589 1306 2624 are
1322 2576 1417 2639 copies
1428 2575 1458 2625 in
1469 2576 1520 2625 the

321 2640 431 2704 Corpus
444 2641 717 2692 Nomezewr'cionum
728 2648 761 2691 at
772 2641 885 2691 Craoow
896 2641 954 2691 and
965 2640 1053 2691 intbe
1064 2640 1224 2705 Leningrad
1235 2640 1292 2691 iis.
1302 2641 1365 2692 Lat.
1376 2642 1406 2691 F.
1417 2654 1464 2706 145
1473 2641 1519 2700 K;

322 2708 372 2756 the
388 2708 516 2757 variants
531 2708 561 2757 oi
577 2708 647 2757 both
662 2709 758 2773 copies
773 2723 840 2771 may
854 2708 890 2757 be
905 2706 1060 2772 neglected.
1095 2707 1155 2756 The
1173 2707 1259 2758 letter
1273 2723 1331 2757 was
1349 2708 1464 2773 printed
1481 2708 1521 2773 by

322 2774 502 2824 bliaakowslii
513 2775 586 2824 from
602 2774 659 2824 ΟΝ.
672 2775 730 2825 and
746 2774 786 2839 by
797 2773 996 2825 Wienbowski
1008 2774 1038 2823 in
1049 2773 1205 2838 Maeryaiy
1216 2774 1251 2825 do
1264 2774 1374 2839 dziejoro
1387 2773 1520 2839 pumico-

322 2841 422 2890 nictwa
431 2841 579 2904 pelsks'eqn
595 2856 619 2899 i,
633 2855 707 2901 1900,
719 2857 748 2906 p.
761 2853 818 2904 325.

356 2908 416 2958 The
427 2908 494 2958 date
506 2909 531 2959 is
541 2908 695 2960 confirmed
705 2909 746 2975 by
755 2908 834 2959 John
845 2907 963 2959 Boner’s
974 2907 1042 2958 visit
1053 2913 1085 2959 to
1096 2906 1253 2969 Erasmus]

358 3031 486 3076 rnrnvs
500 3032 659 3078 romcivs
673 3031 852 3077 nrrscorvs
867 3031 1111 3077 cnioovmnsrs
1125 3017 1269 3093 a<non1>
1284 3019 1490 3094 r<oaon1iii>

553 3115 896 3173 wonomonmmva
912 3115 1048 3160 BBASMO
1062 3113 1292 3161 mansonario

365 3224 445 3285 Ersi
470 3225 535 3286 iam
560 3224 686 3286 dudum
700 3224 808 3286 nullas
832 3244 853 3285 a
877 3230 911 3285 te
935 3224 1113 3304 acceperim
1139 3224 1277 3297 litterae,
1302 3224 1446 3297 Brome,
1472 3225 1523 3285 vir

324 3313 414 3368 etate
430 3313 544 3369 nostra
560 3309 827 3388 prestantissima,
844 3313 879 3369 te
898 3312 1009 3368 tamen
1028 3327 1144 3369 sanum
1162 3326 1232 3368 esse
1252 3313 1287 3369 et
1307 3313 1396 3369 recte
1415 3307 1522 3369 valere

324 3411 365 3452 eii
391 3392 487 3452 certis
512 3392 706 3465 hominibus,
730 3392 788 3471 qui
812 3391 909 3452 istinc
934 3390 1126 3463 adueniunt,
1151 3391 1308 3452 intellexi.
1352 3390 1447 3464 Quod
1470 3410 1524 3452 me

324 3476 479 3535 maiorem
501 3476 536 3535 in
560 3475 694 3536 modum
715 3474 877 3547 delectat;
906 3475 1046 3535 amicum
1073 3475 1159 3535 enim
1183 3479 1254 3535 tam
1283 3474 1399 3554 insigni
1426 3473 1524 3536 laude

324 3565 360 3619 et
384 3558 552 3619 cumulata
574 3559 698 3619 virtute
721 3564 830 3638 preter
853 3565 886 3619 te
909 3556 1015 3618 habeo
1034 3559 1205 3620 neminem.
1250 3556 1344 3631 Quod
1365 3576 1443 3618 vero
1464 3568 1553 3637 egos

326 3642 387 3702 tibi
415 3643 519 3702 rarius
547 3660 677 3720 quoque
705 3641 854 3715 scribam,
880 3660 946 3703 non
970 3660 1044 3702 mea
1069 3641 1233 3715 voluntas,
1256 3641 1313 3702 sed
1338 3647 1524 3722 temporum

325 3726 524 3805 presentium
545 3726 662 3785 misera
683 3725 830 3786 condicio
850 3731 886 3786 et
906 3730 1015 3785 status
1036 3723 1247 3786 turbulentus
1265 3725 1300 3786 in
1319 3743 1417 3786 causa
1435 3731 1523 3797 sunt,

326 3808 445 3887 quibus
469 3808 660 3887 plerumque
684 3809 794 3870 animo
816 3809 865 3869 ita
889 3807 1053 3881 incumbo,
1077 3813 1117 3868 vt
1140 3827 1193 3870 me
1216 3808 1322 3870 officia
1345 3808 1524 3869 amicorum

327 3898 505 3970 vtcumque
532 3892 675 3952 inuitum
702 3891 861 3972 negligere
889 3894 1051 3972 oporteat.
1093 3890 1190 3954 Nunc
1218 3910 1293 3952 cum
1320 3897 1440 3952 nactus
1463 3892 1525 3952 sim

326 3976 489 4047 nuntium,
505 3977 709 4036 committere
725 3974 816 4036 nolui
835 3975 915 4054 quin
934 3973 978 4034 ad
996 3980 1032 4036 te
1050 3973 1175 4053 aliquid
1196 3974 1381 4036 litterarum
1403 3974 1524 4047 darem,
1540 3985 1572 4022 10

326 4060 495 4138 presertim
517 4078 591 4119 cum
613 4058 656 4119 ad
678 4058 883 4119 scribendum
904 4058 1020 4130 officio,
1042 4057 1131 4136 qued
1155 4057 1333 4120 clarissimo
1357 4064 1392 4118 et
1416 4059 1526 4137 magni

327 4141 465 4202 nominis
479 4147 514 4202 et
527 4143 735 4203 auctoritatis
749 4141 839 4221 apud
852 4160 912 4202 nos
926 4141 997 4202 viro
1012 4140 1144 4203 domino
1157 4140 1311 4203 Seuerino
1321 4141 1429 4203 Boner
1438 4141 1526 4220 patri

327 4227 421 4286 istius
442 4226 535 4304 pueri
553 4224 694 4298 Ioannis,
713 4225 770 4304 qui
791 4225 825 4285 in
844 4230 904 4286 tuo
923 4223 1137 4286 contubernio
1155 4228 1217 4298 est,
1231 4223 1344 4298 debeo,
1359 4243 1525 4304 prouoeer.

328 4310 362 4370 Is
378 4309 465 4368 enim
485 4327 559 4368 cum
576 4328 618 4369 ex
635 4307 831 4387 quibusdam
849 4309 1013 4388 cognouit,
1028 4313 1063 4369 te
1081 4309 1146 4369 mei
1159 4308 1433 4370 studiosissimum
1446 4326 1526 4381 esse,

328 4393 448 4471 petiuit
465 4412 485 4452 a
502 4410 554 4452 me
571 4397 610 4452 vt
627 4391 670 4453 ad
685 4397 719 4452 te
736 4393 770 4452 in
787 4390 1104 4452 commendacionem
1123 4391 1182 4452 filii
1199 4390 1325 4470 aliquid
1344 4391 1525 4453 scriberem.
1541 4401 1573 4452 15

328 4474 422 4548 Quod
438 4494 512 4535 cum
526 4480 561 4535 et
575 4494 634 4554 ego
648 4474 747 4535 michi
760 4475 908 4536 conscius
921 4493 1024 4535 essem
1039 4476 1157 4553 quanti
1171 4480 1205 4535 te
1219 4474 1369 4548 iacerem,
1384 4480 1419 4535 et
1433 4481 1527 4535 tuam

328 4578 403 4637 erga
425 4577 477 4618 me
498 4558 758 4619 beneuolentiam
779 4563 934 4638 expertus
954 4576 1068 4632 essem,
1089 4557 1267 4619 liberaliter
1288 4576 1340 4618 me
1360 4557 1528 4619 facturum

329 4643 443 4721 recepi.
480 4640 586 4714 Quare
597 4640 789 4703 commendo
797 4640 860 4702 tibi
868 4659 997 4703 summo
1007 4641 1119 4702 studio
1129 4660 1277 4721 puerum,
1287 4660 1383 4720 quem
1394 4646 1528 4720 propter

328 4725 488 4803 egregiam
503 4724 590 4786 illius
604 4724 746 4786 indolem
759 4731 796 4786 et
808 4725 913 4804 patris
926 4725 1085 4786 virtutem
1100 4730 1135 4786 et
1148 4725 1417 4802 amiciciamque
1430 4723 1529 4784 michi

329 4835 529 4952 itinn
540 4842 603 4886 “m
614 4831 884 4965 tibiatis
894 4847 978 4950 213²·
995 4831 1029 4897 ⁶²
1047 4833 1173 4900 W*
1263 4833 1338 4884 ²⁶²¹·
1355 4847 1381 4894 ⁹·
1399 4832 1527 4884 Μ·

509 4997 557 5000 .-
577 5034 652 5084 seso.
670 5047 695 5085 2.
713 5033 841 5085 saeui
850 5032 1085 5100 somissnp.
1098 5031 1281 5098 2533ine0e
