4042 5900
508 671 568 732 111
833 668 1032 732 usuram
1054 668 1109 731 cr
1130 667 1336 733 1111111111
1611 674 1711 753 [1530

504 848 547 890 ex
572 828 634 889 Dei
656 830 762 908 gratia
784 830 1022 891 enarrationem
1047 828 1122 890 libri
1144 828 1359 903 Psalmorum,
1383 829 1428 891 ad
1451 832 1711 896 sacratissimam

506 910 596 973 illam
617 912 848 991 Apocalypeim
871 912 961 974 beati
984 912 1117 975 Ioannis
1137 911 1288 992 Apostoli
1307 919 1343 974 et
1364 913 1597 994 Euangelistae
1615 922 1709 979 trau·

507 996 607 1056 situm
622 995 806 1068 meditarer,
821 995 979 1057 iratribus
993 1002 1095 1075 atque
1112 997 1224 1057 amicis
1244 995 1419 1077 multiplici
1435 997 1470 1059 id
1488 999 1618 1061 ratione
1632 1019 1709 1062 ana·

478 1078 662 1141 §dentibus
684 1084 785 1157 atque
814 1079 857 1139 ad
885 1080 955 1140 eius
983 1078 1058 1140 libri
1082 1081 1322 1141 enarrationem
1350 1080 1458 1142 multo
1485 1100 1527 1143 ex
1556 1088 1710 1163 tempore

507 1161 693 1223 vehementi
707 1161 877 1240 desyderio
891 1162 1092 1235 ardentibus,
1108 1162 1211 1224 adieci
1225 1164 1371 1225 animum
1387 1165 1421 1225 in
1441 1166 1513 1245 ipsc
1531 1166 1599 1228 iam
1612 1185 1708 1246 prae·

505 1245 653 1306 lectionis
675 1245 809 1306 exordio
832 1251 871 1306 vt
892 1245 933 1306 de
958 1244 1032 1306 libri
1056 1246 1151 1306 huius
1173 1246 1377 1308 authoritate
1406 1253 1507 1326 atque
1536 1250 1609 1328 ipso
1636 1251 1710 1312 1111

505 1328 644 1390 authore
658 1330 748 1408 prius
762 1348 890 1408 agerem
909 1348 1009 1408 qnam
1029 1331 1063 1390 in
1082 1330 1321 1391 enarrationem
1335 1330 1554 1410 progrederer.
1598 1332 1709 1413 quue

505 1431 546 1473 eo
570 1413 673 1491 magis
697 1412 759 1473 hoo
781 1413 816 1472 in
839 1412 923 1473 libro
946 1411 1121 1474 videbatur
1143 1414 1369 1486 necessarium,
1394 1414 1483 1493 quod
1506 1414 1567 1476 hac
1590 1422 1710 1479 nostra

461 1508 494 1545 10
505 1501 704 1575 tempestate
718 1495 858 1575 improbi
873 1495 1007 1574 quidam
1021 1514 1160 1568 erronee,
1176 1497 1233 1574 qni
1252 1494 1371 1557 iudicio
1391 1502 1524 1559 sanctae
1538 1498 1708 1562 Ecclesiae

505 1579 619 1640 relicto
634 1579 815 1657 loquuntur
828 1597 1041 1657 quaecunque
1055 1580 1133 1658 ipsis
1147 1580 1218 1639 visa
1231 1577 1363 1651 fuerint,
1378 1585 1414 1640 et
1431 1586 1542 1642 mente
1556 1586 1709 1663 corrupti

505 1662 735 1742 blasphemant
758 1681 971 1741 quaecunque
994 1681 1059 1723 non
1082 1660 1315 1734 intellexerint,
1341 1662 1455 1724 multis
1483 1664 1589 1726 modis
1619 1665 1708 1729 libro

503 1745 580 1807 huic
594 1745 766 1806 detrahere
780 1745 1022 1825 conspiciantur
1030 1750 1066 1806 et
1079 1743 1176 1806 fidem
1191 1764 1320 1806 omnem
1329 1746 1507 1825 obrogare:
1530 1749 1588 1827 qui
1601 1749 1708 1811 etiam

503 1828 595 1889 libris
608 1829 726 1890 aeditis
746 1848 813 1890 non
828 1829 925 1890 veriti
944 1835 1023 1889 sunt
1040 1847 1182 1890 asserere
1196 1828 1316 1890 librum
1336 1829 1423 1890 hunc
1441 1848 1548 1909 neque
1561 1830 1707 1911 Aposto-

460 1921 491 1970 15
504 1912 603 1973 licum
617 1932 686 1973 esse
699 1931 806 1991 neque
821 1912 1062 1991 Prophetioum,
1077 1912 1144 1973 imo
1157 1931 1263 1992 neque
1277 1912 1436 1992 Apostolo
1449 1931 1556 1992 neque
1575 1912 1706 1995 Spiritu

503 2002 618 2058 sancto
632 1996 766 2075 dignum
780 1995 893 2056 videri.
937 1995 1048 2074 Atque
1063 1995 1097 2056 hi
1111 2014 1188 2056 sane
1202 1996 1269 2056 suis
1287 1995 1464 2057 latratibus
1478 2002 1514 2057 11
1532 1997 1706 2078 impuden-

504 2080 638 2140 tissimis
657 2079 827 2140 calumniis
845 2097 885 2140 eo
906 2098 974 2140 rem
994 2078 1158 2140 deduxere
1175 2085 1214 2139 vt
1232 2078 1323 2158 apud
1341 2098 1408 2140 non
1424 2099 1547 2159 paucos
1567 2086 1706 2161 ceptum

503 2163 548 2223 sit
569 2162 610 2223 de
631 2161 705 2224 libri
724 2161 821 2223 huius
840 2169 874 2224 et
893 2163 1032 2223 authore
1052 2169 1087 2224 et
1101 2162 1306 2223 authoritate
1320 2161 1485 2224 dubitari:
1508 2167 1706 2244 praesertim

502 2245 593 2325 quod
614 2245 657 2306 ob
678 2265 786 2307 rerum
810 2245 1043 2307 altissimarum
1065 2265 1149 2324 quae
1173 2245 1208 2306 in
1230 2245 1314 2306 libro
1334 2245 1505 2307 conclusae
1527 2254 1707 2311 seruantur

458 2349 491 2385 20
503 2328 728 2390 celsitudinem
742 2330 799 2390 vix
814 2330 1015 2408 paucissimis
1026 2329 1069 2390 ad
1080 2329 1177 2390 huius
1185 2328 1259 2389 libri
1270 2329 1520 2409 intelligentiam
1528 2332 1706 2412 contingat

503 2431 669 2485 accessus3
700 2413 810 2491 sicque
830 2416 882 2483 (vt
902 2431 968 2473 111
989 2412 1097 2473 solent
1118 2412 1264 2473 homines
1288 2412 1432 2473 multum
1455 2414 1536 2474 benc
1556 2414 1643 2476 affici
1662 2416 1706 2477 iis

502 2515 587 2575 quae
606 2514 672 2557 non
695 2496 809 2557 valent
830 2495 1022 2574 intelligere)
1048 2515 1130 2576 pene
1153 2496 1188 2556 in
1212 2495 1396 2574 neglectum
1417 2501 1452 2557 et
1472 2502 1705 2578 contemptum

501 2579 592 2659 apud
620 2598 685 2640 non
713 2598 835 2659 paucos
860 2580 970 2640 venire
998 2581 1108 2658 coepit
1135 2579 1357 2640 sanctissimae
1385 2578 1483 2641 huius
1510 2578 1704 2661 Scripturas

501 2663 695 2735 authoritas,
710 2668 745 2724 ct
759 2662 872 2725 debito
886 2662 968 2724 liber
981 2662 1104 2724 honore
1117 2661 1272 2723 fraudari.
1315 2661 1456 2742 Cupiens
1470 2664 1583 2742 itaque
1597 2666 1705 2744 (quod

456 2746 537 2816 25in
564 2766 617 2808 me
642 2751 739 2823 esset)
767 2746 1003 2807 ecclesiasticae
1026 2746 1123 2807 huius
1150 2751 1185 2807 11
1210 2765 1286 2807 vere
1314 2746 1488 2808 canonicae
1512 2744 1704 2828 Scripturas

502 2830 739 2891 authoritatem
762 2829 873 2909 aliqua
895 2849 936 2891 ex
954 2835 1048 2909 parte
1070 2829 1228 2891 aduersus
1250 2828 1381 2890 illorum
1402 2830 1563 2893 insaniam
1583 2830 1702 2894 coufir-

501 2933 600 2987 mare,
616 2914 806 2994 priusquam
825 2914 1064 2975 enarrationem
1086 2912 1286 2993 aggrederer,
1306 2917 1457 2975 veterum
1476 2933 1574 2995 super
1587 2913 1650 2978 hac
1665 2935 1704 2980 re

501 2999 680 3059 1111111111
702 2996 873 3076 diligenter
895 2997 1062 3070 consului;
1084 2997 1220 3076 etquid
1243 3003 1392 3058 veterum
1415 2998 1553 3077 quisque
1574 2998 1617 3060 de
1637 2998 1703 3063 hoc

502 3080 586 3143 libro
601 3080 706 3160 deque
720 3080 859 3141 authore
874 3081 1025 3141 sensisset
1039 3081 1211 3160 diligenter
1224 3086 1259 3142 et
1273 3080 1411 3141 sollicite
1425 3081 1634 3160 perlustraui.

455 3187 489 3238 30
543 3163 625 3225 Cum
640 3166 752 3242 itaque
769 3183 826 3243 per
841 3165 950 3224 omnia
964 3163 1102 3225 sollicite
1119 3163 1269 3242 vagando
1283 3162 1484 3242 singulorum
1498 3169 1534 3226 11
1547 3172 1702 3229 veterum

500 3253 536 3308 11
556 3249 772 3308 recentiorum
795 3249 974 3308 sententias
993 3254 1094 3326 atquc
1116 3247 1235 3308 iudicia
1255 3248 1484 3326 perquirerem,
1505 3247 1640 3310 tandem
1654 3250 1702 3311 ad

499 3330 619 3392 librum
643 3331 904 3391 Annotationum
930 3337 1063 3391 tuarum
1090 3334 1142 3406 (ne
1161 3330 1243 3390 nihil
1266 3330 1354 3409 quod
1376 3330 1420 3391 ad
1439 3349 1507 3391 rem
1531 3331 1701 3394 attinebat

500 3415 698 3491 omitterem)
722 3415 865 3493 perueni.
910 3413 1014 3487 Quem
1039 3434 1114 3475 cum
1132 3413 1303 3492 diligenter
1322 3413 1543 3487 reuoluissem,
1558 3415 1593 3475 in
1609 3415 1702 3478 calce

500 3498 604 3559 totius
626 3498 732 3577 operis
754 3497 916 3577 prolixum
938 3496 1105 3575 quoddam
1126 3502 1399 3558 annotamentum
1413 3498 1558 3577 repperi;
1579 3498 1614 3558 in
1631 3517 1701 3578 quc

453 3610 486 3661 35
500 3581 606 3643 multa
617 3587 687 3641 tam
696 3581 806 3659 quoad
817 3582 922 3659 operis
932 3580 1170 3641 authoritatem
1182 3600 1281 3659 quam
1293 3580 1402 3659 quoad
1413 3581 1513 3660 ipsius
1525 3580 1701 3644 authorem

499 3670 653 3744 congesta
672 3665 792 3737 inueni,
810 3683 894 3742 quae
912 3670 1028 3725 contra
1044 3663 1140 3725 huius
1155 3663 1230 3725 libri
1243 3663 1481 3725 authoritatem
1495 3664 1563 3724 siue
1578 3664 1699 3727 autho·

498 3767 567 3809 rem
582 3747 791 3808 vehementer
805 3747 910 3808 lacere
925 3748 1140 3820 videbantur;
1162 3746 1398 3826 cernebamque
1411 3765 1450 3808 11
1460 3748 1495 3807 in
1505 3746 1578 3808 loco
1592 3747 1700 3810 veluti

499 3832 533 3892 in
547 3850 701 3892 aceruum
712 3836 866 3910 congesta
876 3849 1090 3909 quaecunque
1105 3837 1220 3891 contra
1230 3831 1359 3891 obiecta
1372 3829 1549 3909 aliquando
1563 3831 1700 3894 fuerant

498 3920 559 3976 aut
573 3915 668 3976 obiici
683 3934 776 3993 posse
790 3913 997 3976 videbantur.
1042 3912 1176 3994 Singula
1186 3933 1272 3987 vero,
1287 3914 1387 3975 etiam
1402 3932 1487 3992 quae
1501 3933 1542 3974 ex
1556 3913 1699 3977 aliorum

453 4030 487 4082 40
499 3999 663 4059 sententia
679 3996 937 4070 adducebantur,
960 3999 1043 4058 mira
1064 3997 1207 4076 quadam
1233 3997 1407 4058 verborum
1428 3996 1638 4059 vehementia
1662 4005 1699 4060 et

499 4082 735 4142 sententiarum
754 4080 896 4161 pondere
911 4081 1109 4142 videbantur
1128 4087 1323 4160 exaggerata
1338 4085 1439 4158 atque
1452 4079 1586 4142 mirifice
1599 4081 1696 4144 ador·

498 4170 597 4238 nata3
620 4166 668 4225 ita
682 4170 721 4224 vt
735 4165 883 4244 quisquis
894 4164 955 4225 hoo
966 4170 1239 4226 annotamentum
1249 4163 1447 4243 perlegisset,
1456 4183 1524 4225 non
1532 4165 1698 4242 potuisset

498 4267 566 4310 uon
576 4248 786 4309 vehementer
800 4267 898 4328 super
912 4248 1008 4309 huius
1019 4247 1094 4308 libri
1107 4247 1311 4308 authoritate
1323 4253 1425 4325 atque
1438 4245 1578 4308 authore
1592 4247 1696 4309 addu-

498 4331 614 4393 bitare.
645 4331 731 4392 Pane
745 4337 858 4392 autem
872 4333 982 4392 omnia
993 4332 1074 4393 haec
1087 4338 1289 4410 argumenta,
1301 4332 1348 4392 ita
1363 4335 1489 4409 quanta
1502 4329 1572 4391 ficri
1582 4332 1697 4410 potuit

452 4451 485 4501 ⁴⁵
498 4413 737 4495 magnificentia
748 4420 782 4476 et
796 4415 1034 4476 sententiarum
1048 4416 1297 4494 exaggeratione
1307 4414 1485 4493 proposita,
1499 4413 1697 4477 indissoluta

498 4498 650 4560 videbam
659 4497 718 4559 abs
727 4504 761 4559 te
772 4498 920 4578 relinqui,
935 4518 1043 4578 neque
1057 4499 1231 4577 quicquam
1246 4497 1405 4559 aduersus
1419 4496 1547 4558 obiecta
1561 4496 1693 4560 adferri.

498 4579 662 4662 Obstupui
676 4601 751 4643 cum
765 4582 830 4642 ista
843 4583 948 4661 primo
962 4583 1122 4662 legerem3
1144 4587 1180 4642 11
1194 4581 1274 4661 quid
1287 4600 1426 4660 agerem,
1437 4581 1543 4660 primo
1557 4587 1694 4661 aspectu

498 4665 602 4727 veluti
626 4666 828 4745 perterritus,
851 4684 934 4745 pene
961 4665 1161 4745 ignorabam.
1214 4665 1341 4726 Tantus
1369 4670 1442 4725 erat
1469 4664 1634 4724 rationum
1659 4671 1695 4726 et

531 4907 555 4943 2.
574 4892 761 4953 Psalmorum]
783 4890 949 4957 Completed
971 4892 1001 4942 in
1021 4892 1071 4942 the
1155 4904 1196 4955 32.
1214 4890 1455 4950 Annotationum]
1463 4889 1508 4940 On
1516 4888 1586 4939 N.T.
1595 4889 1696 4942 fourth

496 4974 621 5010 summer
648 4959 679 5009 ci
708 4972 788 5023 15111
828 4974 874 5009 111
903 4957 1069 5009 Titelmans'
1120 4958 1242 5009 edition:
1263 4958 1484 5022 aeeEpp.1571.
1499 4969 1559 5016 111,
1574 4957 1648 5020 1789.

497 5027 588 5091 Epist.
601 5027 730 5090 11111711.
744 5026 809 5092 (up.
823 5027 909 5090 2245),
922 5026 956 5075 fo,
969 5026 994 5076 B
1005 5032 1049 5076 vu.
1152 5039 1192 5089 33.
1211 5025 1240 5075 in
1252 5024 1338 5086 calce]
1350 5025 1451 5075 Annot.
1466 5036 1540 5087 1527,
1552 5038 1581 5089 p.
1594 5036 1653 5088 709.
