4042 5900
426 643 488 704 260
752 639 951 704 LETTERS
972 640 1028 704 OF
1048 639 1254 704 ERASMUS
1532 644 1628 720 [1531

428 800 577 863 Christus
603 801 792 880 praecipiat,
822 807 861 862 vt
884 799 1156 862 maledicentibus
1180 800 1421 873 benedicamus,
1447 801 1506 862 isti
1530 801 1628 863 bane

429 890 610 946 merentem
642 903 710 944 non
742 883 898 945 desinunt
926 883 1111 946 maledictis
1138 885 1305 964 impetere,
1335 883 1536 963 quibuscum
1561 904 1629 947 non

430 973 482 1029 est
499 968 762 1047 operaeprecium
781 970 840 1046 [te]
863 967 1040 1029 decertare.
1083 967 1234 1047 Agnosco
1255 972 1488 1047 paupertatem
1508 987 1628 1042 meam,
1680 993 1682 998 ·

431 1051 489 1112 sed
517 1057 629 1111 tamen
661 1050 813 1130 exemplo
841 1050 960 1112 viduae
988 1051 1205 1128 euangelicae,
1235 1050 1302 1112 duo
1331 1052 1461 1112 minuta
1491 1051 1629 1113 conlerc

385 1135 466 1195 2oin
498 1134 658 1213 templum
690 1133 822 1195 domini.
875 1133 1049 1214 Rependet
1073 1133 1128 1195 ille
1156 1135 1349 1213 praemium,
1371 1135 1429 1213 qui
1458 1134 1552 1195 solus
1580 1135 1628 1196 in-

431 1218 583 1297 trospicit
607 1217 707 1278 corda
731 1223 856 1278 nostra.
899 1216 1090 1297 Complures
1115 1217 1277 1279 allatrant
1300 1218 1465 1295 vtrinque,
1492 1217 1554 1279 sed
1578 1218 1630 1279 his

430 1320 562 1381 oppono
591 1300 714 1361 multos
736 1306 771 1361 et
795 1300 941 1362 eruditos
966 1306 1002 1361 et
1024 1320 1160 1379 magnos
1183 1301 1263 1362 mihi
1287 1320 1329 1361 ex
1350 1301 1462 1362 animo
1485 1300 1629 1363 beneuo-

431 1384 546 1457 lentes,
577 1403 716 1462 quorum
748 1383 1034 1462 unumquemlibet
1064 1383 1167 1464 pluris
1202 1384 1288 1445 facio
1320 1385 1479 1445 trecentis
1509 1385 1629 1446 Vultu·

431 1469 487 1529 riis
512 1474 572 1529 aut
595 1466 800 1546 Bucephalis.
845 1467 979 1528 Vtinam
1004 1468 1061 1528 isti
1085 1468 1134 1527 ita
1156 1473 1307 1546 gererent
1330 1486 1398 1528 rem
1428 1472 1467 1528 vt
1492 1469 1631 1547 optimis

386 1569 418 1619 25
432 1550 615 1631 quibusque
644 1550 937 1630 comprobantibus
963 1570 1014 1611 res
1039 1549 1227 1611 Christiane
1252 1549 1432 1629 aliquando
1457 1551 1631 1631 redigetur

431 1634 475 1695 ad
498 1640 626 1695 statum
651 1634 817 1695 meliorem
843 1652 943 1712 quam
966 1634 1125 1694 hactenus
1148 1634 1222 1695 luit.
1266 1633 1353 1695 Nam
1378 1633 1434 1694 ille
1463 1636 1557 1714 prior
1581 1636 1631 1697 ita

431 1723 581 1779 mutatus
602 1723 654 1779 est
675 1718 709 1777 in
730 1717 906 1790 diuersum,
922 1722 962 1777 vt
983 1716 1063 1777 mihi
1085 1718 1173 1778 malo
1194 1716 1338 1796 quodam
1355 1719 1451 1797 genio
1472 1718 1631 1780 videatur

432 1801 573 1863 afflatus.
617 1800 797 1879 Bucephali
814 1799 909 1873 libro,
930 1819 1007 1861 nam
1027 1802 1055 1861 is
1076 1806 1149 1861 erat
1167 1806 1266 1861 autor
1283 1800 1344 1861 sub
1362 1800 1631 1864 ecclesiastarum

431 1884 516 1946 falso
545 1884 654 1956 titulo,
684 1883 765 1944 nihil
794 1902 940 1963 vnquam
969 1883 1032 1962 legi
1063 1883 1209 1945 stultius.
1262 1883 1471 1945 Prouocabat
1504 1904 1560 1946 me
1591 1891 1632 1945 vt

386 1988 420 2037 30
432 1968 571 2028 dicerem
587 1969 614 2027 si
629 1967 710 2046 quid
726 1985 856 2046 possem
875 1968 908 2027 in
928 1964 1227 2045 oecolampadium,
1243 1967 1278 2027 in
1295 1965 1509 2046 Capitonem:
1533 1970 1632 2047 quasi

432 2051 512 2112 mihi
532 2051 683 2112 deessent
700 2070 785 2129 quae
802 2050 953 2122 dicerem,
968 2051 997 2110 si
1016 2049 1097 2110 mihi
1113 2052 1338 2129 permitterem
1356 2070 1451 2130 agere
1469 2071 1630 2125 scurram,

432 2140 467 2195 et
481 2134 636 2213 quicquid
647 2134 747 2212 vulgo
760 2134 906 2194 iactatur
919 2134 954 2194 in
969 2133 1098 2195 litteras
1112 2135 1253 2194 mittere.
1283 2133 1407 2194 Narrat
1420 2133 1488 2194 illic
1503 2136 1631 2196 multas

432 2217 585 2279 historias
603 2224 673 2278 tam
688 2217 896 2296 impudenter
910 2236 1025 2289 venas,
1040 2223 1080 2276 vt
1094 2217 1156 2296 ipsi
1170 2218 1271 2277 etiam
1289 2217 1469 2296 euangelici
1486 2217 1630 2280 rideant.

475 2301 556 2361 Meis
571 2299 699 2362 duobus
714 2300 832 2362 libellis
847 2300 970 2361 multos
985 2301 1020 2360 in
1035 2319 1097 2373 me,
1109 2306 1148 2361 vt
1159 2299 1284 2372 scribis,
1296 2300 1427 2361 iritatos
1441 2302 1560 2374 sentin,
1573 2300 1632 2363 sed

387 2404 419 2454 35
432 2385 555 2446 alteros
580 2383 770 2445 conciliatos
794 2382 940 2444 nondum
960 2384 1076 2444 sentio.
1120 2383 1217 2443 Furit
1238 2383 1278 2443 N.
1297 2384 1508 2463 impotenter,
1530 2404 1632 2464 quem

433 2467 573 2529 antehae
602 2467 682 2528 mihi
713 2485 938 2547 persuaseram
971 2485 1041 2528 esee
1074 2468 1225 2527 amicum.
1270 2466 1422 2528 Lutetiae
1453 2468 1632 2530 excuditur

433 2552 547 2630 ingens
572 2550 728 2611 volumen
753 2551 930 2612 aduersum
955 2569 1008 2610 me
1033 2550 1133 2611 titulo
1160 2549 1319 2629 Principis
1344 2548 1544 2630 Carporum3
1573 2553 1631 2631 qui

433 2636 531 2715 periit
549 2653 662 2713 nuper,
678 2633 735 2695 sed
757 2634 818 2694 sub
839 2652 879 2695 eo
895 2634 1026 2694 nomine
1043 2632 1252 2693 Franciscani
1271 2639 1306 2693 et
1321 2632 1477 2712 Theolcgi
1492 2635 1631 2713 quidam

432 2718 604 2779 effundent
619 2737 680 2778 sua
694 2736 830 2778 venena.
874 2715 959 2789 Quin
974 2721 1009 2776 et
1024 2715 1138 2777 Bedda
1155 2718 1333 2796 resumptis
1351 2717 1522 2797 spiritibus
1536 2724 1631 2780 totus

387 2821 421 2872 4ο
433 2809 484 2863 est
504 2803 538 2862 in
556 2802 698 2880 negocio.
743 2800 835 2861 Haec
853 2805 932 2860 sunt
948 2819 1041 2860 meae
1057 2801 1235 2861 senectutis
1253 2800 1382 2873 solatia,
1398 2819 1498 2879 quam
1517 2808 1631 2863 tamen

433 2903 602 2964 nunquam
611 2883 741 2945 fatebor
755 2883 920 2957 afflictam,
930 2883 1088 2963 quamdiu
1099 2881 1265 2943 Christum
1281 2882 1426 2945 habuero
1438 2886 1631 2965 propitium.

433 2969 546 3030 Habes
571 2969 763 3029 thesaurum
787 2987 884 3046 quem
910 2987 978 3029 non
1003 2967 1148 3028 audebas
1171 2974 1292 3046 petere,
1315 2968 1488 3046 epistolam
1513 2988 1632 3049 prope-

434 3052 568 3112 modum
588 3053 694 3112 iustae
711 3052 957 3130 magnitudinis,
978 3070 1116 3129 eamque
1134 3056 1206 3111 tum
1227 3049 1430 3129 αὐτόγραφον,
1450 3057 1523 3112 tum
1542 3051 1632 3132 ἀρχέ-

434 3160 538 3208 τυπον,
562 3155 628 3196 vna
650 3154 723 3195 cum
746 3135 855 3196 lituris
877 3155 914 3195 ac
940 3134 1076 3195 mendis.
1121 3133 1263 3195 Posthac
1288 3153 1380 3194 meus
1403 3135 1633 3198 Vuinmannus

388 3238 421 3288 45
435 3225 576 3298 ponetur
590 3220 624 3278 in
639 3219 819 3279 amicorum
833 3218 992 3296 catalogo.
1037 3217 1126 3277 Bene
1141 3217 1224 3277 vale.

475 3302 626 3381 Friburgi
640 3302 806 3380 Brisgoiae
822 3301 870 3363 16.
887 3300 997 3362 Calan.
1014 3300 1119 3361 Maias
1134 3317 1304 3361 uunxxl.

728 3590 875 3672 2487²⁴⁹⁴
921 3584 974 3650 Το
997 3584 1173 3650 Esssnus
1198 3583 1347 3650 Seuere.

472 3713 590 3771 British
603 3714 745 3769 Museum
758 3713 822 3769 MS.
836 3714 917 3768 Add.
932 3715 1035 3783 38512,
1048 3714 1071 3768 f.
1086 3728 1132 3780 52.
1311 3710 1314 3715 ’
1378 3713 1536 3785 Freiburg.

1329 3791 1363 3843 18
1376 3789 1464 3860 April
1476 3797 1596 3858 <1531>.

468 3907 526 3969 [An
542 3907 661 3971 original
674 3907 768 3965 letter,
786 3907 947 3972 autograph
961 3906 1148 3971 throughout,
1162 3908 1285 3958 without
1296 3907 1450 3973 signatura,
1460 3909 1637 3975 apparently

434 3975 592 4038 answering
604 3989 622 4022 a
633 3975 719 4024 letter
735 3977 809 4024 irem
824 3974 932 4032 Schets,
944 3980 996 4024 not
1008 3979 1120 4024 extant.
1154 3974 1215 4023 The
1226 3975 1374 4038 year-date
1387 3990 1439 4024 can
1452 3975 1487 4024 be
1499 3976 1635 4040 supplied

435 4042 508 4092 from
522 4042 577 4106 Ep.
593 4055 668 4105 2494,
686 4041 737 4091 the
754 4040 858 4091 second
875 4040 1036 4105 paragraph
1052 4041 1082 4091 cf
1099 4041 1190 4090 which
1206 4041 1230 4090 is
1245 4040 1353 4106 plainly
1367 4043 1397 4090 in
1414 4056 1524 4091 answer
1539 4048 1573 4093 to
1590 4043 1633 4103 ie;

435 4109 474 4173 by
482 4108 660 4173 compariscn
671 4108 741 4157 with
749 4109 824 4173 Epp.
837 4122 913 4172 24ο4,
926 4122 1000 4172 2407·
1013 4122 1095 4173 2413;
1113 4108 1171 4157 and
1183 4109 1221 4172 by
1234 4108 1283 4157 the
1295 4108 1397 4158 details
1408 4109 1438 4158 ol
1450 4109 1500 4158 the
1511 4110 1636 4173 pension

435 4175 533 4225 ducto
545 4174 690 4234 Erasmus,
704 4190 736 4225 as
748 4175 809 4225 well
821 4191 853 4225 as
869 4176 908 4240 by
919 4174 1075 4240 Grynaeus’
1085 4174 1205 4239 journey
1217 4181 1248 4225 tc
1260 4175 1412 4239 England.]

477 4280 508 4342 S.
532 4280 567 4341 P.
611 4279 710 4354 Scito,
733 4283 779 4342 mi
804 4281 930 4354 Schete,
953 4281 1083 4342 litteras
1109 4300 1191 4359 ques
1218 4282 1332 4342 scribis
1358 4288 1393 4342 te
1418 4282 1482 4342 huc
1506 4283 1636 4346 misisse

436 4383 548 4426 mense
572 4364 746 4425 Decembri
770 4365 851 4425 mihi
876 4384 944 4426 non
969 4384 1041 4426 esse
1063 4364 1219 4437 redditas,
1246 4384 1305 4425 nec
1331 4386 1351 4426 a
1366 4364 1406 4426 D.
1436 4364 1562 4426 Ioanne
1593 4367 1636 4430 de

435 4447 563 4519 Hondt,
580 4466 640 4508 nec
662 4468 683 4508 a
704 4447 863 4521 Barbirio,
879 4468 938 4510 nec
960 4468 981 4509 a
999 4448 1188 4509 Molendinc
1209 4448 1278 4508 vlla
1296 4448 1425 4528 perlate
1445 4454 1497 4509 est
1514 4448 1558 4510 ad
1580 4470 1636 4512 me

469 4599 543 4647 2486.
562 4602 603 4648 26.
622 4598 668 4648 ille
679 4598 765 4662 prior]
777 4597 982 4650 Celdenhaner.
1092 4613 1107 4662 3
1110 4611 1133 4660 5.
1151 4599 1179 4649 Ν
1181 4599 1200 4660 .]
1212 4599 1338 4664 Perhaps
1350 4598 1499 4649 Aleander.

470 4667 510 4715 28.
529 4664 685 4730 Bucephali
699 4665 782 4725 libro]
797 4664 913 4716 Bucer's
924 4666 1007 4730 Epis·
1092 4666 1167 4715 2487.
1188 4681 1210 4714 1.
1228 4667 1350 4727 litteras]
1363 4666 1417 4731 Ep.
1431 4680 1505 4730 ²41³·

436 4732 492 4783 tola
499 4732 674 4795 Apolopue'ec
683 4750 690 4790 ;
709 4747 755 4781 sea
764 4732 839 4796 Epp.
857 4746 930 4792 1901,
943 4733 1009 4796 2238
1092 4746 1150 4795 ²·3·
1168 4732 1204 4782 de
1216 4733 1328 4793 Hondt]
1340 4733 1439 4783 Schets
1452 4733 1482 4783 in
1496 4733 1551 4798 Ep.
1566 4747 1635 4800 ²494

435 4798 560 4849 introdd.
1059 4814 1125 4864 says
1141 4799 1262 4863 nothing
1279 4799 1368 4849 about
1385 4815 1442 4864 any
1459 4800 1545 4849 letter
1557 4799 1635 4852 from

470 4879 511 4929 34.
530 4864 642 4914 duobus
663 4864 775 4925 libellis]
800 4864 860 4915 Τὴο
883 4864 1010 4929 Epistola
1060 4864 1213 4923 dechdt,
1222 4881 1274 4915 nor
1282 4866 1306 4915 is
1314 4866 1383 4916 such
1394 4880 1413 4915 a
1423 4866 1509 4916 letter
1519 4872 1634 4920 extant.

436 4939 529 4982 contra
540 4930 1008 4995 Pseudeuanqeliccsandthelteep.
1094 4945 1118 4995 3.
1136 4932 1265 4982 Barbirio
1284 4969 1290 4981 .
1310 4969 1316 4981 .
1336 4969 1342 4981 .
1360 4932 1533 4994 Molendino]
1555 4933 1634 5001 Epp.

436 4998 473 5048 cd
484 4998 594 5048 Fratres
605 4997 693 5049 Germ.
705 4998 758 5063 ins.
1060 5012 1135 5063 ²404·
1148 5012 1222 5064 2407.
1257 4999 1317 5049 Tha
1332 4998 1414 5062 delay
1425 4999 1449 5048 is
1463 4999 1587 5050 referred
1602 5008 1636 5053 to
