4042 5900
308 671 402 749 2549]
717 667 773 730 1ο
794 667 911 731 scau
932 667 1085 730 nouae
1443 671 1505 732 aas

307 855 418 896 amore
429 835 464 896 in
474 854 527 898 me
537 840 664 909 mutuo,
676 854 736 897 neo
747 835 930 898 studiorum
941 834 1114 897 alacritate
1124 834 1193 897 vllo
1203 854 1349 915 unquam
1359 842 1505 917 tempore

307 939 484 992 cessurum,
500 920 566 981 imo
581 920 694 999 potius
710 920 910 980 annixurum
927 924 967 979 vt
985 924 1126 998 utraque
1145 920 1180 980 in
1201 938 1235 979 re
1257 919 1334 980 licet
1354 922 1534 1000 gnauiters

307 1009 493 1063 currentem
505 1022 526 1063 a
537 1008 629 1081 tergo
643 1003 819 1082 relinquas.
862 1002 965 1063 Decet
978 1003 1075 1075 enirn,
1091 1008 1131 1062 vt
1145 1003 1202 1082 qui
1216 1004 1378 1064 maiorum
1392 1004 1504 1083 imagi-

307 1086 412 1157 nibus,
437 1087 564 1165 opibus,
588 1085 786 1165 reliquisque
815 1085 969 1146 fortunae
994 1085 1173 1147 commodis
1198 1086 1375 1159 antecedis,
1398 1086 1506 1148 multo

306 1170 409 1248 magis
424 1170 510 1230 varis
525 1168 589 1229 illis
603 1168 697 1230 bonis
711 1170 746 1229 in
760 1187 844 1248 quae
858 1169 1012 1230 fortunae
1026 1168 1119 1229 nulla
1132 1173 1183 1229 est
1193 1187 1351 1230 manuum
1363 1171 1504 1243 iniectio,

307 1253 455 1331 superior
470 1252 602 1314 eusdas.
646 1251 721 1313 Tibi
737 1252 904 1331 praelucet
921 1252 1047 1331 generis
1064 1251 1206 1325 claritas,
1225 1251 1378 1314 fortunae
1398 1254 1504 1333 splen·

307 1335 376 1408 dor,
392 1341 431 1395 vt
445 1336 510 1396 iam
528 1336 703 1397 cessationi
718 1335 828 1396 nullus
846 1336 891 1396 sit
907 1335 1007 1407 locus,
1023 1353 1123 1414 quam
1142 1336 1210 1414 ipse
1226 1337 1328 1396 etiam
1345 1336 1409 1397 tibi
1425 1338 1504 1398 iam·
1520 1362 1551 1398 10

306 1419 432 1479 dudum
464 1418 679 1498 praeclusisti,
709 1425 748 1479 vt
779 1420 836 1498 qui
867 1424 977 1479 aetate
1006 1424 1077 1479 tam
1110 1424 1223 1480 tenera
1251 1418 1336 1481 adeo
1366 1419 1505 1481 feliciter

307 1521 495 1581 progressus
521 1503 623 1563 eisin
648 1502 816 1563 Musarum
841 1503 974 1563 virecta.
1019 1501 1258 1582 Turpissimum
1282 1503 1369 1564 enim
1394 1502 1504 1577 fuerit,

306 1586 352 1645 mi
373 1586 509 1658 Bonare,
531 1586 559 1646 si
580 1604 683 1665 quum
704 1586 767 1646 tibi
787 1585 876 1646 Deus
897 1604 936 1646 ac
956 1590 1110 1665 parentes
1132 1586 1258 1665 optimi,
1277 1584 1321 1646 ad
1342 1605 1504 1647 summam

305 1669 525 1731 eruditionem
546 1670 772 1748 egregiamque
793 1669 952 1729 virtutem
972 1669 1085 1730 omnia
1102 1668 1231 1730 affatim
1250 1668 1504 1748 suppeditarim,

306 1753 471 1830 ingenium
483 1752 596 1825 docile,
611 1751 756 1814 indolem
770 1751 1000 1825 felicissimam,
1016 1753 1229 1831 pecuniarum
1244 1752 1321 1825 vim,
1337 1770 1421 1831 quae
1437 1772 1504 1815 non
1519 1778 1550 1827 ¹5

306 1837 416 1896 minus
435 1835 621 1897 studiorum
641 1836 735 1897 nerui
754 1839 842 1908 sunt,
861 1854 961 1913 quam
981 1834 1069 1908 belli,
1088 1835 1228 1914 denique
1248 1843 1503 1915 praeceptorem,

306 1938 372 1996 quo
387 1919 577 1992 doctiorem,
592 1918 844 1998 vigilantiorem,
860 1925 961 1997 atque
975 1919 1077 1979 etiam
1091 1920 1320 1991 amantiorem,
1333 1937 1373 1980 ne
1389 1926 1504 1999 optare

305 2002 437 2079 quidem
462 2003 577 2082 possis,
602 2007 676 2063 tute
701 2002 790 2064 solus
815 2001 877 2062 tibi
899 2001 1041 2062 defuisse
1065 2001 1217 2063 videaris.
1260 2001 1368 2076 Quum
1391 2004 1504 2082 itaque

306 2092 437 2147 tantam
451 2084 566 2146 multis
576 2085 766 2147 nominibus
781 2086 943 2145 sustineas
953 2087 1226 2164 expectationem,
1238 2104 1305 2147 non
1316 2087 1504 2147 committes

305 2168 546 2230 vteamfallas.
583 2167 678 2242 Quod
689 2170 718 2229 si
726 2187 814 2229 nunc
823 2168 935 2229 studia
943 2167 1094 2229 nonnihil
1105 2168 1195 2230 aloes
1205 2168 1326 2230 habere
1336 2169 1502 2242 videntur,
1516 2192 1550 2229 20

305 2253 414 2331 cogita
424 2258 587 2331 quantum
598 2251 791 2331 voluptatis,
801 2257 965 2329 quantum
976 2250 1098 2329 gloriae
1109 2252 1185 2313 hinc
1197 2253 1258 2312 tibi
1269 2254 1314 2313 sit
1324 2259 1502 2332 prouentu-

306 2354 389 2407 rum,
399 2354 501 2413 qunm
513 2334 606 2396 velut
616 2334 735 2396 auidus
746 2335 943 2413 negociator,
953 2333 1105 2395 lustratis
1116 2336 1289 2415 utriusque
1299 2334 1502 2409 Germaniae,

304 2417 432 2491 Italiae,
442 2417 632 2497 Galliaeque
645 2419 808 2497 emporiis,
820 2421 873 2479 tot
886 2417 1091 2479 eruditorum
1102 2417 1272 2480 hominum
1287 2419 1504 2481 contubernio

305 2520 393 2573 vsus,
406 2501 526 2562 redibis
538 2503 573 2562 in
584 2507 678 2562 tuam
689 2500 860 2563 Poloniam
872 2502 1019 2562 omnium
1030 2501 1277 2581 disciplinarum
1288 2521 1326 2563 ao
1337 2504 1503 2564 virtutum

305 2586 466 2645 mercibus
480 2585 606 2664 egregie
620 2584 851 2663 locupletatus.
889 2584 978 2645 Vale.
1516 2607 1548 2656 25

346 2668 498 2747 Friburgi
511 2667 626 2729 Natali
639 2668 680 2729 D.
696 2667 858 2729 Matthaei
873 2684 1043 2729 1111111111.

608 2956 768 3022 202550.
816 2955 922 3021 Facu
937 2954 1040 3022 Jorm
1056 2955 1195 3021 Boura.

342 3093 473 3148 Breslau
485 3092 550 3148 MS.
565 3093 666 3148 Rehd.
682 3108 747 3165 254.
762 3108 808 3162 32.
1249 3092 1351 3148 Basle.

1134 3182 1169 3235 25
1184 3167 1367 3239 September
1382 3184 1464 3238 1531.

337 3294 393 3356 [An
405 3294 524 3360 original
535 3294 629 3354 letter,
642 3295 783 3361 probably
793 3295 971 3360 autographz
990 3294 1105 3360 printed
1117 3293 1157 3359 by
1167 3293 1198 3345 C.
1210 3293 1392 3346 lfiaslrowslri
1405 3296 1434 3346 in
1451 3297 1502 3348 the

303 3362 466 3413 Paderborn
478 3362 524 3412 Jb.
532 3363 558 3426 s.
572 3362 750 3428 Philosophia
760 3378 809 3421 xv,
824 3375 898 3422 1901,
911 3376 939 3426 p.
952 3362 1025 3423 226.]

344 3451 375 3514 S.
419 3452 538 3532 Accepi
552 3452 665 3514 literas
682 3457 759 3514 tuas
776 3452 993 3524 doctissimas,
1009 3452 1061 3512 vir
1080 3450 1267 3524 clarissime,
1282 3458 1383 3530 atque
1402 3453 1502 3515 michi

303 3538 417 3597 vnicae
439 3537 652 3616 gratissimas,
675 3536 795 3615 quibus
817 3554 884 3597 non
907 3534 1041 3596 dubitas
1063 3553 1136 3596 mea
1158 3553 1228 3596 esse
1251 3534 1378 3596 factum
1401 3536 1500 3616 negli-

302 3622 423 3698 gentia,
446 3620 536 3698 quod
560 3618 717 3681 Stanislai
742 3619 856 3680 literae
881 3619 1006 3697 absque
1035 3618 1116 3679 meis
1145 3617 1206 3678 tibi
1236 3625 1315 3680 sunt
1344 3618 1499 3698 perlatae.

232 3750 238 3759 .
304 3703 430 3776 Hercle,
447 3723 520 3764 mea
537 3722 605 3765 non
624 3702 821 3764 estfactum
840 3701 1049 3782 negligentia,
1065 3707 1138 3762 tum
1157 3702 1245 3762 enim
1265 3701 1409 3775 aberam,
1425 3723 1500 3765 cum

302 3786 415 3848 literas
424 3788 602 3866 accepisset
609 3787 775 3847 nunctius.
802 3786 876 3847 Misi
886 3791 997 3847 tamen
1007 3784 1083 3845 dein
1095 3804 1152 3864 per
1162 3783 1324 3846 famulum
1334 3785 1499 3866 Theologi,
1513 3792 1529 3842 5

302 3873 359 3950 qui
382 3871 477 3932 nobis
499 3890 540 3932 ex
566 3868 704 3931 Polonia
726 3874 797 3931 tam
821 3869 879 3931 diu
903 3874 1050 3930 retentas
1072 3867 1224 3947 Friburgi
1247 3868 1379 3941 obtulit,
1403 3869 1501 3932 oredo

302 3955 427 4016 dudum
443 3961 477 4014 te
492 3955 654 4032 accepisse
668 3952 752 4025 illas,
768 3971 845 4014 nam
860 3951 916 4013 ille
930 3952 1082 4014 abiuerat
1097 3967 1135 4011 21
1151 3949 1362 4030 Septembris.

343 4037 438 4110 Quod
455 4043 577 4108 autem,
593 4037 645 4096 vir
663 4036 861 4108 doctissime,
877 4055 929 4097 me
948 4034 1136 4096 adhortaris
1155 4040 1225 4096 tam
1245 4035 1413 4108 candidae,
1429 4042 1500 4097 tam

301 4120 438 4199 lepidae,
462 4125 501 4180 rt
525 4119 573 4180 nil
598 4138 699 4199 supra
723 4118 818 4180 bonis
842 4117 946 4180 literis
971 4117 1159 4178 incumbam
1184 4116 1367 4198 diligenter,
1393 4119 1500 4181 multa

301 4203 452 4283 exempla
476 4202 653 4275 adducens,
677 4208 778 4282 atque
802 4202 903 4264 etiam
926 4208 986 4263 tua
1007 4201 1142 4281 propria
1163 4219 1266 4261 manu
1287 4201 1443 4281 dignatus
1464 4222 1500 4264 es
1514 4222 1546 4258 ιο

301 4287 451 4359 scribere,
466 4305 660 4347 enumerans
675 4304 775 4365 quam
790 4285 917 4347 affatim
933 4285 977 4347 ad
986 4285 1148 4364 egregiam
1159 4285 1319 4345 vinatem
1330 4305 1498 4365 capessen-

301 4371 378 4431 dam
389 4370 436 4430 dii
446 4375 481 4429 et
492 4374 645 4449 parentes
656 4371 767 4431 omnia
778 4367 1044 4449 suppeditarunt,
1052 4367 1220 4448 ingenium
1231 4367 1345 4442 docile,
1354 4369 1498 4431 indolem

301 4454 522 4514 felicissimam
543 4459 645 4531 atque
667 4453 880 4533 pecuniarum
901 4453 979 4524 vim,
1002 4469 1102 4530 quam
1127 4469 1194 4512 non
1215 4452 1324 4513 minus
1345 4451 1499 4532 prodesse

301 4537 456 4597 studiosis
477 4555 515 4597 ac
535 4535 766 4609 militantibus,
785 4533 915 4608 faciam,
936 4534 1053 4607 hercle,
1072 4532 1202 4607 faciam,
1222 4541 1262 4595 vt
1280 4535 1382 4596 animi
1401 4535 1497 4609 bona,

301 4640 368 4681 non
382 4620 524 4692 fortune,
540 4638 668 4680 mecum
681 4619 828 4681 habeant
841 4619 1025 4698 imperium.
1513 4637 1544 4688 ¹5

342 4703 428 4763 Nam
444 4703 540 4765 video
553 4702 677 4764 multos
691 4703 808 4765 doctos
818 4720 983 4764 asumma
996 4705 1142 4782 egestate
1155 4700 1199 4762 ad
1214 4719 1350 4780 magnas
1364 4699 1499 4763 diuitias

300 4787 496 4866 peruenisse,
519 4788 576 4865 qui
598 4786 719 4866 vbique
740 4786 887 4848 locorum
908 4804 966 4865 pre
987 4784 1061 4846 aliis
1081 4789 1293 4846 venerantur.
1336 4783 1497 4860 eonabor,

628 4895 703 4946 2540.
727 4907 766 4957 15.
785 4910 860 4961 quae
870 4894 1053 4959 scripsimus:
1071 4893 1122 4959 qui
1131 4892 1163 4944 J.

421 4992 440 4997 --
448 4991 533 5080 255b-
542 5043 567 5093 3.
585 5027 718 5080 Smnislai
729 5027 840 5091 literae]
851 5026 906 5094 Ep.
918 5040 994 5092 2545.
1030 5039 1055 5090 5.
1073 5025 1218 5091 Theologl]
1230 5025 1262 5078 L.
1273 5025 1339 5079 Bar.
