<?xml version="1.0" encoding="UTF-8"?>
<!DOCTYPE html PUBLIC "-//W3C//DTD XHTML 1.0 Transitional//EN"
    "http://www.w3.org/TR/xhtml1/DTD/xhtml1-transitional.dtd">
<html xmlns="http://www.w3.org/1999/xhtml" xml:lang="en" lang="en">
 <head>
  <title>
</title>
<meta http-equiv="Content-Type" content="text/html;charset=utf-8" />
  <meta name='ocr-system' content='tesseract 3.04.00' />
  <meta name='ocr-capabilities' content='ocr_page ocr_carea ocr_par ocr_line ocrx_word'/>
</head>
<body>
  <div class='ocr_page' id='page_1' title='image "./opusepistolarum02garrgoog_0376.png"; bbox 0 0 4042 5900; ppageno 0'>
   <div class='ocr_carea' id='block_1_1' title="bbox 445 626 1658 713">
    <p class='ocr_par' dir='ltr' id='par_1_1' title="bbox 445 626 1658 713">
     <span class='ocr_line' id='line_1_1' title="bbox 445 626 1658 713; baseline 0.002 -20"><span class='ocrx_word' id='word_1_1' title='bbox 445 632 508 693; x_wconf 83' lang='lat'><strong>340</strong></span> <span class='ocrx_word' id='word_1_2' title='bbox 792 627 990 691; x_wconf 80' lang='lat' dir='ltr'><strong>nnmnns</strong></span> <span class='ocrx_word' id='word_1_3' title='bbox 1012 626 1293 692; x_wconf 78' lang='lat' dir='ltr'><strong>onnnssuns</strong></span> <span class='ocrx_word' id='word_1_4' title='bbox 1578 635 1658 713; x_wconf 75' lang='lat'>[1531</span> 
     </span>
    </p>
   </div>
   <div class='ocr_carea' id='block_1_2' title="bbox 385 788 1666 1436">
    <p class='ocr_par' dir='ltr' id='par_1_2' title="bbox 385 788 1666 1436">
     <span class='ocr_line' id='line_1_2' title="bbox 445 788 1660 869; baseline 0.002 -16"><span class='ocrx_word' id='word_1_5' title='bbox 445 790 666 853; x_wconf 85' lang='lat' dir='ltr'><strong>efficacissimo</strong></span> <span class='ocrx_word' id='word_1_6' title='bbox 677 788 820 852; x_wconf 89' lang='lat' dir='ltr'><strong>remedio</strong></span> <span class='ocrx_word' id='word_1_7' title='bbox 831 788 1053 862; x_wconf 91' lang='lat' dir='ltr'><strong>suadentium,</strong></span> <span class='ocrx_word' id='word_1_8' title='bbox 1068 789 1163 862; x_wconf 88' lang='lat' dir='ltr'><strong>‘cito,</strong></span> <span class='ocrx_word' id='word_1_9' title='bbox 1174 788 1298 869; x_wconf 86' lang='lat' dir='ltr'><strong>procul,</strong></span> <span class='ocrx_word' id='word_1_10' title='bbox 1309 790 1416 853; x_wconf 82' lang='lat' dir='ltr'><strong>tarde</strong></span> <span class='ocrx_word' id='word_1_11' title='bbox 1426 791 1449 855; x_wconf 91' lang='lat'><strong>’.</strong></span> <span class='ocrx_word' id='word_1_12' title='bbox 1486 791 1660 856; x_wconf 83' lang='lat' dir='ltr'><strong>Dominum</strong></span> 
     </span>
     <span class='ocr_line' id='line_1_3' title="bbox 445 872 1662 957; baseline 0.003 -21"><span class='ocrx_word' id='word_1_13' title='bbox 445 893 569 955; x_wconf 83' lang='lat' dir='ltr'><strong>precor,</strong></span> <span class='ocrx_word' id='word_1_14' title='bbox 594 877 635 934; x_wconf 88' lang='lat' dir='ltr'><strong>vt</strong></span> <span class='ocrx_word' id='word_1_15' title='bbox 659 873 757 934; x_wconf 90' lang='lat' dir='ltr'><strong>istam</strong></span> <span class='ocrx_word' id='word_1_16' title='bbox 781 872 976 934; x_wconf 68' lang='lat' dir='ltr'><strong>felicitatem</strong></span> <span class='ocrx_word' id='word_1_17' title='bbox 998 872 1062 933; x_wconf 92' lang='lat' dir='ltr'><strong>tibi</strong></span> <span class='ocrx_word' id='word_1_18' title='bbox 1084 873 1216 952; x_wconf 88' lang='lat' dir='ltr'><strong>tuisque</strong></span> <span class='ocrx_word' id='word_1_19' title='bbox 1237 872 1320 934; x_wconf 87' lang='lat' dir='ltr'><strong>velit</strong></span> <span class='ocrx_word' id='word_1_20' title='bbox 1341 893 1423 937; x_wconf 88' lang='lat' dir='ltr'><strong>esse</strong></span> <span class='ocrx_word' id='word_1_21' title='bbox 1450 883 1662 957; x_wconf 82' lang='lat' dir='ltr'><strong>perpetuam</strong></span> 
     </span>
     <span class='ocr_line' id='line_1_4' title="bbox 445 955 1663 1042; baseline 0.002 -23"><span class='ocrx_word' id='word_1_22' title='bbox 445 957 494 1019; x_wconf 90' lang='lat' dir='ltr'><strong>De</strong></span> <span class='ocrx_word' id='word_1_23' title='bbox 508 976 561 1019; x_wconf 93' lang='lat' dir='ltr'><strong>me</strong></span> <span class='ocrx_word' id='word_1_24' title='bbox 574 957 620 1018; x_wconf 87' lang='lat' dir='ltr'><strong>sic</strong></span> <span class='ocrx_word' id='word_1_25' title='bbox 635 961 765 1017; x_wconf 88' lang='lat' dir='ltr'><strong>statuas</strong></span> <span class='ocrx_word' id='word_1_26' title='bbox 779 955 889 1028; x_wconf 89' lang='lat' dir='ltr'><strong>velim,</strong></span> <span class='ocrx_word' id='word_1_27' title='bbox 900 955 1030 1016; x_wconf 92' lang='lat' dir='ltr'><strong>nullum</strong></span> <span class='ocrx_word' id='word_1_28' title='bbox 1043 974 1114 1017; x_wconf 90' lang='lat' dir='ltr'><strong>esse</strong></span> <span class='ocrx_word' id='word_1_29' title='bbox 1127 975 1229 1035; x_wconf 89' lang='lat' dir='ltr'><strong>genus</strong></span> <span class='ocrx_word' id='word_1_30' title='bbox 1243 956 1408 1036; x_wconf 87' lang='lat' dir='ltr'><strong>obsequii,</strong></span> <span class='ocrx_word' id='word_1_31' title='bbox 1424 960 1534 1038; x_wconf 89' lang='lat' dir='ltr'><strong>quod</strong></span> <span class='ocrx_word' id='word_1_32' title='bbox 1548 963 1663 1042; x_wconf 82' lang='lat' dir='ltr'><strong>optima</strong></span> 
     </span>
     <span class='ocr_line' id='line_1_5' title="bbox 445 1038 1664 1124; baseline 0.004 -22"><span class='ocrx_word' id='word_1_33' title='bbox 445 1042 582 1103; x_wconf 89' lang='lat' dir='ltr'><strong>meritus</strong></span> <span class='ocrx_word' id='word_1_34' title='bbox 595 1047 755 1120; x_wconf 90' lang='lat' dir='ltr'><strong>patronus</strong></span> <span class='ocrx_word' id='word_1_35' title='bbox 773 1039 817 1100; x_wconf 92' lang='lat' dir='ltr'><strong>ab</strong></span> <span class='ocrx_word' id='word_1_36' title='bbox 836 1038 1074 1119; x_wconf 88' lang='lat' dir='ltr'><strong>obligatissimo</strong></span> <span class='ocrx_word' id='word_1_37' title='bbox 1093 1038 1212 1100; x_wconf 82' lang='lat' dir='ltr'><strong>cliente</strong></span> <span class='ocrx_word' id='word_1_38' title='bbox 1229 1039 1406 1119; x_wconf 80' lang='lat' dir='ltr'><strong>postulare</strong></span> <span class='ocrx_word' id='word_1_39' title='bbox 1425 1043 1569 1117; x_wconf 83' lang='lat' dir='ltr'><strong>valeat,</strong></span> <span class='ocrx_word' id='word_1_40' title='bbox 1584 1044 1664 1124; x_wconf 89' lang='lat' dir='ltr'><strong>qnod</strong></span> 
     </span>
     <span class='ocr_line' id='line_1_6' title="bbox 385 1122 1665 1204; baseline 0.007 -22"><span class='ocrx_word' id='word_1_41' title='bbox 385 1143 505 1204; x_wconf 75' lang='lat' dir='ltr'><strong>13oego</strong></span> <span class='ocrx_word' id='word_1_42' title='bbox 525 1124 568 1185; x_wconf 90' lang='lat' dir='ltr'><strong>ad</strong></span> <span class='ocrx_word' id='word_1_43' title='bbox 589 1130 709 1185; x_wconf 92' lang='lat' dir='ltr'><strong>nutum</strong></span> <span class='ocrx_word' id='word_1_44' title='bbox 730 1128 827 1185; x_wconf 93' lang='lat' dir='ltr'><strong>tuum</strong></span> <span class='ocrx_word' id='word_1_45' title='bbox 848 1141 915 1184; x_wconf 94' lang='lat' dir='ltr'><strong>non</strong></span> <span class='ocrx_word' id='word_1_46' title='bbox 936 1123 998 1184; x_wconf 90' lang='lat' dir='ltr'><strong>sim</strong></span> <span class='ocrx_word' id='word_1_47' title='bbox 1019 1122 1228 1203; x_wconf 87' lang='lat' dir='ltr'><strong>cupidissime</strong></span> <span class='ocrx_word' id='word_1_48' title='bbox 1248 1128 1486 1204; x_wconf 75' lang='lat' dir='ltr'><strong>prestatur-us,</strong></span> <span class='ocrx_word' id='word_1_49' title='bbox 1512 1128 1665 1191; x_wconf 90' lang='lat' dir='ltr'><strong>modoid</strong></span> 
     </span>
     <span class='ocr_line' id='line_1_7' title="bbox 445 1205 893 1269; baseline -0.004 0"><span class='ocrx_word' id='word_1_50' title='bbox 445 1226 515 1269; x_wconf 89' lang='lat' dir='ltr'><strong>mee</strong></span> <span class='ocrx_word' id='word_1_51' title='bbox 529 1208 573 1268; x_wconf 92' lang='lat' dir='ltr'><strong>sit</strong></span> <span class='ocrx_word' id='word_1_52' title='bbox 586 1206 766 1269; x_wconf 74' lang='lat' dir='ltr'><strong>facultatis.</strong></span> <span class='ocrx_word' id='word_1_53' title='bbox 804 1205 893 1268; x_wconf 88' lang='lat' dir='ltr'><strong>Vale.</strong></span> 
     </span>
     <span class='ocr_line' id='line_1_8' title="bbox 487 1288 1666 1371; baseline 0.006 -20"><span class='ocrx_word' id='word_1_54' title='bbox 487 1290 565 1353; x_wconf 90' lang='lat' dir='ltr'><strong>Dat.</strong></span> <span class='ocrx_word' id='word_1_55' title='bbox 596 1290 686 1370; x_wconf 90' lang='lat' dir='ltr'><strong>apud</strong></span> <span class='ocrx_word' id='word_1_56' title='bbox 715 1289 912 1370; x_wconf 85' lang='lat' dir='ltr'><strong>Friburgum</strong></span> <span class='ocrx_word' id='word_1_57' title='bbox 943 1288 1099 1369; x_wconf 89' lang='lat' dir='ltr'><strong>Brisgoae</strong></span> <span class='ocrx_word' id='word_1_58' title='bbox 1128 1289 1280 1351; x_wconf 74' lang='lat' dir='ltr'><strong>Calendis</strong></span> <span class='ocrx_word' id='word_1_59' title='bbox 1312 1289 1541 1371; x_wconf 68' lang='lat' dir='ltr'><strong>Septembris</strong></span> <span class='ocrx_word' id='word_1_60' title='bbox 1576 1295 1666 1358; x_wconf 83' lang='lat' dir='ltr'><strong>Anno</strong></span> 
     </span>
     <span class='ocr_line' id='line_1_9' title="bbox 445 1374 785 1436; baseline 0.003 -1"><span class='ocrx_word' id='word_1_61' title='bbox 445 1374 579 1435; x_wconf 88' lang='lat' dir='ltr'><strong>Domini</strong></span> <span class='ocrx_word' id='word_1_62' title='bbox 593 1384 785 1436; x_wconf 81' lang='lat' dir='ltr'><strong>nt⁰n⁰xxx1⁰.</strong></span> 
     </span>
    </p>
   </div>
   <div class='ocr_carea' id='block_1_3' title="bbox 810 1585 1279 1653">
    <p class='ocr_par' dir='ltr' id='par_1_3' title="bbox 810 1585 1279 1653">
     <span class='ocr_line' id='line_1_10' title="bbox 810 1585 1279 1653; baseline 0.002 -2"><span class='ocrx_word' id='word_1_63' title='bbox 810 1592 910 1652; x_wconf 81' lang='lat'><strong>2534.</strong></span> <span class='ocrx_word' id='word_1_64' title='bbox 959 1585 1129 1652; x_wconf 75' lang='lat' dir='ltr'><strong>Tolous</strong></span> <span class='ocrx_word' id='word_1_65' title='bbox 1146 1586 1279 1653; x_wconf 79' lang='lat' dir='ltr'><strong>Rmcs.</strong></span> 
     </span>
    </p>
   </div>
   <div class='ocr_carea' id='block_1_4' title="bbox 482 1723 1630 1877">
    <p class='ocr_par' dir='ltr' id='par_1_4' title="bbox 482 1723 1630 1877">
     <span class='ocr_line' id='line_1_11' title="bbox 483 1723 1552 1801; baseline 0.007 -21"><span class='ocrx_word' id='word_1_66' title='bbox 483 1725 642 1797; x_wconf 77' lang='lat' dir='ltr'><strong>Epistulae</strong></span> <span class='ocrx_word' id='word_1_67' title='bbox 654 1723 859 1781; x_wconf 88' lang='lat' dir='ltr'><strong>Palaeonaeoi</strong></span> <span class='ocrx_word' id='word_1_68' title='bbox 871 1741 902 1796; x_wconf 91' lang='lat' dir='ltr'><strong>p.</strong></span> <span class='ocrx_word' id='word_1_69' title='bbox 919 1738 963 1791; x_wconf 82' lang='lat'><strong>15.</strong></span> <span class='ocrx_word' id='word_1_70' title='bbox 1369 1725 1552 1801; x_wconf 82' lang='lat' dir='ltr'><strong>Freiburg.</strong></span> 
     </span>
     <span class='ocr_line' id='line_1_12' title="bbox 482 1799 1630 1877; baseline 0.006 -21"><span class='ocrx_word' id='word_1_71' title='bbox 482 1802 522 1857; x_wconf 88' lang='lat' dir='ltr'><strong>N.</strong></span> <span class='ocrx_word' id='word_1_72' title='bbox 536 1818 568 1873; x_wconf 91' lang='lat' dir='ltr'><strong>p.</strong></span> <span class='ocrx_word' id='word_1_73' title='bbox 581 1816 654 1869; x_wconf 84' lang='lat'><strong>953:</strong></span> <span class='ocrx_word' id='word_1_74' title='bbox 675 1800 773 1855; x_wconf 89' lang='lat' dir='ltr'><strong>Lond.</strong></span> <span class='ocrx_word' id='word_1_75' title='bbox 787 1818 860 1854; x_wconf 83' lang='lat' dir='ltr'><strong>xxv.</strong></span> <span class='ocrx_word' id='word_1_76' title='bbox 876 1816 910 1853; x_wconf 87' lang='lat'><strong>2:</strong></span> <span class='ocrx_word' id='word_1_77' title='bbox 931 1800 995 1854; x_wconf 93' lang='lat' dir='ltr'><strong>LB.</strong></span> <span class='ocrx_word' id='word_1_78' title='bbox 1013 1813 1094 1853; x_wconf 91' lang='lat'><strong>1200.</strong></span> <span class='ocrx_word' id='word_1_79' title='bbox 1290 1819 1308 1871; x_wconf 88' lang='lat'>4</span> <span class='ocrx_word' id='word_1_80' title='bbox 1322 1799 1524 1872; x_wconf 82' lang='lat' dir='ltr'><strong>September</strong></span> <span class='ocrx_word' id='word_1_81' title='bbox 1541 1821 1630 1877; x_wconf 84' lang='lat'>1531·</span> 
     </span>
    </p>
   </div>
   <div class='ocr_carea' id='block_1_5' title="bbox 482 1941 1632 2006">
    <p class='ocr_par' dir='ltr' id='par_1_5' title="bbox 482 1941 1632 2006">
     <span class='ocr_line' id='line_1_13' title="bbox 482 1941 1632 2006; baseline 0.009 -19"><span class='ocrx_word' id='word_1_82' title='bbox 482 1944 556 1988; x_wconf 67' lang='grc' dir='ltr'><strong>ΒΕΘ.</strong></span> <span class='ocrx_word' id='word_1_83' title='bbox 572 1943 726 1988; x_wconf 76' lang='lat' dir='ltr'><strong>ERASMVS</strong></span> <span class='ocrx_word' id='word_1_84' title='bbox 739 1942 988 1988; x_wconf 70' lang='lat' dir='ltr'><strong>Bormonamvs</strong></span> <span class='ocrx_word' id='word_1_85' title='bbox 1002 1941 1174 1987; x_wconf 76' lang='lat' dir='ltr'><strong>OBNATISS.</strong></span> <span class='ocrx_word' id='word_1_86' title='bbox 1190 1942 1223 1987; x_wconf 88' lang='lat' dir='ltr'><strong>D.</strong></span> <span class='ocrx_word' id='word_1_87' title='bbox 1239 1942 1361 1988; x_wconf 68' lang='lat' dir='ltr'><strong>losum</strong></span> <span class='ocrx_word' id='word_1_88' title='bbox 1375 1943 1533 2006; x_wconf 76' lang='lat' dir='ltr'><strong>Bmcxo,</strong></span> <span class='ocrx_word' id='word_1_89' title='bbox 1550 1950 1581 1995; x_wconf 85' lang='lat' dir='ltr'><strong>S.</strong></span> <span class='ocrx_word' id='word_1_90' title='bbox 1598 1951 1632 1997; x_wconf 88' lang='lat' dir='ltr'><strong>D.</strong></span> 
     </span>
    </p>
   </div>
   <div class='ocr_carea' id='block_1_6' title="bbox 399 2034 1664 4626">
    <p class='ocr_par' dir='ltr' id='par_1_6' title="bbox 445 2034 1664 2357">
     <span class='ocr_line' id='line_1_14' title="bbox 487 2034 1664 2122; baseline 0.008 -25"><span class='ocrx_word' id='word_1_91' title='bbox 487 2034 718 2097; x_wconf 75' lang='lat' dir='ltr'><strong>Osnsmssnsn</strong></span> <span class='ocrx_word' id='word_1_92' title='bbox 732 2035 794 2107; x_wconf 87' lang='lat' dir='ltr'><strong>vir,</strong></span> <span class='ocrx_word' id='word_1_93' title='bbox 809 2052 997 2113; x_wconf 90' lang='lat' dir='ltr'><strong>quanquam</strong></span> <span class='ocrx_word' id='word_1_94' title='bbox 1012 2052 1079 2095; x_wconf 94' lang='lat' dir='ltr'><strong>non</strong></span> <span class='ocrx_word' id='word_1_95' title='bbox 1094 2040 1167 2095; x_wconf 90' lang='lat' dir='ltr'><strong>erat</strong></span> <span class='ocrx_word' id='word_1_96' title='bbox 1180 2035 1356 2113; x_wconf 88' lang='lat' dir='ltr'><strong>quicquam</strong></span> <span class='ocrx_word' id='word_1_97' title='bbox 1371 2037 1420 2096; x_wconf 91' lang='lat' dir='ltr'><strong>rei</strong></span> <span class='ocrx_word' id='word_1_98' title='bbox 1435 2040 1554 2103; x_wconf 86' lang='lat' dir='ltr'><strong>seriae</strong></span> <span class='ocrx_word' id='word_1_99' title='bbox 1575 2043 1664 2122; x_wconf 91' lang='lat' dir='ltr'><strong>quod</strong></span> 
     </span>
     <span class='ocr_line' id='line_1_15' title="bbox 445 2118 1664 2197; baseline 0.007 -18"><span class='ocrx_word' id='word_1_100' title='bbox 445 2119 629 2191; x_wconf 82' lang='lat' dir='ltr'><strong>scriberem,</strong></span> <span class='ocrx_word' id='word_1_101' title='bbox 644 2124 756 2180; x_wconf 86' lang='lat' dir='ltr'><strong>tamen</strong></span> <span class='ocrx_word' id='word_1_102' title='bbox 770 2136 837 2179; x_wconf 93' lang='lat' dir='ltr'><strong>non</strong></span> <span class='ocrx_word' id='word_1_103' title='bbox 851 2119 946 2197; x_wconf 92' lang='lat' dir='ltr'><strong>potui</strong></span> <span class='ocrx_word' id='word_1_104' title='bbox 960 2118 1166 2178; x_wconf 85' lang='lat' dir='ltr'><strong>committere</strong></span> <span class='ocrx_word' id='word_1_105' title='bbox 1178 2122 1218 2178; x_wconf 87' lang='lat' dir='ltr'><strong>vt</strong></span> <span class='ocrx_word' id='word_1_106' title='bbox 1232 2119 1366 2179; x_wconf 86' lang='lat' dir='ltr'><strong>vnicum</strong></span> <span class='ocrx_word' id='word_1_107' title='bbox 1376 2121 1533 2185; x_wconf 88' lang='lat' dir='ltr'><strong>amicum</strong></span> <span class='ocrx_word' id='word_1_108' title='bbox 1550 2145 1664 2188; x_wconf 92' lang='lat' dir='ltr'><strong>meum</strong></span> 
     </span>
     <span class='ocr_line' id='line_1_16' title="bbox 445 2200 1664 2290; baseline 0.006 -28"><span class='ocrx_word' id='word_1_109' title='bbox 445 2201 611 2263; x_wconf 85' lang='lat' dir='ltr'><strong>Rinckum</strong></span> <span class='ocrx_word' id='word_1_110' title='bbox 633 2200 684 2262; x_wconf 89' lang='lat' dir='ltr'><strong>his</strong></span> <span class='ocrx_word' id='word_1_111' title='bbox 704 2201 859 2262; x_wconf 88' lang='lat' dir='ltr'><strong>nundinis</strong></span> <span class='ocrx_word' id='word_1_112' title='bbox 881 2200 1101 2261; x_wconf 88' lang='lat' dir='ltr'><strong>insalutatum</strong></span> <span class='ocrx_word' id='word_1_113' title='bbox 1123 2202 1344 2280; x_wconf 87' lang='lat' dir='ltr'><strong>praeterirem,</strong></span> <span class='ocrx_word' id='word_1_114' title='bbox 1366 2203 1464 2265; x_wconf 91' lang='lat' dir='ltr'><strong>cuius</strong></span> <span class='ocrx_word' id='word_1_115' title='bbox 1487 2216 1664 2290; x_wconf 84' lang='lat' dir='ltr'><strong>perpetua</strong></span> 
     </span>
     <span class='ocr_line' id='line_1_17' title="bbox 445 2284 1663 2357; baseline 0.008 -11"><span class='ocrx_word' id='word_1_116' title='bbox 445 2284 680 2346; x_wconf 88' lang='lat' dir='ltr'><strong>consuetudine</strong></span> <span class='ocrx_word' id='word_1_117' title='bbox 699 2286 727 2346; x_wconf 90' lang='lat' dir='ltr'><strong>si</strong></span> <span class='ocrx_word' id='word_1_118' title='bbox 745 2284 811 2345; x_wconf 92' lang='lat' dir='ltr'><strong>frui</strong></span> <span class='ocrx_word' id='word_1_119' title='bbox 830 2284 946 2346; x_wconf 91' lang='lat' dir='ltr'><strong>datum</strong></span> <span class='ocrx_word' id='word_1_120' title='bbox 966 2289 1062 2357; x_wconf 91' lang='lat' dir='ltr'><strong>esset,</strong></span> <span class='ocrx_word' id='word_1_121' title='bbox 1083 2291 1137 2345; x_wconf 87' lang='lat' dir='ltr'><strong>sat</strong></span> <span class='ocrx_word' id='word_1_122' title='bbox 1157 2285 1238 2345; x_wconf 91' lang='lat' dir='ltr'><strong>mihi</strong></span> <span class='ocrx_word' id='word_1_123' title='bbox 1259 2285 1377 2347; x_wconf 90' lang='lat' dir='ltr'><strong>beatus</strong></span> <span class='ocrx_word' id='word_1_124' title='bbox 1398 2287 1551 2353; x_wconf 85' lang='lat' dir='ltr'><strong>viderer.</strong></span> <span class='ocrx_word' id='word_1_125' title='bbox 1599 2293 1663 2356; x_wconf 88' lang='lat' dir='ltr'><strong>Sed</strong></span> 
     </span>
    </p>

    <p class='ocr_par' dir='ltr' id='par_1_7' title="bbox 415 2367 1662 2779">
     <span class='ocr_line' id='line_1_18' title="bbox 415 2367 1662 2447; baseline 0.006 -18"><span class='ocrx_word' id='word_1_126' title='bbox 415 2367 523 2445; x_wconf 81' lang='lat' dir='ltr'><strong>5fatis</strong></span> <span class='ocrx_word' id='word_1_127' title='bbox 547 2369 683 2447; x_wconf 84' lang='lat' dir='ltr'><strong>agimur,</strong></span> <span class='ocrx_word' id='word_1_128' title='bbox 708 2373 743 2428; x_wconf 95' lang='grc' dir='ltr'><strong>θῖ</strong></span> <span class='ocrx_word' id='word_1_129' title='bbox 767 2367 847 2429; x_wconf 90' lang='lat' dir='ltr'><strong>fatis</strong></span> <span class='ocrx_word' id='word_1_130' title='bbox 871 2368 985 2429; x_wconf 86' lang='lat' dir='ltr'><strong>cedere</strong></span> <span class='ocrx_word' id='word_1_131' title='bbox 1009 2368 1164 2446; x_wconf 82' lang='lat' dir='ltr'><strong>cogimur.</strong></span> <span class='ocrx_word' id='word_1_132' title='bbox 1207 2368 1316 2429; x_wconf 84' lang='lat' dir='ltr'><strong>Facile</strong></span> <span class='ocrx_word' id='word_1_133' title='bbox 1341 2370 1451 2432; x_wconf 91' lang='lat' dir='ltr'><strong>sentio</strong></span> <span class='ocrx_word' id='word_1_134' title='bbox 1476 2374 1570 2436; x_wconf 88' lang='lat' dir='ltr'><strong>mihi</strong></span> <span class='ocrx_word' id='word_1_135' title='bbox 1594 2397 1662 2441; x_wconf 88' lang='lat' dir='ltr'><strong>non</strong></span> 
     </span>
     <span class='ocr_line' id='line_1_19' title="bbox 444 2450 1660 2537; baseline -0.001 -24"><span class='ocrx_word' id='word_1_136' title='bbox 444 2451 587 2513; x_wconf 92' lang='lat' dir='ltr'><strong>multum</strong></span> <span class='ocrx_word' id='word_1_137' title='bbox 606 2452 676 2512; x_wconf 89' lang='lat' dir='ltr'><strong>eius</strong></span> <span class='ocrx_word' id='word_1_138' title='bbox 696 2450 743 2512; x_wconf 88' lang='lat' dir='ltr'><strong>fili</strong></span> <span class='ocrx_word' id='word_1_139' title='bbox 761 2451 850 2529; x_wconf 94' lang='lat' dir='ltr'><strong>quod</strong></span> <span class='ocrx_word' id='word_1_140' title='bbox 869 2451 991 2512; x_wconf 86' lang='lat' dir='ltr'><strong>Parcae</strong></span> <span class='ocrx_word' id='word_1_141' title='bbox 1010 2457 1092 2511; x_wconf 91' lang='lat' dir='ltr'><strong>nent</strong></span> <span class='ocrx_word' id='word_1_142' title='bbox 1108 2470 1285 2530; x_wconf 89' lang='lat' dir='ltr'><strong>superesse,</strong></span> <span class='ocrx_word' id='word_1_143' title='bbox 1301 2452 1358 2513; x_wconf 89' lang='lat' dir='ltr'><strong>sed</strong></span> <span class='ocrx_word' id='word_1_144' title='bbox 1372 2457 1490 2515; x_wconf 88' lang='lat' dir='ltr'><strong>tamen</strong></span> <span class='ocrx_word' id='word_1_145' title='bbox 1504 2469 1660 2537; x_wconf 75' lang='lat' dir='ltr'><strong>quantu.</strong></span> 
     </span>
     <span class='ocr_line' id='line_1_20' title="bbox 444 2533 1660 2623; baseline 0.002 -27"><span class='ocrx_word' id='word_1_146' title='bbox 444 2535 643 2613; x_wconf 90' lang='lat' dir='ltr'><strong>lumcunque</strong></span> <span class='ocrx_word' id='word_1_147' title='bbox 656 2535 692 2596; x_wconf 94' lang='lat' dir='ltr'><strong>id</strong></span> <span class='ocrx_word' id='word_1_148' title='bbox 705 2540 767 2609; x_wconf 91' lang='lat' dir='ltr'><strong>est,</strong></span> <span class='ocrx_word' id='word_1_149' title='bbox 776 2533 889 2596; x_wconf 91' lang='lat' dir='ltr'><strong>malim</strong></span> <span class='ocrx_word' id='word_1_150' title='bbox 903 2536 937 2595; x_wconf 93' lang='lat' dir='ltr'><strong>in</strong></span> <span class='ocrx_word' id='word_1_151' title='bbox 952 2535 1089 2595; x_wconf 87' lang='lat' dir='ltr'><strong>ciuitate</strong></span> <span class='ocrx_word' id='word_1_152' title='bbox 1103 2533 1222 2595; x_wconf 89' lang='lat' dir='ltr'><strong>celebri</strong></span> <span class='ocrx_word' id='word_1_153' title='bbox 1236 2534 1466 2615; x_wconf 84' lang='lat' dir='ltr'><strong>frequentique</strong></span> <span class='ocrx_word' id='word_1_154' title='bbox 1481 2559 1660 2623; x_wconf 66' lang='lat' dir='ltr'><strong>peragere,</strong></span> 
     </span>
     <span class='ocr_line' id='line_1_21' title="bbox 444 2617 1660 2699; baseline 0.003 -20"><span class='ocrx_word' id='word_1_155' title='bbox 444 2619 502 2680; x_wconf 84' lang='lat' dir='ltr'><strong>vbi</strong></span> <span class='ocrx_word' id='word_1_156' title='bbox 516 2624 550 2679; x_wconf 91' lang='lat' dir='ltr'><strong>et</strong></span> <span class='ocrx_word' id='word_1_157' title='bbox 568 2619 747 2679; x_wconf 87' lang='lat' dir='ltr'><strong>amicorum</strong></span> <span class='ocrx_word' id='word_1_158' title='bbox 766 2617 895 2696; x_wconf 89' lang='lat' dir='ltr'><strong>largior,</strong></span> <span class='ocrx_word' id='word_1_159' title='bbox 915 2622 950 2679; x_wconf 92' lang='lat' dir='ltr'><strong>et</strong></span> <span class='ocrx_word' id='word_1_160' title='bbox 971 2637 1079 2678; x_wconf 88' lang='lat' dir='ltr'><strong>rerum</strong></span> <span class='ocrx_word' id='word_1_161' title='bbox 1101 2620 1248 2696; x_wconf 88' lang='lat' dir='ltr'><strong>paratior</strong></span> <span class='ocrx_word' id='word_1_162' title='bbox 1268 2624 1355 2680; x_wconf 89' lang='lat' dir='ltr'><strong>esset</strong></span> <span class='ocrx_word' id='word_1_163' title='bbox 1375 2620 1482 2699; x_wconf 88' lang='lat' dir='ltr'><strong>copia.</strong></span> <span class='ocrx_word' id='word_1_164' title='bbox 1530 2624 1604 2689; x_wconf 83' lang='lat' dir='ltr'><strong>Sed</strong></span> <span class='ocrx_word' id='word_1_165' title='bbox 1625 2631 1660 2690; x_wconf 82' lang='lat' dir='ltr'><strong>in</strong></span> 
     </span>
     <span class='ocr_line' id='line_1_22' title="bbox 445 2700 1030 2779; baseline -0.002 -17"><span class='ocrx_word' id='word_1_166' title='bbox 445 2702 506 2763; x_wconf 89' lang='lat' dir='ltr'><strong>hoc</strong></span> <span class='ocrx_word' id='word_1_167' title='bbox 520 2701 617 2762; x_wconf 92' lang='lat' dir='ltr'><strong>littus</strong></span> <span class='ocrx_word' id='word_1_168' title='bbox 632 2721 692 2763; x_wconf 91' lang='lat' dir='ltr'><strong>nos</strong></span> <span class='ocrx_word' id='word_1_169' title='bbox 707 2700 828 2763; x_wconf 93' lang='lat' dir='ltr'><strong>detulit</strong></span> <span class='ocrx_word' id='word_1_170' title='bbox 842 2706 1030 2779; x_wconf 84' lang='lat' dir='ltr'><strong>tempestas.</strong></span> 
     </span>
    </p>

    <p class='ocr_par' dir='ltr' id='par_1_8' title="bbox 401 2784 1660 3204">
     <span class='ocr_line' id='line_1_23' title="bbox 401 2784 1658 2869; baseline 0.008 -21"><span class='ocrx_word' id='word_1_171' title='bbox 401 2812 432 2848; x_wconf 81' lang='grc' dir='ltr'><strong>ιο</strong></span> <span class='ocrx_word' id='word_1_172' title='bbox 485 2785 592 2847; x_wconf 90' lang='lat' dir='ltr'><strong>Locus</strong></span> <span class='ocrx_word' id='word_1_173' title='bbox 605 2784 658 2846; x_wconf 92' lang='lat' dir='ltr'><strong>hic</strong></span> <span class='ocrx_word' id='word_1_174' title='bbox 672 2804 739 2846; x_wconf 92' lang='lat' dir='ltr'><strong>non</strong></span> <span class='ocrx_word' id='word_1_175' title='bbox 749 2784 943 2863; x_wconf 87' lang='lat' dir='ltr'><strong>estquidam</strong></span> <span class='ocrx_word' id='word_1_176' title='bbox 955 2785 1157 2857; x_wconf 90' lang='lat' dir='ltr'><strong>inamoenus,</strong></span> <span class='ocrx_word' id='word_1_177' title='bbox 1169 2785 1227 2846; x_wconf 88' lang='lat' dir='ltr'><strong>sed</strong></span> <span class='ocrx_word' id='word_1_178' title='bbox 1237 2790 1277 2845; x_wconf 87' lang='lat' dir='ltr'><strong>vt</strong></span> <span class='ocrx_word' id='word_1_179' title='bbox 1287 2785 1473 2847; x_wconf 90' lang='lat' dir='ltr'><strong>submotior</strong></span> <span class='ocrx_word' id='word_1_180' title='bbox 1483 2808 1506 2849; x_wconf 89' lang='lat' dir='ltr'><strong>a</strong></span> <span class='ocrx_word' id='word_1_181' title='bbox 1517 2789 1658 2869; x_wconf 89' lang='lat' dir='ltr'><strong>Rheno,</strong></span> 
     </span>
     <span class='ocr_line' id='line_1_24' title="bbox 444 2866 1657 2954; baseline 0.007 -26"><span class='ocrx_word' id='word_1_182' title='bbox 444 2869 493 2929; x_wconf 87' lang='lat' dir='ltr'><strong>ita</strong></span> <span class='ocrx_word' id='word_1_183' title='bbox 510 2870 620 2929; x_wconf 89' lang='lat' dir='ltr'><strong>minus</strong></span> <span class='ocrx_word' id='word_1_184' title='bbox 636 2868 799 2947; x_wconf 88' lang='lat' dir='ltr'><strong>frequens,</strong></span> <span class='ocrx_word' id='word_1_185' title='bbox 814 2887 852 2929; x_wconf 89' lang='lat' dir='ltr'><strong>ac</strong></span> <span class='ocrx_word' id='word_1_186' title='bbox 872 2867 1016 2946; x_wconf 91' lang='lat' dir='ltr'><strong>maligna</strong></span> <span class='ocrx_word' id='word_1_187' title='bbox 1035 2887 1143 2928; x_wconf 88' lang='lat' dir='ltr'><strong>rerum</strong></span> <span class='ocrx_word' id='word_1_188' title='bbox 1165 2869 1269 2947; x_wconf 88' lang='lat' dir='ltr'><strong>copia.</strong></span> <span class='ocrx_word' id='word_1_189' title='bbox 1312 2866 1479 2948; x_wconf 92' lang='lat' dir='ltr'><strong>Oppidum</strong></span> <span class='ocrx_word' id='word_1_190' title='bbox 1502 2874 1657 2954; x_wconf 87' lang='lat' dir='ltr'><strong>initium,</strong></span> 
     </span>
     <span class='ocr_line' id='line_1_25' title="bbox 444 2951 1660 3040; baseline 0.006 -27"><span class='ocrx_word' id='word_1_191' title='bbox 444 2958 484 3013; x_wconf 88' lang='lat' dir='ltr'><strong>vt</strong></span> <span class='ocrx_word' id='word_1_192' title='bbox 497 2952 613 3026; x_wconf 88' lang='lat' dir='ltr'><strong>fertur,</strong></span> <span class='ocrx_word' id='word_1_193' title='bbox 625 2953 722 3014; x_wconf 87' lang='lat' dir='ltr'><strong>duxit</strong></span> <span class='ocrx_word' id='word_1_194' title='bbox 733 2972 753 3013; x_wconf 90' lang='lat' dir='ltr'><strong>a</strong></span> <span class='ocrx_word' id='word_1_195' title='bbox 764 2951 915 3025; x_wconf 89' lang='lat' dir='ltr'><strong>metallis,</strong></span> <span class='ocrx_word' id='word_1_196' title='bbox 927 2971 1015 3013; x_wconf 92' lang='lat' dir='ltr'><strong>nunc</strong></span> <span class='ocrx_word' id='word_1_197' title='bbox 1026 2952 1213 3013; x_wconf 85' lang='lat' dir='ltr'><strong>exhaustis:</strong></span> <span class='ocrx_word' id='word_1_198' title='bbox 1236 2952 1311 3013; x_wconf 91' lang='lat' dir='ltr'><strong>hinc</strong></span> <span class='ocrx_word' id='word_1_199' title='bbox 1326 2972 1454 3015; x_wconf 89' lang='lat' dir='ltr'><strong>morum</strong></span> <span class='ocrx_word' id='word_1_200' title='bbox 1470 2955 1660 3040; x_wconf 71' lang='grc' dir='ltr'>ἐπιχωρίων</span> 
     </span>
     <span class='ocr_line' id='line_1_26' title="bbox 444 3035 1658 3114; baseline 0.002 -17"><span class='ocrx_word' id='word_1_201' title='bbox 444 3035 605 3098; x_wconf 90' lang='lat' dir='ltr'><strong>nonnulla</strong></span> <span class='ocrx_word' id='word_1_202' title='bbox 626 3038 807 3098; x_wconf 87' lang='lat' dir='ltr'><strong>etiamnum</strong></span> <span class='ocrx_word' id='word_1_203' title='bbox 829 3037 967 3114; x_wconf 88' lang='lat' dir='ltr'><strong>vestigia</strong></span> <span class='ocrx_word' id='word_1_204' title='bbox 988 3036 1233 3097; x_wconf 87' lang='lat' dir='ltr'><strong>animaduertes</strong></span> <span class='ocrx_word' id='word_1_205' title='bbox 1255 3035 1341 3098; x_wconf 89' lang='lat' dir='ltr'><strong>licet.</strong></span> <span class='ocrx_word' id='word_1_206' title='bbox 1384 3035 1495 3110; x_wconf 81' lang='lat' dir='ltr'><strong>Quum</strong></span> <span class='ocrx_word' id='word_1_207' title='bbox 1518 3051 1658 3108; x_wconf 56' lang='lat' dir='ltr'><strong>aestate</strong></span> 
     </span>
     <span class='ocr_line' id='line_1_27' title="bbox 445 3119 1657 3204; baseline 0.012 -25"><span class='ocrx_word' id='word_1_208' title='bbox 445 3121 610 3199; x_wconf 90' lang='lat' dir='ltr'><strong>superiore</strong></span> <span class='ocrx_word' id='word_1_209' title='bbox 624 3139 773 3199; x_wconf 88' lang='lat' dir='ltr'><strong>pararem</strong></span> <span class='ocrx_word' id='word_1_210' title='bbox 788 3121 1025 3198; x_wconf 85' lang='lat' dir='ltr'><strong>migrationem,</strong></span> <span class='ocrx_word' id='word_1_211' title='bbox 1041 3119 1230 3181; x_wconf 92' lang='lat' dir='ltr'><strong>admonitus</strong></span> <span class='ocrx_word' id='word_1_212' title='bbox 1244 3138 1317 3181; x_wconf 88' lang='lat' dir='ltr'><strong>sum</strong></span> <span class='ocrx_word' id='word_1_213' title='bbox 1331 3120 1375 3181; x_wconf 91' lang='lat' dir='ltr'><strong>ab</strong></span> <span class='ocrx_word' id='word_1_214' title='bbox 1389 3122 1506 3183; x_wconf 87' lang='lat' dir='ltr'><strong>amicis</strong></span> <span class='ocrx_word' id='word_1_215' title='bbox 1521 3128 1657 3204; x_wconf 89' lang='lat' dir='ltr'><strong>aulicis,</strong></span> 
     </span>
    </p>

    <p class='ocr_par' dir='ltr' id='par_1_9' title="bbox 401 3202 1657 3532">
     <span class='ocr_line' id='line_1_28' title="bbox 401 3202 1657 3283; baseline 0.005 -19"><span class='ocrx_word' id='word_1_216' title='bbox 401 3227 431 3277; x_wconf 84' lang='lat'><strong>15</strong></span> <span class='ocrx_word' id='word_1_217' title='bbox 444 3204 637 3283; x_wconf 89' lang='lat' dir='ltr'><strong>praesertim</strong></span> <span class='ocrx_word' id='word_1_218' title='bbox 672 3203 834 3282; x_wconf 83' lang='lat' dir='ltr'><strong>Episcopo</strong></span> <span class='ocrx_word' id='word_1_219' title='bbox 868 3202 1077 3282; x_wconf 89' lang='lat' dir='ltr'><strong>Augustensi,</strong></span> <span class='ocrx_word' id='word_1_220' title='bbox 1111 3209 1318 3282; x_wconf 87' lang='lat' dir='ltr'><strong>expectarem</strong></span> <span class='ocrx_word' id='word_1_221' title='bbox 1353 3204 1481 3266; x_wconf 82' lang='lat' dir='ltr'><strong>exitum</strong></span> <span class='ocrx_word' id='word_1_222' title='bbox 1518 3214 1657 3276; x_wconf 81' lang='lat' dir='ltr'><strong>concilii</strong></span> 
     </span>
     <span class='ocr_line' id='line_1_29' title="bbox 444 3285 1657 3369; baseline 0.011 -22"><span class='ocrx_word' id='word_1_223' title='bbox 444 3287 639 3365; x_wconf 86' lang='lat' dir='ltr'><strong>Augustani.</strong></span> <span class='ocrx_word' id='word_1_224' title='bbox 682 3286 778 3347; x_wconf 89' lang='lat' dir='ltr'><strong>Nunc</strong></span> <span class='ocrx_word' id='word_1_225' title='bbox 800 3305 901 3364; x_wconf 94' lang='lat' dir='ltr'><strong>quum</strong></span> <span class='ocrx_word' id='word_1_226' title='bbox 923 3286 1032 3348; x_wconf 91' lang='lat' dir='ltr'><strong>denuo</strong></span> <span class='ocrx_word' id='word_1_227' title='bbox 1054 3285 1208 3348; x_wconf 91' lang='lat' dir='ltr'><strong>librarem</strong></span> <span class='ocrx_word' id='word_1_228' title='bbox 1232 3286 1311 3360; x_wconf 91' lang='lat' dir='ltr'><strong>alas,</strong></span> <span class='ocrx_word' id='word_1_229' title='bbox 1334 3287 1445 3366; x_wconf 89' lang='lat' dir='ltr'><strong>aliquo</strong></span> <span class='ocrx_word' id='word_1_230' title='bbox 1468 3296 1657 3369; x_wconf 78' lang='lat' dir='ltr'><strong>prouolat-e</strong></span> 
     </span>
     <span class='ocr_line' id='line_1_30' title="bbox 444 3370 1656 3456; baseline 0.009 -25"><span class='ocrx_word' id='word_1_231' title='bbox 444 3372 596 3449; x_wconf 87' lang='lat' dir='ltr'><strong>gestiens,</strong></span> <span class='ocrx_word' id='word_1_232' title='bbox 618 3389 731 3431; x_wconf 90' lang='lat' dir='ltr'><strong>rursus</strong></span> <span class='ocrx_word' id='word_1_233' title='bbox 752 3371 859 3430; x_wconf 91' lang='lat' dir='ltr'><strong>iussus</strong></span> <span class='ocrx_word' id='word_1_234' title='bbox 881 3389 953 3430; x_wconf 89' lang='lat' dir='ltr'><strong>sum</strong></span> <span class='ocrx_word' id='word_1_235' title='bbox 975 3376 1148 3449; x_wconf 86' lang='lat' dir='ltr'><strong>expectare</strong></span> <span class='ocrx_word' id='word_1_236' title='bbox 1170 3370 1297 3431; x_wconf 85' lang='lat' dir='ltr'><strong>exitum</strong></span> <span class='ocrx_word' id='word_1_237' title='bbox 1320 3371 1448 3432; x_wconf 91' lang='lat' dir='ltr'><strong>concilii</strong></span> <span class='ocrx_word' id='word_1_238' title='bbox 1469 3371 1656 3456; x_wconf 87' lang='lat' dir='ltr'><strong>Spirensis,</strong></span> 
     </span>
     <span class='ocr_line' id='line_1_31' title="bbox 445 3453 1367 3532; baseline 0.002 -19"><span class='ocrx_word' id='word_1_239' title='bbox 445 3455 502 3532; x_wconf 92' lang='lat' dir='ltr'><strong>qui</strong></span> <span class='ocrx_word' id='word_1_240' title='bbox 516 3454 622 3531; x_wconf 89' lang='lat' dir='ltr'><strong>qualis</strong></span> <span class='ocrx_word' id='word_1_241' title='bbox 636 3453 769 3514; x_wconf 90' lang='lat' dir='ltr'><strong>futurus</strong></span> <span class='ocrx_word' id='word_1_242' title='bbox 784 3454 828 3513; x_wconf 92' lang='lat' dir='ltr'><strong>sit</strong></span> <span class='ocrx_word' id='word_1_243' title='bbox 842 3454 934 3514; x_wconf 88' lang='lat' dir='ltr'><strong>varia</strong></span> <span class='ocrx_word' id='word_1_244' title='bbox 948 3458 999 3513; x_wconf 88' lang='grc' dir='ltr'><strong>θεῖ</strong></span> <span class='ocrx_word' id='word_1_245' title='bbox 1014 3453 1183 3514; x_wconf 91' lang='lat' dir='ltr'><strong>hominum</strong></span> <span class='ocrx_word' id='word_1_246' title='bbox 1197 3453 1367 3515; x_wconf 91' lang='lat' dir='ltr'><strong>diuinatio.</strong></span> 
     </span>
    </p>

    <p class='ocr_par' dir='ltr' id='par_1_10' title="bbox 486 3535 1655 3616">
     <span class='ocr_line' id='line_1_32' title="bbox 486 3535 1655 3616; baseline 0.005 -18"><span class='ocrx_word' id='word_1_247' title='bbox 486 3536 550 3598; x_wconf 86' lang='lat' dir='ltr'><strong>Sed</strong></span> <span class='ocrx_word' id='word_1_248' title='bbox 558 3537 599 3598; x_wconf 93' lang='lat' dir='ltr'><strong>de</strong></span> <span class='ocrx_word' id='word_1_249' title='bbox 607 3536 702 3598; x_wconf 91' lang='lat' dir='ltr'><strong>nobis</strong></span> <span class='ocrx_word' id='word_1_250' title='bbox 710 3538 820 3616; x_wconf 89' lang='lat' dir='ltr'><strong>accipe</strong></span> <span class='ocrx_word' id='word_1_251' title='bbox 829 3537 918 3614; x_wconf 92' lang='lat' dir='ltr'><strong>quod</strong></span> <span class='ocrx_word' id='word_1_252' title='bbox 927 3536 1044 3598; x_wconf 86' lang='lat' dir='ltr'><strong>rideas.</strong></span> <span class='ocrx_word' id='word_1_253' title='bbox 1081 3535 1115 3598; x_wconf 92' lang='lat' dir='ltr'><strong>Si</strong></span> <span class='ocrx_word' id='word_1_254' title='bbox 1125 3537 1199 3614; x_wconf 90' lang='lat' dir='ltr'><strong>quis</strong></span> <span class='ocrx_word' id='word_1_255' title='bbox 1210 3537 1272 3598; x_wconf 92' lang='lat' dir='ltr'><strong>tibi</strong></span> <span class='ocrx_word' id='word_1_256' title='bbox 1283 3538 1455 3599; x_wconf 88' lang='lat' dir='ltr'><strong>nunciaret</strong></span> <span class='ocrx_word' id='word_1_257' title='bbox 1465 3539 1655 3610; x_wconf 83' lang='lat' dir='ltr'><strong>Erasmum</strong></span> 
     </span>
    </p>

    <p class='ocr_par' dir='ltr' id='par_1_11' title="bbox 399 3620 1656 4043">
     <span class='ocr_line' id='line_1_33' title="bbox 399 3620 1656 3710; baseline 0.006 -29"><span class='ocrx_word' id='word_1_258' title='bbox 399 3646 432 3681; x_wconf 89' lang='lat'><strong>20</strong></span> <span class='ocrx_word' id='word_1_259' title='bbox 444 3621 510 3681; x_wconf 86' lang='lat' dir='ltr'><strong>iam</strong></span> <span class='ocrx_word' id='word_1_260' title='bbox 519 3639 621 3699; x_wconf 92' lang='lat' dir='ltr'><strong>prope</strong></span> <span class='ocrx_word' id='word_1_261' title='bbox 630 3621 914 3699; x_wconf 89' lang='lat' dir='ltr'><strong>septuagenarium</strong></span> <span class='ocrx_word' id='word_1_262' title='bbox 923 3620 1056 3680; x_wconf 87' lang='lat' dir='ltr'><strong>duxisse</strong></span> <span class='ocrx_word' id='word_1_263' title='bbox 1065 3639 1210 3693; x_wconf 88' lang='lat' dir='ltr'><strong>vxorem,</strong></span> <span class='ocrx_word' id='word_1_264' title='bbox 1218 3640 1326 3683; x_wconf 91' lang='lat' dir='ltr'><strong>nonne</strong></span> <span class='ocrx_word' id='word_1_265' title='bbox 1335 3628 1451 3700; x_wconf 81' lang='lat' dir='ltr'><strong>terque</strong></span> <span class='ocrx_word' id='word_1_266' title='bbox 1459 3633 1656 3710; x_wconf 81' lang='lat' dir='ltr'><strong>quaterque</strong></span> 
     </span>
     <span class='ocr_line' id='line_1_34' title="bbox 445 3703 1655 3784; baseline 0.011 -21"><span class='ocrx_word' id='word_1_267' title='bbox 445 3709 479 3763; x_wconf 82' lang='lat' dir='ltr'><strong>te</strong></span> <span class='ocrx_word' id='word_1_268' title='bbox 500 3704 644 3782; x_wconf 88' lang='lat' dir='ltr'><strong>signares</strong></span> <span class='ocrx_word' id='word_1_269' title='bbox 667 3704 772 3764; x_wconf 87' lang='lat' dir='ltr'><strong>crucis</strong></span> <span class='ocrx_word' id='word_1_270' title='bbox 796 3704 958 3782; x_wconf 84' lang='lat' dir='ltr'><strong>imagine?</strong></span> <span class='ocrx_word' id='word_1_271' title='bbox 1001 3703 1138 3765; x_wconf 84' lang='lat' dir='ltr'><strong>Faceres</strong></span> <span class='ocrx_word' id='word_1_272' title='bbox 1163 3710 1216 3765; x_wconf 88' lang='lat' dir='ltr'><strong>sat</strong></span> <span class='ocrx_word' id='word_1_273' title='bbox 1241 3707 1316 3778; x_wconf 88' lang='lat' dir='ltr'><strong>scio,</strong></span> <span class='ocrx_word' id='word_1_274' title='bbox 1339 3711 1373 3766; x_wconf 92' lang='lat' dir='ltr'><strong>et</strong></span> <span class='ocrx_word' id='word_1_275' title='bbox 1398 3707 1553 3784; x_wconf 88' lang='lat' dir='ltr'><strong>equidem</strong></span> <span class='ocrx_word' id='word_1_276' title='bbox 1580 3732 1655 3777; x_wconf 93' lang='lat' dir='ltr'><strong>non</strong></span> 
     </span>
     <span class='ocr_line' id='line_1_35' title="bbox 444 3786 1655 3872; baseline 0.005 -25"><span class='ocrx_word' id='word_1_277' title='bbox 444 3787 572 3848; x_wconf 89' lang='lat' dir='ltr'><strong>iniuria.</strong></span> <span class='ocrx_word' id='word_1_278' title='bbox 615 3786 719 3865; x_wconf 88' lang='lat' dir='ltr'><strong>Atqui</strong></span> <span class='ocrx_word' id='word_1_279' title='bbox 738 3806 836 3860; x_wconf 88' lang='lat' dir='ltr'><strong>nune,</strong></span> <span class='ocrx_word' id='word_1_280' title='bbox 856 3789 901 3847; x_wconf 94' lang='lat' dir='ltr'><strong>mi</strong></span> <span class='ocrx_word' id='word_1_281' title='bbox 920 3786 1057 3860; x_wconf 86' lang='lat' dir='ltr'><strong>Rincke,</strong></span> <span class='ocrx_word' id='word_1_282' title='bbox 1078 3806 1146 3849; x_wconf 92' lang='lat' dir='ltr'><strong>rem</strong></span> <span class='ocrx_word' id='word_1_283' title='bbox 1166 3787 1228 3848; x_wconf 89' lang='lat' dir='ltr'><strong>feci</strong></span> <span class='ocrx_word' id='word_1_284' title='bbox 1249 3808 1309 3849; x_wconf 91' lang='lat' dir='ltr'><strong>nec</strong></span> <span class='ocrx_word' id='word_1_285' title='bbox 1331 3790 1438 3849; x_wconf 92' lang='lat' dir='ltr'><strong>minus</strong></span> <span class='ocrx_word' id='word_1_286' title='bbox 1460 3809 1655 3872; x_wconf 83' lang='lat' dir='ltr'><strong>operosam,</strong></span> 
     </span>
     <span class='ocr_line' id='line_1_36' title="bbox 445 3870 1655 3951; baseline 0.006 -21"><span class='ocrx_word' id='word_1_287' title='bbox 445 3889 504 3930; x_wconf 89' lang='lat' dir='ltr'><strong>nee</strong></span> <span class='ocrx_word' id='word_1_288' title='bbox 533 3870 641 3931; x_wconf 90' lang='lat' dir='ltr'><strong>minus</strong></span> <span class='ocrx_word' id='word_1_289' title='bbox 670 3871 853 3943; x_wconf 91' lang='lat' dir='ltr'><strong>molestam,</strong></span> <span class='ocrx_word' id='word_1_290' title='bbox 881 3889 941 3932; x_wconf 91' lang='lat' dir='ltr'><strong>nec</strong></span> <span class='ocrx_word' id='word_1_291' title='bbox 968 3871 1079 3931; x_wconf 89' lang='lat' dir='ltr'><strong>minus</strong></span> <span class='ocrx_word' id='word_1_292' title='bbox 1110 3870 1153 3931; x_wconf 92' lang='lat' dir='ltr'><strong>ab</strong></span> <span class='ocrx_word' id='word_1_293' title='bbox 1184 3872 1312 3950; x_wconf 89' lang='lat' dir='ltr'><strong>ingenio</strong></span> <span class='ocrx_word' id='word_1_294' title='bbox 1344 3872 1530 3951; x_wconf 85' lang='lat' dir='ltr'><strong>studiisque</strong></span> <span class='ocrx_word' id='word_1_295' title='bbox 1564 3884 1655 3943; x_wconf 77' lang='lat' dir='ltr'><strong>meis</strong></span> 
     </span>
     <span class='ocr_line' id='line_1_37' title="bbox 444 3952 1655 4043; baseline 0.003 -29"><span class='ocrx_word' id='word_1_296' title='bbox 444 3952 595 4015; x_wconf 88' lang='lat' dir='ltr'><strong>alienam.</strong></span> <span class='ocrx_word' id='word_1_297' title='bbox 639 3954 714 4014; x_wconf 83' lang='lat' dir='ltr'><strong>Emi</strong></span> <span class='ocrx_word' id='word_1_298' title='bbox 728 3954 862 4015; x_wconf 93' lang='lat' dir='ltr'><strong>domum</strong></span> <span class='ocrx_word' id='word_1_299' title='bbox 877 3954 1014 4034; x_wconf 90' lang='lat' dir='ltr'><strong>speciosi</strong></span> <span class='ocrx_word' id='word_1_300' title='bbox 1028 3955 1161 4033; x_wconf 91' lang='lat' dir='ltr'><strong>quidem</strong></span> <span class='ocrx_word' id='word_1_301' title='bbox 1175 3956 1326 4027; x_wconf 91' lang='lat' dir='ltr'><strong>nominis,</strong></span> <span class='ocrx_word' id='word_1_302' title='bbox 1341 3955 1399 4016; x_wconf 90' lang='lat' dir='ltr'><strong>sed</strong></span> <span class='ocrx_word' id='word_1_303' title='bbox 1413 3976 1533 4035; x_wconf 91' lang='lat' dir='ltr'><strong>parum</strong></span> <span class='ocrx_word' id='word_1_304' title='bbox 1548 3967 1655 4043; x_wconf 83' lang='lat' dir='ltr'><strong>aequi</strong></span> 
     </span>
    </p>

    <p class='ocr_par' dir='ltr' id='par_1_12' title="bbox 399 4035 1656 4458">
     <span class='ocr_line' id='line_1_38' title="bbox 399 4035 1655 4118; baseline 0.005 -20"><span class='ocrx_word' id='word_1_305' title='bbox 399 4062 431 4112; x_wconf 84' lang='lat'><strong>25</strong></span> <span class='ocrx_word' id='word_1_306' title='bbox 445 4038 553 4116; x_wconf 89' lang='lat' dir='ltr'><strong>pretii.</strong></span> <span class='ocrx_word' id='word_1_307' title='bbox 600 4035 679 4110; x_wconf 84' lang='lat' dir='ltr'><strong>Quis</strong></span> <span class='ocrx_word' id='word_1_308' title='bbox 708 4057 793 4097; x_wconf 91' lang='lat' dir='ltr'><strong>nunc</strong></span> <span class='ocrx_word' id='word_1_309' title='bbox 822 4037 974 4118; x_wconf 84' lang='lat' dir='ltr'><strong>desperet</strong></span> <span class='ocrx_word' id='word_1_310' title='bbox 1004 4058 1119 4100; x_wconf 86' lang='lat' dir='ltr'><strong>amnes</strong></span> <span class='ocrx_word' id='word_1_311' title='bbox 1152 4056 1248 4099; x_wconf 88' lang='lat' dir='ltr'><strong>verso</strong></span> <span class='ocrx_word' id='word_1_312' title='bbox 1279 4039 1314 4098; x_wconf 95' lang='lat' dir='ltr'><strong>in</strong></span> <span class='ocrx_word' id='word_1_313' title='bbox 1345 4038 1512 4101; x_wconf 89' lang='lat' dir='ltr'><strong>diuersum</strong></span> <span class='ocrx_word' id='word_1_314' title='bbox 1546 4063 1655 4111; x_wconf 83' lang='lat' dir='ltr'><strong>eursu</strong></span> 
     </span>
     <span class='ocr_line' id='line_1_39' title="bbox 445 4120 1656 4209; baseline 0.005 -27"><span class='ocrx_word' id='word_1_315' title='bbox 445 4120 629 4199; x_wconf 90' lang='lat' dir='ltr'><strong>relapsuros</strong></span> <span class='ocrx_word' id='word_1_316' title='bbox 647 4121 690 4181; x_wconf 90' lang='lat' dir='ltr'><strong>ad</strong></span> <span class='ocrx_word' id='word_1_317' title='bbox 703 4120 811 4181; x_wconf 87' lang='lat' dir='ltr'><strong>fontes</strong></span> <span class='ocrx_word' id='word_1_318' title='bbox 826 4141 912 4194; x_wconf 90' lang='lat' dir='ltr'><strong>suos,</strong></span> <span class='ocrx_word' id='word_1_319' title='bbox 927 4127 1143 4201; x_wconf 88' lang='lat' dir='ltr'><strong>posteaquam</strong></span> <span class='ocrx_word' id='word_1_320' title='bbox 1158 4121 1323 4194; x_wconf 86' lang='lat' dir='ltr'><strong>Erasmus,</strong></span> <span class='ocrx_word' id='word_1_321' title='bbox 1339 4123 1396 4200; x_wconf 93' lang='lat' dir='ltr'><strong>qui</strong></span> <span class='ocrx_word' id='word_1_322' title='bbox 1410 4121 1574 4189; x_wconf 85' lang='lat' dir='ltr'><strong>hactenus</strong></span> <span class='ocrx_word' id='word_1_323' title='bbox 1589 4149 1656 4209; x_wconf 81' lang='lat' dir='ltr'><strong>per</strong></span> 
     </span>
     <span class='ocr_line' id='line_1_40' title="bbox 445 4203 1654 4290; baseline 0.004 -25"><span class='ocrx_word' id='word_1_324' title='bbox 445 4223 576 4265; x_wconf 91' lang='lat' dir='ltr'><strong>omnem</strong></span> <span class='ocrx_word' id='word_1_325' title='bbox 590 4205 696 4264; x_wconf 90' lang='lat' dir='ltr'><strong>vitam</strong></span> <span class='ocrx_word' id='word_1_326' title='bbox 711 4204 821 4265; x_wconf 87' lang='lat' dir='ltr'><strong>omnia</strong></span> <span class='ocrx_word' id='word_1_327' title='bbox 835 4203 1030 4283; x_wconf 90' lang='lat' dir='ltr'><strong>posthabuit</strong></span> <span class='ocrx_word' id='word_1_328' title='bbox 1044 4205 1115 4265; x_wconf 90' lang='lat' dir='ltr'><strong>ocio</strong></span> <span class='ocrx_word' id='word_1_329' title='bbox 1128 4204 1284 4278; x_wconf 87' lang='lat' dir='ltr'><strong>literario,</strong></span> <span class='ocrx_word' id='word_1_330' title='bbox 1296 4205 1404 4267; x_wconf 87' lang='lat' dir='ltr'><strong>factus</strong></span> <span class='ocrx_word' id='word_1_331' title='bbox 1419 4212 1470 4267; x_wconf 91' lang='lat' dir='ltr'><strong>est</strong></span> <span class='ocrx_word' id='word_1_332' title='bbox 1485 4206 1654 4290; x_wconf 77' lang='lat' dir='ltr'><strong>licitatur,</strong></span> 
     </span>
     <span class='ocr_line' id='line_1_41' title="bbox 445 4286 1656 4367; baseline 0.006 -19"><span class='ocrx_word' id='word_1_333' title='bbox 445 4293 585 4366; x_wconf 89' lang='lat' dir='ltr'><strong>emptor,</strong></span> <span class='ocrx_word' id='word_1_334' title='bbox 606 4286 793 4366; x_wconf 91' lang='lat' dir='ltr'><strong>stipulator,</strong></span> <span class='ocrx_word' id='word_1_335' title='bbox 815 4292 940 4359; x_wconf 88' lang='lat' dir='ltr'><strong>cautor,</strong></span> <span class='ocrx_word' id='word_1_336' title='bbox 962 4286 1161 4360; x_wconf 88' lang='lat' dir='ltr'><strong>aedificator,</strong></span> <span class='ocrx_word' id='word_1_337' title='bbox 1184 4307 1222 4348; x_wconf 88' lang='lat' dir='ltr'><strong>ac</strong></span> <span class='ocrx_word' id='word_1_338' title='bbox 1243 4307 1303 4367; x_wconf 91' lang='lat' dir='ltr'><strong>pro</strong></span> <span class='ocrx_word' id='word_1_339' title='bbox 1325 4289 1427 4350; x_wconf 91' lang='lat' dir='ltr'><strong>Musis</strong></span> <span class='ocrx_word' id='word_1_340' title='bbox 1449 4310 1516 4351; x_wconf 88' lang='lat' dir='ltr'><strong>rem</strong></span> <span class='ocrx_word' id='word_1_341' title='bbox 1541 4293 1656 4362; x_wconf 78' lang='lat' dir='ltr'><strong>habet</strong></span> 
     </span>
     <span class='ocr_line' id='line_1_42' title="bbox 445 4369 1654 4458; baseline 0.007 -26"><span class='ocrx_word' id='word_1_342' title='bbox 445 4390 521 4432; x_wconf 88' lang='lat' dir='ltr'><strong>oum</strong></span> <span class='ocrx_word' id='word_1_343' title='bbox 545 4370 647 4431; x_wconf 87' lang='lat' dir='ltr'><strong>fabris</strong></span> <span class='ocrx_word' id='word_1_344' title='bbox 672 4369 827 4449; x_wconf 86' lang='lat' dir='ltr'><strong>lignariis,</strong></span> <span class='ocrx_word' id='word_1_345' title='bbox 850 4369 1004 4443; x_wconf 89' lang='lat' dir='ltr'><strong>ferrariis,</strong></span> <span class='ocrx_word' id='word_1_346' title='bbox 1029 4369 1205 4450; x_wconf 84' lang='lat' dir='ltr'><strong>lapidariis,</strong></span> <span class='ocrx_word' id='word_1_347' title='bbox 1228 4373 1396 4433; x_wconf 86' lang='lat' dir='ltr'><strong>vitrariis?</strong></span> <span class='ocrx_word' id='word_1_348' title='bbox 1439 4373 1511 4436; x_wconf 84' lang='lat' dir='ltr'><strong>Hae</strong></span> <span class='ocrx_word' id='word_1_349' title='bbox 1534 4396 1654 4458; x_wconf 82' lang='lat' dir='ltr'><strong>curae,</strong></span> 
     </span>
    </p>

    <p class='ocr_par' dir='ltr' id='par_1_13' title="bbox 399 4453 1655 4626">
     <span class='ocr_line' id='line_1_43' title="bbox 399 4453 1655 4534; baseline 0.006 -18"><span class='ocrx_word' id='word_1_350' title='bbox 399 4480 433 4530; x_wconf 87' lang='lat'><strong>30</strong></span> <span class='ocrx_word' id='word_1_351' title='bbox 445 4455 491 4514; x_wconf 93' lang='lat' dir='ltr'><strong>mi</strong></span> <span class='ocrx_word' id='word_1_352' title='bbox 508 4454 644 4527; x_wconf 86' lang='lat' dir='ltr'><strong>Rincke,</strong></span> <span class='ocrx_word' id='word_1_353' title='bbox 662 4473 683 4515; x_wconf 99' lang='lat' dir='ltr'><strong>a</strong></span> <span class='ocrx_word' id='word_1_354' title='bbox 699 4453 819 4532; x_wconf 88' lang='lat' dir='ltr'><strong>quibus</strong></span> <span class='ocrx_word' id='word_1_355' title='bbox 835 4471 926 4514; x_wconf 89' lang='lat' dir='ltr'><strong>meus</strong></span> <span class='ocrx_word' id='word_1_356' title='bbox 948 4473 1077 4534; x_wconf 88' lang='lat' dir='ltr'><strong>semper</strong></span> <span class='ocrx_word' id='word_1_357' title='bbox 1096 4454 1271 4515; x_wconf 90' lang='lat' dir='ltr'><strong>abhorruit</strong></span> <span class='ocrx_word' id='word_1_358' title='bbox 1291 4457 1414 4533; x_wconf 90' lang='lat' dir='ltr'><strong>genius,</strong></span> <span class='ocrx_word' id='word_1_359' title='bbox 1434 4476 1487 4518; x_wconf 89' lang='lat' dir='ltr'><strong>mc</strong></span> <span class='ocrx_word' id='word_1_360' title='bbox 1508 4463 1655 4529; x_wconf 87' lang='lat' dir='ltr'><strong>tantum</strong></span> 
     </span>
     <span class='ocr_line' id='line_1_44' title="bbox 445 4536 1655 4626; baseline 0.007 -28"><span class='ocrx_word' id='word_1_361' title='bbox 445 4556 511 4598; x_wconf 92' lang='lat' dir='ltr'><strong>non</strong></span> <span class='ocrx_word' id='word_1_362' title='bbox 526 4538 758 4599; x_wconf 87' lang='lat' dir='ltr'><strong>exanimarunt</strong></span> <span class='ocrx_word' id='word_1_363' title='bbox 772 4536 871 4597; x_wconf 79' lang='lat' dir='ltr'><strong>tedio</strong></span> <span class='ocrx_word' id='word_1_364' title='bbox 914 4536 960 4597; x_wconf 84' lang='lat' dir='ltr'><strong>Et</strong></span> <span class='ocrx_word' id='word_1_365' title='bbox 974 4537 1082 4598; x_wconf 87' lang='lat' dir='ltr'><strong>adhuc</strong></span> <span class='ocrx_word' id='word_1_366' title='bbox 1097 4538 1283 4617; x_wconf 88' lang='lat' dir='ltr'><strong>peregrinor</strong></span> <span class='ocrx_word' id='word_1_367' title='bbox 1297 4539 1330 4599; x_wconf 94' lang='lat' dir='ltr'><strong>in</strong></span> <span class='ocrx_word' id='word_1_368' title='bbox 1345 4541 1484 4619; x_wconf 86' lang='lat' dir='ltr'><strong>propriis</strong></span> <span class='ocrx_word' id='word_1_369' title='bbox 1494 4543 1655 4626; x_wconf 78' lang='lat' dir='ltr'><strong>aedibus,</strong></span> 
     </span>
    </p>
   </div>
   <div class='ocr_carea' id='block_1_7' title="bbox 681 4646 1406 4699">
    <p class='ocr_par' dir='ltr' id='par_1_14' title="bbox 681 4646 1406 4699">
     <span class='ocr_line' id='line_1_45' title="bbox 681 4646 1406 4699; baseline 0.004 -3"><span class='ocrx_word' id='word_1_370' title='bbox 681 4646 757 4696; x_wconf 74' lang='lat'><strong>2534.</strong></span> <span class='ocrx_word' id='word_1_371' title='bbox 774 4659 830 4695; x_wconf 86' lang='lat' dir='ltr'><strong>rrr.</strong></span> <span class='ocrx_word' id='word_1_372' title='bbox 849 4658 914 4696; x_wconf 84' lang='lat' dir='ltr'><strong>nna.</strong></span> <span class='ocrx_word' id='word_1_373' title='bbox 927 4661 979 4696; x_wconf 85' lang='lat' dir='ltr'><strong>om.</strong></span> <span class='ocrx_word' id='word_1_374' title='bbox 993 4646 1031 4696; x_wconf 91' lang='lat' dir='ltr'><strong>N.</strong></span> <span class='ocrx_word' id='word_1_375' title='bbox 1098 4660 1248 4698; x_wconf 70' lang='lat' dir='ltr'><strong>cnossiae.</strong></span> <span class='ocrx_word' id='word_1_376' title='bbox 1261 4661 1290 4698; x_wconf 88' lang='lat' dir='ltr'><strong>n.</strong></span> <span class='ocrx_word' id='word_1_377' title='bbox 1303 4664 1356 4699; x_wconf 87' lang='lat' dir='ltr'><strong>om.</strong></span> <span class='ocrx_word' id='word_1_378' title='bbox 1369 4648 1406 4698; x_wconf 88' lang='lat' dir='ltr'><strong>N.</strong></span> 
     </span>
    </p>
   </div>
   <div class='ocr_carea' id='block_1_8' title="bbox 445 4779 1655 5049">
    <p class='ocr_par' dir='ltr' id='par_1_15' title="bbox 445 4779 1655 4988">
     <span class='ocr_line' id='line_1_46' title="bbox 480 4779 1594 4852; baseline 0.004 -23"><span class='ocrx_word' id='word_1_379' title='bbox 480 4780 556 4831; x_wconf 77' lang='lat'><strong>2534.</strong></span> <span class='ocrx_word' id='word_1_380' title='bbox 576 4794 617 4845; x_wconf 88' lang='lat'><strong>13.</strong></span> <span class='ocrx_word' id='word_1_381' title='bbox 635 4780 771 4840; x_wconf 86' lang='lat' dir='ltr'><strong>Quum..</strong></span> <span class='ocrx_word' id='word_1_382' title='bbox 787 4816 793 4829; x_wconf 94' lang='lat'><strong>.</strong></span> <span class='ocrx_word' id='word_1_383' title='bbox 809 4780 847 4829; x_wconf 88' lang='lat'><strong>18.</strong></span> <span class='ocrx_word' id='word_1_384' title='bbox 866 4779 1019 4843; x_wconf 87' lang='lat' dir='ltr'><strong>diuinatio]</strong></span> <span class='ocrx_word' id='word_1_385' title='bbox 1104 4796 1147 4831; x_wconf 90' lang='lat'><strong>20.</strong></span> <span class='ocrx_word' id='word_1_386' title='bbox 1164 4783 1293 4843; x_wconf 76' lang='lat' dir='ltr'><strong>uxorem]</strong></span> <span class='ocrx_word' id='word_1_387' title='bbox 1306 4783 1357 4833; x_wconf 87' lang='lat' dir='ltr'><strong>See</strong></span> <span class='ocrx_word' id='word_1_388' title='bbox 1369 4784 1424 4848; x_wconf 81' lang='lat' dir='ltr'><strong>Ep.</strong></span> <span class='ocrx_word' id='word_1_389' title='bbox 1436 4784 1512 4845; x_wconf 81' lang='lat'><strong>2508.</strong></span> <span class='ocrx_word' id='word_1_390' title='bbox 1528 4800 1594 4852; x_wconf 81' lang='lat'>14¹²·</span> 
     </span>
     <span class='ocr_line' id='line_1_47' title="bbox 445 4846 1629 4914; baseline 0.005 -18"><span class='ocrx_word' id='word_1_391' title='bbox 445 4846 558 4897; x_wconf 87' lang='lat' dir='ltr'><strong>Letters</strong></span> <span class='ocrx_word' id='word_1_392' title='bbox 574 4847 672 4912; x_wconf 86' lang='lat' dir='ltr'><strong>giving</strong></span> <span class='ocrx_word' id='word_1_393' title='bbox 688 4848 739 4898; x_wconf 89' lang='lat' dir='ltr'><strong>the</strong></span> <span class='ocrx_word' id='word_1_394' title='bbox 756 4846 856 4897; x_wconf 81' lang='lat' dir='ltr'><strong>advice</strong></span> <span class='ocrx_word' id='word_1_395' title='bbox 873 4847 1017 4898; x_wconf 78' lang='lat' dir='ltr'><strong>indicated</strong></span> <span class='ocrx_word' id='word_1_396' title='bbox 1101 4863 1143 4911; x_wconf 83' lang='lat'><strong>24.</strong></span> <span class='ocrx_word' id='word_1_397' title='bbox 1162 4848 1353 4910; x_wconf 87' lang='lat' dir='ltr'><strong>domum]&#39;See</strong></span> <span class='ocrx_word' id='word_1_398' title='bbox 1364 4850 1419 4914; x_wconf 79' lang='lat' dir='ltr'><strong>Ep.</strong></span> <span class='ocrx_word' id='word_1_399' title='bbox 1432 4854 1507 4912; x_wconf 82' lang='lat'><strong>2506.</strong></span> <span class='ocrx_word' id='word_1_400' title='bbox 1523 4867 1569 4905; x_wconf 84' lang='lat' dir='ltr'><strong>rn.</strong></span> <span class='ocrx_word' id='word_1_401' title='bbox 1626 4889 1629 4894; x_wconf 51' lang='grc'><strong><em>,</em></strong></span> 
     </span>
     <span class='ocr_line' id='line_1_48' title="bbox 445 4916 1655 4988; baseline 0.004 -25"><span class='ocrx_word' id='word_1_402' title='bbox 445 4928 494 4963; x_wconf 87' lang='lat' dir='ltr'><strong>are</strong></span> <span class='ocrx_word' id='word_1_403' title='bbox 505 4918 681 4964; x_wconf 86' lang='lat' dir='ltr'><strong>notsxtant.</strong></span> <span class='ocrx_word' id='word_1_404' title='bbox 1101 4918 1144 4965; x_wconf 84' lang='lat'><strong>26.</strong></span> <span class='ocrx_word' id='word_1_405' title='bbox 1163 4916 1298 4966; x_wconf 80' lang='lat' dir='ltr'><strong>Erasmus</strong></span> <span class='ocrx_word' id='word_1_406' title='bbox 1317 4954 1323 4966; x_wconf 96' lang='lat'><strong>.</strong></span> <span class='ocrx_word' id='word_1_407' title='bbox 1343 4953 1350 4966; x_wconf 92' lang='lat'><strong>.</strong></span> <span class='ocrx_word' id='word_1_408' title='bbox 1370 4952 1377 4967; x_wconf 91' lang='lat'><strong>.</strong></span> <span class='ocrx_word' id='word_1_409' title='bbox 1395 4931 1436 4978; x_wconf 86' lang='lat'><strong>29.</strong></span> <span class='ocrx_word' id='word_1_410' title='bbox 1453 4917 1655 4988; x_wconf 63' lang='lat' dir='ltr'><strong>viti-anilem,</strong></span> 
     </span>
    </p>

    <p class='ocr_par' dir='ltr' id='par_1_16' title="bbox 483 4979 1315 5049">
     <span class='ocr_line' id='line_1_49' title="bbox 483 4979 1315 5049; baseline 0.006 -20"><span class='ocrx_word' id='word_1_411' title='bbox 483 4994 522 5044; x_wconf 84' lang='lat'><strong>17.</strong></span> <span class='ocrx_word' id='word_1_412' title='bbox 540 4980 690 5045; x_wconf 83' lang='lat' dir='ltr'><strong>Spirensis]</strong></span> <span class='ocrx_word' id='word_1_413' title='bbox 703 4979 820 5049; x_wconf 82' lang='lat' dir='ltr'><strong>SeeEp.</strong></span> <span class='ocrx_word' id='word_1_414' title='bbox 833 4993 982 5046; x_wconf 84' lang='lat' dir='ltr'><strong>2511.43n.</strong></span> <span class='ocrx_word' id='word_1_415' title='bbox 1068 4982 1123 5047; x_wconf 81' lang='lat' dir='ltr'><strong>Ep.</strong></span> <span class='ocrx_word' id='word_1_416' title='bbox 1136 4983 1211 5044; x_wconf 86' lang='lat'><strong>2518.</strong></span> <span class='ocrx_word' id='word_1_417' title='bbox 1224 4996 1315 5046; x_wconf 85' lang='lat'><strong>²7·32·</strong></span> 
     </span>
    </p>
   </div>
   <div class='ocr_carea' id='block_1_9' title="bbox 0 0 2026 5900">
    <p class='ocr_par' dir='ltr' id='par_1_17' title="bbox 0 0 2026 5900">
     <span class='ocr_line' id='line_1_50' title="bbox 0 0 2026 5900; baseline 0 1"><span class='ocrx_word' id='word_1_418' title='bbox 0 0 2026 5900; x_wconf 95' lang='lat' dir='ltr'><strong> </strong></span> 
     </span>
    </p>
   </div>
  </div>
 </body>
</html>
