4042 5900
592 635 633 696 46
922 634 1121 698 LETTERS
1142 634 1198 698 OF
1218 634 1425 699 ERASMUS
1701 636 1797 716 [1530

549 818 580 868 1⁵
635 796 804 877 Perspicit,
833 780 958 876 opinor,
987 801 1048 858 tua
1075 795 1253 876 prudentia
1279 795 1459 877 Collegium
1492 795 1671 877 'lh-ilingue,
1706 796 1796 877 quod

594 880 732 941 Louanii
745 898 850 959 nuper
860 881 1053 941 institutum
1067 885 1128 953 est,
1143 899 1209 941 non
1224 879 1373 941 infimum
1387 899 1457 941 esse
1467 879 1646 943 Caesareae
1660 880 1797 943 ditionis

593 968 835 1025 ornamentum.
877 963 924 1023 At
938 982 1053 1025 census
1068 969 1147 1024 sunt
1157 962 1336 1025 admodum
1347 968 1473 1036 tenues,
1488 964 1611 1044 vixque
1625 964 1796 1026 sufficiunt

594 1047 781 1107 necessariis
795 1047 976 1125 impendiis.
1007 1047 1147 1126 Regium
1162 1053 1235 1107 erat
1248 1047 1429 1125 negocium,
1445 1047 1536 1125 quod
1550 1048 1601 1108 vir
1614 1046 1797 1109 immortali

594 1130 763 1191 hominum
786 1132 942 1190 memoria
963 1130 1080 1210 dignus
1101 1130 1323 1207 Hieronymus
1343 1129 1529 1192 Busleidius
1549 1131 1664 1192 animo
1683 1150 1796 1192 conos

548 1234 582 1271 20
595 1217 710 1293 perat3
733 1214 825 1274 cuius
840 1213 1077 1293 benignitatem
1091 1214 1119 1273 si
1137 1212 1279 1273 facultas
1300 1220 1484 1293 aequasset,
1499 1212 1581 1275 nihil
1601 1233 1688 1294 opus
1709 1219 1797 1276 esset

595 1296 710 1358 alienis
729 1297 907 1375 praesidiis.
952 1296 1146 1358 Vniuersam
1167 1295 1336 1358 fortunam
1360 1316 1454 1358 suam
1475 1297 1551 1358 huic
1574 1296 1797 1378 pulcherrimo

595 1379 757 1459 impendit
781 1380 933 1458 negocio;
964 1381 1017 1441 cui
1043 1380 1070 1440 si
1096 1386 1156 1440 tua
1180 1379 1366 1441 sublimitas
1394 1379 1506 1441 fauere
1529 1380 1733 1460 dignabitur,
1759 1387 1797 1441 vt

596 1463 720 1542 optime
735 1464 909 1524 mereberis
924 1462 965 1523 de
979 1462 1108 1534 studiis,
1123 1464 1172 1523 ita
1190 1469 1226 1523 et
1240 1462 1328 1542 apud
1343 1463 1492 1525 homines
1505 1464 1688 1543 plurimum
1699 1482 1797 1525 verae

596 1547 718 1626 gloriae
736 1545 950 1625 comparabis,
971 1553 1007 1607 et
1027 1546 1097 1606 Deo
1115 1565 1184 1606 rem
1204 1547 1407 1625 cumprimis
1426 1553 1556 1626 gratam
1575 1546 1795 1609 faeneratis-

551 1650 583 1699 25
596 1650 674 1691 nam
696 1649 762 1709 quo
784 1628 885 1690 verbo
908 1630 1020 1708 potius
1042 1636 1127 1701 vtar,
1150 1648 1252 1707 quum
1272 1648 1333 1708 pro
1351 1631 1552 1709 temporaria
1570 1630 1797 1692 munificentia

596 1713 746 1774 coelestis
770 1714 857 1773 vitae
882 1714 1064 1791 praemium
1089 1714 1285 1791 reponitur?
1336 1712 1494 1775 Incidunt
1514 1713 1684 1775 interdum
1706 1733 1796 1776 occa

597 1798 713 1869 siones,
729 1802 768 1857 vt
783 1796 867 1856 citra
881 1815 990 1856 rerum
1010 1802 1145 1856 tuarum
1167 1796 1403 1857 detrimentum
1425 1816 1621 1877 magnopere
1642 1796 1798 1877 prodesse

597 1880 710 1960 possis.
755 1877 880 1940 Saltem
899 1879 951 1938 hic
973 1879 1073 1940 velim
1095 1878 1157 1939 tibi
1178 1880 1212 1938 in
1227 1885 1370 1940 mentem
1386 1881 1496 1941 venire
1511 1880 1681 1960 Trilingue
1694 1879 1797 1942 Colle·

597 1964 696 2043 gium.
740 1961 804 2035 Qui
825 1962 886 2022 hoc
909 1962 1020 2022 animo
1045 1968 1096 2022 est
1118 1968 1157 2021 vt
1179 1967 1342 2040 quantum
1365 1969 1477 2042 potest
1500 1969 1633 2025 tantum
1658 1970 1694 2025 et
1717 1963 1799 2025 velit

551 2065 585 2114 30
598 2046 750 2108 omnibus
765 2045 964 2117 benefacere,
980 2045 1056 2106 huic
1076 2045 1319 2123 quodammodo
1336 2052 1485 2125 praestat
1499 2047 1642 2108 officium
1656 2047 1716 2126 qui
1730 2045 1797 2108 vel·

597 2129 677 2191 licat
701 2148 823 2201 aurem,
853 2129 1034 2189 admonens
1063 2128 1120 2188 vbi
1149 2134 1238 2189 recte
1266 2129 1379 2190 valeat
1411 2129 1604 2191 beneficium
1634 2129 1798 2192 collocari.

598 2212 666 2275 Scis
681 2232 780 2291 quam
795 2231 862 2272 non
877 2211 999 2272 soleam
1013 2212 1095 2272 mihi
1109 2218 1209 2291 petax
1230 2231 1319 2285 esse;
1350 2212 1487 2292 proinde
1507 2213 1597 2291 quod
1611 2213 1799 2275 studiorum

598 2316 692 2357 amor
720 2315 771 2356 me
796 2295 878 2356 facit
906 2295 1136 2374 flagitatorem,
1166 2315 1251 2373 quae
1279 2302 1340 2356 tua
1374 2302 1425 2357 est
1454 2296 1654 2370 humanitas,
1678 2297 1801 2377 pietati

598 2379 724 2442 tribues
739 2379 849 2458 potius
864 2397 964 2457 quam
979 2377 1194 2458 improbitati.

553 2480 586 2530 35
641 2462 784 2541 Lapidor
805 2462 857 2522 hic
880 2463 1019 2522 istorum
1043 2460 1170 2522 libellis.
1215 2461 1287 2522 Iam
1311 2468 1437 2541 septem
1458 2462 1685 2542 prouolarunt,
1704 2463 1801 2545 longe

599 2545 710 2626 plures
731 2552 879 2625 expecto.
924 2545 1129 2606 Postremam
1151 2544 1345 2624 Apologiam
1367 2565 1475 2606 meam
1495 2547 1538 2607 ad
1558 2551 1652 2608 tuam
1666 2547 1801 2609 celsitu·

600 2629 710 2691 dinem
731 2630 838 2690 mitto.
883 2628 1010 2689 Horum
1033 2630 1067 2688 in
1089 2648 1141 2689 me
1163 2628 1383 2707 petulantiam
1405 2636 1539 2709 oportet
1558 2650 1609 2691 me
1629 2630 1711 2692 boni
1724 2650 1801 2693 con·

600 2712 715 2785 sulere,
730 2732 832 2790 quum
847 2731 887 2772 ea
901 2731 960 2772 nec
981 2711 1157 2772 Caesareae
1176 2718 1292 2791 parcat
1311 2714 1487 2774 maiestati.
1532 2713 1585 2775 Me
1604 2719 1719 2775 tamen
1732 2733 1801 2776 non

601 2796 729 2858 deficiet
743 2796 881 2866 animus,
894 2797 921 2855 si
936 2796 1120 2874 principum
1135 2795 1231 2855 fauor
1245 2814 1297 2855 me
1311 2795 1427 2856 fulcire
1441 2815 1507 2857 non
1522 2798 1658 2857 desinet.
1693 2796 1801 2859 Auide

554 2897 589 2947 40
600 2885 813 2960 expectamus
822 2885 860 2938 vt
871 2878 1032 2939 Dominus
1043 2880 1148 2939 nostri
1162 2879 1316 2939 misertus
1331 2898 1388 2959 per
1402 2878 1548 2941 Caesaris
1563 2900 1601 2941 ac
1612 2881 1801 2961 principum

600 2965 758 3044 pietatem
781 2982 819 3023 ac
844 2963 1055 3041 prudentiam
1078 2963 1300 3024 tristissimam
1324 2963 1410 3024 hanc
1434 2984 1542 3025 rerum
1564 2970 1801 3044 tempestatem

601 3046 696 3109 nobis
711 3052 823 3107 vertat
842 3047 875 3105 in
897 3046 1183 3124 tranquillitatem.
1222 3047 1263 3106 R.
1280 3047 1534 3126 amplitudinem
1552 3053 1645 3110 tuam
1660 3049 1801 3129 sospitet

602 3150 639 3191 ao
654 3135 825 3209 prosperet
839 3129 1000 3189 Dominus
1015 3128 1115 3189 Iesus.

644 3214 768 3273 Datum
805 3212 893 3291 apud
929 3212 1125 3291 Friburgum
1160 3211 1326 3291 Brisgoiae
1362 3214 1444 3294 prid.
1481 3213 1612 3275 Natalis
1648 3213 1801 3294 Virginis.

556 3313 588 3363 45
602 3317 654 3358 an.
672 3310 761 3373 1530.

901 3516 1000 3576 2383.
1048 3512 1101 3576 To
1125 3513 1305 3576 Bassareu
1329 3529 1374 3577 or
1397 3511 1499 3577 Onus.

641 3641 801 3714 Epistolae
814 3641 957 3696 Floridee
969 3658 1000 3711 p.
1016 3657 1061 3710 94.
1547 3640 1705 3712 Freiburg.

641 3716 874 3860 Kffl31p339N
888 3733 919 3787 p.
936 3730 1025 3782 1025:
1046 3715 1144 3770 Lond.
1159 3714 1242 3769 xxvi.
1258 3716 1312 3768 28:
1452 3726 1470 3784 7
1483 3714 1665 3787 September
1680 3730 1765 3785 1530.

703 3925 857 3970 EBASMVS
871 3924 1120 3969 Rornnonsttvs
1135 3924 1320 3969 Bnnrtsano
1335 3923 1494 3969 nrlscoro
1510 3925 1553 3968 ΕΤ
1567 3925 1707 3970 CARDIN-

1077 4007 1287 4052 mommo
1302 4008 1328 4052 8.

647 4107 792 4182 strtno
817 4128 912 4188 pares
937 4127 1033 4186 agam
1058 4108 1182 4186 gratias
1207 4113 1277 4169 tam
1301 4107 1469 4168 inauditae
1490 4108 1693 4170 humanitati
1714 4112 1801 4184 tuae,

606 4192 890 4253 Reuerendissime
912 4190 1056 4263 Praesul,
1077 4210 1161 4268 quse
1176 4191 1275 4252 toties
1296 4210 1349 4251 me
1363 4191 1487 4252 inuitat
1501 4192 1544 4251 ad
1566 4211 1643 4253 suae
1658 4191 1801 4254 familiae

606 4275 883 4338 contubernium?
926 4273 1011 4347 Quid
1034 4281 1147 4335 autem
1168 4275 1248 4335 mihi
1269 4275 1380 4353 potius
1398 4274 1619 4348 ambiendum,
1634 4281 1695 4337 aut
1713 4276 1801 4356 apud

607 4378 705 4440 quem
723 4358 880 4419 libentius
901 4358 1049 4430 vixerim,
1072 4358 1134 4418 nisi
1155 4357 1232 4418 talis
1252 4363 1337 4418 esset
1359 4362 1451 4418 aetas
1470 4377 1509 4417 ac
1530 4358 1687 4420 valetudo
1701 4365 1741 4420 vt
1760 4358 1801 4422 ad

578 4443 755 4519 5omnium
769 4442 957 4503 conuictum
973 4443 1034 4502 sim
1049 4441 1198 4502 inutilis?
1228 4460 1269 4501 ne
1284 4442 1433 4501 victurus
1443 4440 1586 4520 quidem,
1598 4442 1662 4502 nisi
1671 4461 1801 4522 corpus·

607 4526 718 4587 culum
740 4525 802 4586 hoc
824 4524 905 4586 mihi
929 4525 1026 4603 longa
1049 4524 1252 4603 experientia
1276 4524 1443 4602 cognitum
1468 4543 1542 4585 meo
1567 4545 1657 4587 more
1678 4532 1801 4606 tempe·

607 4628 723 4670 rerem.
768 4606 854 4670 Olim
865 4627 954 4669 eram
966 4608 1009 4668 ab
1024 4607 1131 4668 aulica
1145 4608 1216 4668 vita
1227 4607 1375 4668 nonnihil
1387 4607 1575 4669 abhorrens.
1612 4609 1734 4671 Verum
1744 4609 1801 4670 vbi

742 4717 817 4767 2³82.
835 4731 877 4781 34.
896 4717 1004 4767 tribues
1016 4716 1196 4780 scripsimus:
1214 4717 1323 4767 tribuet
1333 4716 1364 4766 J.
1433 4731 1475 4779 39.
1493 4717 1620 4769 destinat
1631 4718 1669 4769 N.

642 4851 718 4901 2382.
736 4848 967 4915 35.septem]See
974 4848 1181 4914 Ep.2375.64n.
1266 4851 1308 4912 38.
1325 4848 1488 4912 Caesarem]
1500 4850 1586 4901 SeeE
1611 4889 1617 4901 .
1630 4863 1704 4915 2375.
1716 4852 1782 4901 ocri.

643 4921 685 4980 36.
703 4917 881 4982 Apologiam]
898 4916 959 4967 The
975 4915 1127 4979 Responsio
1146 4916 1183 4965 od
1266 4916 1340 4965 2383.
1353 4930 1378 4965 2.
1390 4916 1564 4980 inuitatJSee
1598 4933 1648 4984 pp.
1658 4931 1733 4978 2²99·
1741 4930 1801 4981 3511,

610 4985 720 5035 Fratres
732 4984 819 5036 Germ.
827 4983 880 5047 inf.
904 4983 955 5034 See
966 4982 1021 5048 Ep.
1029 4996 1104 5047 ²377·
1115 4996 1181 5046 17n.
1232 4995 1307 5046 2334.
1319 4986 1378 5045 5-6.
