4042 5900
387 660 483 739 2611]
743 659 800 722 TO
820 656 982 722 JACOPO
1004 657 1229 721 SADOLETO
1521 657 1583 719 4³7

385 820 595 899 Episcopum.
633 819 761 880 Horum
775 820 842 880 suis
856 820 992 899 quisque
1007 819 1141 881 dotibus
1155 837 1302 880 summus
1316 823 1398 880 erat.
1435 817 1582 879 Athana·
1597 855 1630 903 50

386 903 513 964 eiusad
532 902 713 963 docendum
736 903 1110 964 accommodatissimus:
1137 901 1363 962 Nazianzenus
1383 901 1533 963 floridum
1548 908 1583 962 et

386 992 540 1065 argutum
563 987 720 1046 orationis
739 1005 840 1065 genus
857 985 1027 1064 amplexus
1046 986 1197 1046 videtur:
1227 983 1487 1063 Chrysostomus,
1506 985 1583 1045 licet

387 1069 498 1149 pulcre
516 1089 576 1130 suo
597 1071 781 1149 cognomini
800 1070 1008 1149 respondens,
1028 1068 1149 1129 alicubi
1171 1068 1279 1129 verbis
1301 1068 1474 1141 redundat,
1492 1074 1527 1128 et
1548 1070 1583 1128 in

387 1152 638 1232 digressionibus
650 1152 781 1213 videtur
789 1153 999 1214 immodicus:
1023 1152 1174 1231 Nyseeno
1183 1152 1308 1231 placuit
1316 1153 1372 1231 pia
1380 1150 1581 1230 simplicitas.

386 1235 434 1297 At
445 1235 681 1315 Philostorgius
696 1237 729 1296 in
741 1242 873 1297 tantum
887 1235 1046 1315 praetulit
1057 1235 1239 1296 Athanasio
1254 1235 1410 1295 Basilium
1426 1241 1465 1295 vt
1475 1236 1582 1295 virum
1597 1272 1628 1320 55

387 1319 510 1397 alioqui
525 1338 689 1380 summum
712 1339 786 1380 cum
806 1319 928 1380 Basilio
948 1318 1104 1380 collatum
1124 1319 1291 1397 scripserit
1308 1318 1412 1379 videri
1433 1337 1581 1398 puerum.

387 1402 613 1463 Nazianzenus
634 1402 810 1463 videbatur
831 1422 905 1463 cum
927 1402 1049 1463 Basilio
1070 1403 1162 1481 paria
1185 1402 1343 1473 facturus,
1366 1403 1400 1462 ni
1422 1402 1508 1462 inter
1531 1408 1583 1462 tot

387 1493 582 1547 ornamenta
605 1504 726 1547 naeuos
754 1485 881 1565 aliquot
908 1485 1075 1546 interdum
1099 1485 1236 1546 haberet
1264 1486 1436 1564 inspersos.
1480 1484 1582 1564 Argu-

387 1570 509 1629 tiarum
535 1575 569 1631 et
594 1575 748 1630 externae
770 1570 948 1648 sapientiae
975 1568 1154 1641 affectatio,
1180 1568 1394 1647 dictionisque
1417 1573 1585 1629 structura

387 1652 431 1712 ab
451 1653 606 1713 Isocratis
623 1652 773 1732 exemplo
792 1672 859 1713 non
876 1651 1065 1725 abhorrens,
1085 1652 1233 1712 nonnihil
1255 1653 1416 1731 resipiunt
1437 1651 1582 1713 scholam
1596 1673 1630 1724 ⁶0

388 1734 595 1796 rhetoricam.
639 1735 738 1797 Cuius
757 1737 803 1797 rei
820 1737 848 1796 si
867 1737 940 1815 quis
960 1735 1058 1795 fidem
1076 1736 1233 1814 requirat,
1249 1736 1283 1795 in
1304 1734 1467 1808 Monodia,
1483 1754 1582 1813 quam

368 1840 372 1849 ’
386 1819 431 1880 ab
446 1839 479 1879 se
495 1839 709 1880 summacura
719 1819 921 1880 elaboratam
935 1837 1002 1879 non
1013 1818 1199 1879 dissimulat
1209 1820 1288 1898 ipae,
1299 1817 1426 1879 videbit
1440 1818 1583 1879 multum

386 1902 574 1963 fabularum
596 1904 734 1982 epoetis
753 1904 903 1975 ascitum,
918 1902 1045 1963 videbit
1062 1907 1097 1963 et
1114 1901 1321 1963 collationem
1340 1920 1406 1980 qua
1426 1902 1583 1962 Baeilium

388 2005 463 2047 cum
471 1986 597 2047 Veteris
607 1986 810 2047 Testamenti
819 1986 914 2046 claris
924 1986 1075 2047 heroibus
1084 1986 1264 2046 committit
1273 1985 1495 2046 duriusculam
1504 2005 1582 2046 esse.

430 2069 476 2129 At
499 2070 532 2129 in
557 2069 679 2130 Basilio
701 2070 809 2130 nescio
833 2069 913 2148 quid
938 2069 1121 2130 morosulus
1145 2070 1246 2129 etiam
1272 2068 1374 2129 lector
1401 2071 1505 2148 possit
1530 2069 1583 2129 de·
1596 2095 1630 2154 ⁶5

387 2152 539 2213 siderare.
583 2152 698 2213 Manat
712 2172 730 2213 e
745 2154 951 2213 sanctissimo
970 2158 1102 2232 pectore
1117 2153 1307 2230 cunctisque
1326 2151 1478 2212 humanis
1495 2153 1583 2231 cupi·

387 2236 550 2296 ditatibus
558 2235 709 2297 defecato
717 2236 856 2316 simplex
868 2255 905 2297 ac
916 2236 1078 2297 naturalis
1093 2236 1208 2297 oratio.
1246 2235 1461 2296 Praestantur
1475 2238 1585 2296 omnia

387 2338 472 2397 quae
483 2325 665 2399 potestars‚
676 2338 734 2380 nec
749 2320 818 2380 vlla
828 2325 940 2380 tamen
954 2337 1092 2398 vsquam
1105 2319 1185 2380 artis
1196 2318 1406 2398 significatio:
1428 2338 1585 2398 agnoscas

387 2402 435 2462 ibi
463 2421 625 2463 summam
653 2403 840 2464 mundanae
864 2402 1089 2482 philosophiae
1118 2403 1345 2482 cognitionem,
1374 2401 1431 2463 sed
1460 2401 1585 2463 nullam

387 2503 520 2564 prorsus
535 2487 800 2547 ostentationem.
837 2486 965 2547 Sentias
981 2485 1073 2546 illum
1088 2485 1206 2546 callere
1221 2484 1409 2565 disciplinas
1424 2485 1583 2558 liberales,
1598 2520 1632 2571 70

387 2574 423 2629 et
447 2570 480 2628 in
506 2569 556 2629 his
577 2570 827 2630 mathematicas
845 2570 977 2642 omneis,
999 2569 1057 2629 sed
1083 2570 1129 2629 sic
1153 2568 1301 2630 adhiberi
1326 2575 1365 2629 vt
1390 2568 1471 2629 nihil
1494 2569 1584 2629 aliud

387 2671 488 2730 quam
514 2652 711 2713 ancillantur
735 2654 862 2733 pietati.
906 2653 1100 2713 Diuinarum
1126 2650 1368 2732 Scripturarum
1396 2654 1586 2713 testimonia

388 2742 460 2795 tam
480 2737 637 2797 concinne
657 2736 817 2797 admiscet
833 2737 975 2798 orationi
994 2741 1180 2816 perpetuae,
1197 2741 1236 2796 vt
1255 2755 1399 2815 gemmas
1421 2755 1585 2816 purpurae

387 2837 454 2880 non
468 2828 608 2892 assutas,
623 2819 681 2880 sed
695 2819 741 2879 ibi
756 2825 853 2880 natae
868 2819 967 2881 dicas.

430 2902 498 2964 Nec
510 2904 544 2963 in
555 2922 621 2964 vno
630 2908 761 2964 tantum
773 2922 887 2983 genere
895 2902 1037 2964 excellit.
1074 2900 1183 2964 Tanta
1192 2908 1263 2964 erat
1274 2903 1394 2983 ingenii
1405 2902 1585 2964 dexteritas
1599 2938 1631 2989 75

389 2993 437 3059 vt,
460 3005 656 3066 quocunque
678 3006 711 3048 se
733 2987 936 3059 intendisset,
958 2986 1142 3048 felicissime
1163 3007 1231 3048 rem
1252 2993 1386 3067 gereret.
1431 2986 1472 3048 In
1493 3007 1583 3048 enar·

387 3070 500 3131 randis
522 3089 688 3131 sacrorum
710 3071 914 3132 voluminum
937 3071 1111 3149 mysteriis,
1128 3071 1209 3130 mire
1231 3069 1415 3143 διδακτικός,
1438 3069 1584 3150 diligens,

388 3158 517 3226 cautus,
542 3161 685 3233 apertus,
708 3155 905 3232 minimeque
934 3152 1109 3215 violentus.
1152 3152 1204 3212 Ad
1228 3173 1329 3232 genus
1354 3155 1585 3233 panegyricum

387 3243 528 3316 putatur
548 3239 690 3298 maxime
708 3243 830 3298 natura
847 3237 948 3297 fuisse
968 3237 1179 3316 compositus,
1200 3237 1233 3296 in
1253 3255 1319 3315 quo
1338 3239 1384 3297 sic
1404 3239 1585 3298 orationem

387 3325 589 3399 attemperat
608 3320 651 3381 ad
672 3322 799 3382 animos
821 3339 981 3399 auresque
1002 3318 1225 3380 multitudinis
1246 3325 1287 3380 vt
1305 3326 1341 3381 et
1361 3321 1521 3399 imperitis
1541 3322 1632 3391 sita,

387 3405 579 3483 perspicuus
587 3410 622 3465 et
636 3404 774 3465 eruditis
784 3403 1005 3464 admirandus.
1043 3403 1083 3463 In
1094 3403 1295 3483 disputando
1304 3403 1461 3464 aduersus
1475 3404 1583 3464 Euno-

388 3488 490 3548 mium
513 3505 615 3565 quum
636 3487 863 3548 admirabilem
887 3486 1010 3548 habeat
1036 3486 1266 3559 subtilitatem,
1288 3505 1451 3564 nusquam
1474 3493 1585 3548 tamen

387 3570 431 3631 ab
446 3572 603 3631 orationis
617 3572 850 3650 perspicuitate
864 3570 1006 3631 recedit:
1033 3575 1134 3648 atque
1148 3570 1237 3630 intra
1250 3569 1404 3630 catholici
1422 3569 1585 3650 dogmatis

388 3654 609 3715 defensionem
630 3674 699 3715 sese
720 3656 899 3727 continens,
917 3672 1080 3732 nusquam
1100 3659 1260 3731 euagatur
1282 3654 1315 3712 in
1337 3654 1486 3714 conuicia
1504 3654 1585 3714 nihil

388 3738 430 3797 ad
452 3757 585 3798 causam
605 3737 769 3798 facientia.
813 3737 881 3798 Nec
899 3738 950 3797 sui
969 3735 1134 3797 dissimilis
1152 3741 1203 3796 est
1222 3736 1255 3796 in
1273 3755 1370 3814 opere
1390 3737 1433 3798 ad
1450 3737 1584 3817 Amphi·
1599 3759 1632 3819 85

388 3820 530 3881 lochium
545 3822 595 3881 De
609 3820 734 3901 Spiritu
745 3820 885 3893 Sancto;
908 3819 965 3880 sed
980 3819 1198 3898 quodcunque
1208 3824 1333 3879 tractat
1346 3828 1586 3900 argumentum,

388 3922 550 3982 nusquam
565 3903 659 3965 illum
679 3905 832 3965 destituit
845 3909 1005 3983 perpetua
1024 3902 1176 3963 dictionis
1191 3904 1317 3963 sanitas
1336 3923 1374 3964 ac
1389 3904 1586 3978 iucunditas,

387 4006 490 4065 eaque
509 4006 575 4048 non
595 3989 700 4048 ascita
719 3987 776 4048 sed
797 3988 922 4048 natiue.
965 3985 1071 4047 Adest
1087 3986 1219 4065 vbique,
1238 3987 1334 4047 iuxta
1351 4006 1469 4048 nomen
1489 3988 1586 4061 illius,

387 4072 475 4149 regia
490 4071 651 4149 quaedam
665 4073 819 4132 maiestas
838 4089 913 4131 cum
927 4068 1113 4130 admirabili
1129 4069 1273 4148 quadam
1290 4070 1498 4132 humanitate
1512 4090 1586 4132 con-

388 4155 510 4214 iuncta.
545 4153 597 4214 Sic
619 4155 786 4216 inuehitur
803 4155 838 4214 in
857 4172 963 4215 mores
982 4153 1152 4215 hominum
1175 4159 1214 4214 vt
1238 4153 1464 4234 obiurgantem
1486 4157 1587 4216 etiam
1599 4187 1634 4234 90

387 4256 492 4316 possis
506 4256 625 4300 amare.

430 4319 542 4393 Qualis
561 4326 633 4382 erat
653 4322 769 4393 oratio,
791 4318 868 4381 talis
885 4325 957 4381 erat
978 4325 1014 4381 et
1032 4321 1113 4381 vita.
1157 4320 1229 4382 Hac
1251 4321 1369 4400 ingenii
1388 4321 1587 4383 dexteritate

420 4485 496 4533 81-2.
513 4483 651 4534 aduersus
664 4482 848 4543 Eunomium]
861 4481 962 4532 Basil’s
1013 4482 1058 4533 for
1072 4483 1123 4533 the
1138 4482 1245 4534 edition
1259 4483 1379 4548 of1532.
1413 4485 1459 4534 He
1472 4487 1587 4550 maybe

388 4549 490 4601 Contra
512 4551 684 4601 Eunomium
701 4547 901 4613 (Ἀντιρρητικός
916 4553 963 4598 τοῦ
1034 4549 1173 4609 resumed,
1190 4550 1339 4608 therefore,
1356 4559 1387 4600 to
1404 4552 1440 4601 be
1452 4553 1588 4617 referring

387 4615 576 4681 ἀπολογητικοΰ
601 4621 646 4666 τοῦ
669 4616 806 4678 δυσσεβοῦς
826 4614 961 4678 diversant)
1013 4565 1079 4666 here
1096 4623 1128 4667 to
1138 4617 1246 4682 Georgo
1259 4617 1476 4681 Trapezuntius'
1494 4625 1586 4669 trans-

387 4699 445 4733 was
452 4685 514 4734 first
521 4683 961 4749 printedinOperaQuaedcm...
1014 4683 1103 4734 lation
1120 4684 1150 4733 of
1167 4684 1217 4733 the
1234 4684 1313 4733 third
1330 4684 1405 4734 book
1422 4687 1566 4736 mentione

388 4751 493 4801 Baeilii
515 4752 559 4810 lea
580 4752 682 4802 aails'oet
703 4766 772 4814 quae
794 4751 826 4801 in
845 4750 963 4800 editione
1013 4749 1288 4813 belowlll.114-18).

387 4818 457 4867 anni
476 4818 541 4867 1532
557 4819 833 4878 minuentem),
848 4816 961 4875 Venice,
1047 4818 1089 4878 85.
1101 4815 1587 4881 dissimuisl‘rhenespirirusmo

387 4883 664 4948 §.deSabio‚1535.
699 4885 835 4935 Erasmus
850 4882 964 4934 himself
1013 4897 1072 4933 was
1091 4883 1206 4932 written
1227 4898 1252 4932 e.
1273 4896 1332 4946 375,
1355 4900 1433 4935 some
1455 4898 1485 4934 12
1505 4901 1587 4951 years

387 4950 452 5001 tells
464 4966 498 5000 us
510 4951 549 5011 (11.
561 4953 672 5012 arr-12)
684 4952 751 5002 that
764 4952 801 5002 he
815 4950 873 5001 had
890 4951 963 5000 been
1013 4949 1587 5006 efterboolriiiofthet'ontralfunomium.

388 5018 492 5068 unable
507 5025 540 5069 to
553 5018 654 5069 obtain
669 5034 688 5069 a
704 5018 797 5070 Greek
811 5024 877 5069 text
893 5017 923 5069 of
938 5017 963 5068 it
1047 5017 1090 5081 87.
1108 5016 1228 5080 sanitae]
1239 5015 1282 5068 Of.
1294 5018 1352 5072 LB.
1364 5035 1393 5070 v.
1404 5020 1484 5083 8563.
