4042 5900
388 679 484 771 2608]
738 689 794 754 ro
816 690 1082 756 1111111111
1104 690 1252 755 russo
1522 694 1584 756 sss

387 853 553 925 inuiseret,
569 850 757 931 scrupulum
772 871 902 913 omnem
917 852 1055 933 depulit,
1071 852 1265 915 confirmans
1283 859 1318 915 et
1333 853 1394 915 tibi
1408 873 1459 915 res
1473 872 1585 915 omnes

386 956 455 998 esse
470 956 511 997 ex
526 937 626 996 animi
641 937 813 1008 sententia,
828 955 886 997 nec
902 937 1040 1016 pristino
1054 942 1114 997 tuo
1127 956 1204 1016 erga
1218 957 1269 998 me
1284 937 1395 998 studio
1409 938 1585 1016 quicquam

387 1020 580 1093 decessisse;
602 1019 659 1079 sed
673 1018 761 1097 quod
776 1026 853 1080 ante
867 1020 981 1080 crebro
995 1020 1118 1081 iecerat
1132 1040 1191 1100 per
1207 1021 1329 1094 literas,
1345 1026 1418 1081 tum
1432 1040 1585 1100 praesens

387 1109 591 1184 praesentem
617 1102 822 1182 obiurgabat,
848 1103 937 1181 quod
959 1103 1049 1183 apud
1074 1110 1144 1165 tam
1170 1105 1325 1165 eximium
1350 1105 1492 1165 amicum
1518 1123 1584 1164 non

387 1186 498 1264 aliquo
513 1185 696 1246 studiorum
712 1204 859 1246 meorum
874 1193 1086 1248 monumento
1101 1186 1286 1248 refricarem
1300 1188 1363 1248 mei
1382 1188 1582 1248 memoriam.
1598 1209 1631 1244 20

387 1268 495 1343 Quum
525 1268 763 1348 responderem,
791 1288 863 1329 eam
893 1269 1025 1348 quidem
1050 1270 1257 1331 voluntatem
1282 1269 1363 1331 mihi
1388 1271 1488 1331 fuisse
1513 1290 1583 1350 per·

387 1359 531 1433 petuam,
558 1358 723 1413 caeterum
749 1351 907 1412 hactenus
931 1351 1013 1412 nihil
1037 1359 1173 1413 enatum
1197 1353 1287 1431 quod
1312 1360 1408 1415 tanto
1434 1353 1585 1415 Praesule

387 1436 523 1516 dignum
539 1435 712 1507 videretur,
728 1436 835 1495 acrius
852 1436 953 1496 etiam
971 1455 1024 1497 me
1043 1435 1239 1513 obiurgauit,
1254 1437 1311 1515 qui
1329 1455 1395 1497 non
1414 1438 1496 1499 satis
1514 1457 1583 1517 per·

387 1538 517 1580 nossem
533 1518 691 1579 Turzonis
705 1517 955 1580 humanitatem.
993 1519 1043 1579 ‘N
1047 1518 1150 1579 ullus'
1165 1520 1273 1597 inquit
1287 1519 1434 1581 ‘libellus
1448 1527 1499 1581 est
1514 1526 1583 1581 tam

387 1602 535 1683 pusillus,
551 1621 647 1681 quem
662 1601 717 1662 ille
732 1621 797 1662 non
811 1603 855 1662 sit
869 1602 979 1682 magni
994 1603 1138 1663 muneris
1153 1602 1223 1662 loco
1234 1609 1436 1682 accepturus,
1448 1602 1585 1664 modois
1598 1623 1630 1674 25

387 1688 432 1748 sit
445 1684 569 1765 γνήσιος
584 1685 741 1746 Erasmici
759 1686 878 1764 ingenii
892 1684 1000 1746 foetus
1011 1686 1029 1747 ’.
1073 1685 1136 1746 Hic
1153 1704 1265 1746 rursus
1280 1704 1381 1764 quum
1396 1706 1584 1747 excusarem

387 1770 580 1831 iamdudum
594 1768 749 1830 effoetum
764 1767 940 1841 laboribus,
955 1768 1211 1841 calamitatibus,
1226 1769 1358 1841 morbis,
1374 1776 1409 1830 et
1423 1771 1518 1830 annis
1537 1771 1584 1830 in·

387 1855 529 1934 genium,
554 1852 679 1912 nullam
701 1853 827 1931 accepit
848 1854 1160 1932 tergiuersationem,
1182 1872 1243 1914 nec
1263 1854 1461 1932 conquieuit,
1482 1853 1585 1914 donec

387 1937 556 2017 pollicerer
570 1936 659 2014 quod
672 1935 833 2014 exigebat.

431 2021 505 2080 Feci
534 2021 646 2097 itaque
674 2018 762 2097 quod
787 2018 894 2079 solent
919 2018 1088 2080 Britanni:
1117 2020 1203 2080 inter
1227 2020 1380 2081 absentes
1404 2020 1585 2081 mittuntur
1598 2040 1632 2090 30

387 2102 547 2182 symbola,
569 2104 661 2181 signa
680 2107 802 2162 vocant
821 2101 877 2174 illi,
900 2102 934 2162 in
955 2102 1075 2180 quibus
1093 2121 1189 2164 nemo
1209 2109 1338 2182 spectat
1355 2104 1506 2182 pretium,
1528 2103 1585 2164 sed

387 2188 458 2247 eius
473 2187 529 2264 qui
544 2187 650 2245 mittit
664 2185 793 2245 animus
807 2186 946 2264 gratiam
961 2185 1057 2246 addit
1077 2188 1182 2259 xenio,
1203 2187 1304 2247 etiam
1321 2188 1348 2247 si
1365 2186 1584 2265 fragmentum

387 2271 432 2330 sit
446 2270 547 2349 panni
562 2268 735 2329 cuiuslibet
745 2287 811 2328 non
822 2270 927 2329 maius
938 2287 1046 2348 vngue
1056 2268 1190 2348 pollicis.
1228 2268 1299 2330 Hoc
1308 2269 1458 2349 exemplo
1468 2288 1584 2349 prouo-

387 2360 482 2413 catus
504 2372 541 2412 ac
564 2367 620 2430 spe
642 2371 808 2412 successus
827 2371 845 2412 e
865 2351 947 2413 Velii
967 2370 1115 2413 sermone
1132 2360 1290 2432 concepta
1304 2354 1402 2413 mitto
1418 2353 1584 2413 Psalmum

388 2438 590 2515 trigesimum
606 2442 770 2508 octauum,
786 2454 807 2495 a
821 2435 986 2496 veteribus
1001 2436 1091 2495 varie
1106 2441 1297 2509 tractatum,
1318 2436 1375 2497 sed
1395 2437 1440 2496 sic
1459 2443 1498 2496 vt
1512 2455 1585 2496 meo
1599 2454 1631 2506 35

387 2520 520 2598 quidem
550 2518 670 2579 iudicio
697 2518 858 2598 quaedam
888 2520 1029 2591 torsisse,
1058 2519 1219 2597 quaedam
1249 2539 1363 2599 parum
1389 2519 1586 2581 intellexisse

388 2602 571 2662 videantur.
618 2601 688 2679 Ego
715 2621 813 2681 porro
840 2602 919 2680 quid
949 2604 1171 2681 praestiterim
1199 2608 1295 2663 tuum
1322 2609 1393 2663 esto
1418 2602 1583 2663 iudicium.

389 2686 477 2746 Illud
503 2705 578 2745 vere
602 2685 747 2763 profiteri
769 2685 854 2757 licet,
880 2685 960 2746 mihi
983 2686 1131 2746 nonnihil
1155 2686 1310 2747 sudatum
1330 2705 1399 2747 esse
1421 2692 1460 2746 vt
1481 2687 1585 2746 totius

388 2770 572 2847 argumenti
586 2774 682 2828 tenor
696 2768 758 2828 sibi
772 2774 946 2829 constaret.

432 2852 502 2912 Hoc
514 2852 669 2930 quicquid
680 2857 731 2911 est
742 2850 935 2924 munusculi,
947 2852 974 2913 si
985 2857 1046 2913 tua
1056 2853 1163 2932 pietas
1171 2852 1278 2913 fronte
1290 2872 1402 2913 serena
1413 2852 1584 2932 acceperit,
1598 2872 1633 2923 4⁰

389 2956 508 3016 magna
529 2956 581 2996 me
600 2934 745 2996 affecerit
765 2934 955 3015 voluptate;
978 2935 1128 2998 sedeam
1151 2937 1255 3016 ipsam
1279 2936 1532 3017 conduplicabis,
1558 2937 1586 2997 si

389 3041 447 3100 per
469 3020 579 3080 literas
601 3018 780 3097 significare
803 3019 995 3098 dignaberis,
1019 3021 1047 3080 si
1071 3019 1151 3098 qnid
1174 3039 1266 3080 secus
1287 3040 1307 3080 a
1329 3039 1381 3081 me
1403 3026 1585 3081 tractatum

389 3103 498 3163 velles.
541 3103 610 3163 Nec
625 3102 743 3164 dubito
757 3103 837 3180 quin
852 3101 1039 3163 huiusmodi
1053 3103 1159 3164 multa
1169 3104 1236 3164 sint
1247 3122 1429 3164 occursura.
1473 3101 1585 3164 Caete-

389 3207 462 3248 rum
477 3187 511 3246 in
526 3186 586 3246 hoc
601 3184 869 3247 commentariolo
886 3185 1014 3246 videbis
1032 3185 1140 3247 obiter
1158 3186 1350 3247 nonnullam
1369 3186 1485 3246 horum
1503 3193 1584 3247 tem·

389 3289 504 3350 porum
520 3271 702 3348 imaginem,
717 3268 838 3347 quibus
848 3269 933 3329 inter
944 3274 996 3329 tot
1008 3268 1170 3330 humanae
1181 3271 1269 3330 vitae
1279 3269 1485 3331 calamitates
1494 3270 1586 3331 nulla
1599 3286 1632 3338 45

389 3354 607 3432 perniciosior,
623 3354 708 3413 inter
722 3357 775 3412 tot
789 3357 897 3430 pestes
911 3350 1003 3411 nulla
1017 3353 1230 3431 pestilentior,
1246 3371 1343 3431 quam
1355 3352 1484 3432 linguae
1496 3353 1586 3414 letali

388 3455 515 3496 veneno
529 3437 662 3508 tinctae,
677 3454 761 3513 quae
775 3436 820 3495 sic
834 3433 1063 3511 τυραννεύουσιν
1078 3434 1138 3496 hoc
1149 3435 1257 3496 seculo
1269 3442 1307 3496 vt
1316 3454 1383 3496 non
1393 3436 1458 3497 alio
1473 3437 1584 3516 magis.

388 3519 568 3600 Cognosces
583 3524 694 3578 autem
708 3523 743 3578 et
757 3516 949 3578 nonnullam
963 3525 1093 3597 partem
1108 3538 1216 3579 rerum
1232 3538 1386 3591 mearum,
1399 3538 1436 3580 ac
1447 3519 1586 3580 fortasse

389 3602 560 3665 miraberis
571 3602 658 3662 hunc
667 3601 845 3662 seniculum
857 3603 1078 3663 semianimem
1089 3603 1123 3662 in
1134 3603 1238 3663 tantis
1249 3603 1391 3681 vndique
1402 3602 1585 3664 lacessenti·

389 3687 452 3748 bus
467 3685 615 3764 procellis
629 3704 667 3745 ac
683 3685 935 3763 tempestatibus
949 3684 1057 3746 adhuc
1072 3691 1198 3747 rectum
1214 3692 1324 3747 tenere
1338 3684 1478 3746 clauum.
1523 3684 1586 3747 Sed
1600 3700 1633 3749 50

390 3769 408 3830 ὁ
425 3767 527 3846 κύριος
542 3767 770 3846 ὑπερασπιστὴς
787 3773 843 3846 τῆς
859 3767 939 3846 ζωῆς
953 3793 1023 3846 μου,
1039 3767 1101 3829 11πὸ
1118 3768 1200 3834 τίνος
1218 3767 1376 3839 δειλιάσω;
1398 3769 1480 3829 libet
1499 3771 1587 3831 enim

390 3852 479 3931 apud
502 3858 535 3912 te
557 3850 731 3929 ἑλληνίζειν,
754 3869 853 3929 quem
874 3853 997 3931 accipio
1017 3853 1219 3932 iampridem,
1240 3852 1326 3923 licet,
1347 3850 1586 3932 111111111ἥδη

390 3934 442 3996 ἐπὶ
455 3934 571 4014 γήραος
586 3934 815 4013 οὐδῷ,11111111
829 3953 899 3995 esse
913 3933 1088 4013 φιλέλληνα,
1099 3935 1292 4014 Graecisque
1303 3934 1406 3995 literis
1420 3941 1586 3998 strenuam

390 4039 511 4080 nauare
527 4037 667 4098 operam,
683 4020 806 4098 ingenti
821 4037 899 4079 sane
916 4017 1096 4079 multorum
1116 4020 1249 4098 pudore,
1268 4019 1326 4096 qui
1345 4019 1479 4080 iuuenes
1495 4040 1585 4100 prae·

390 4104 520 4182 cipuam
536 4103 620 4162 hanc
635 4102 819 4163 studiorum
834 4107 963 4181 partem
976 4101 1154 4181 negligunt,
1170 4109 1204 4163 et
1219 4101 1262 4162 ad
1274 4101 1469 4182 Theologiae
1484 4104 1587 4183 adyta
1600 4116 1633 4167 55

391 4186 502 4258 illotis,
518 4191 556 4246 vt
571 4186 674 4257 aiunt,
689 4185 827 4264 pedibus
842 4186 1037 4262 irrumpunt.
1081 4185 1167 4246 Bene
1182 4185 1264 4246 vale.

434 4269 557 4329 Datum
572 4268 661 4348 apud
676 4269 871 4349 Friburgum
886 4267 1051 4346 Brisgoiae
1065 4268 1114 4329 Id.
1130 4268 1211 4331 febr.
1227 4284 1411 4330 muxxxn.

637 4473 737 4534 2609.
786 4468 891 4534 Fron
915 4469 1173 4536 Onnrsrsuuus
1196 4468 1337 4536 Birra.

429 4580 552 4651 Leipzig
565 4579 629 4637 MS.
1310 4583 1475 4654 <⁴I'orgau.)

429 4656 494 4709 ΕΕ.
514 4660 576 4724 167.
1241 4658 1275 4711 18
1289 4658 1451 4729 February
1467 4673 1549 4728 1532.

427 4783 483 4843 [An
500 4784 618 4847 original
636 4784 729 4843 letter,
745 4786 861 4835 written
877 4784 918 4849 by
934 4799 952 4834 a
968 4790 1119 4850 seeretmy,
1136 4783 1234 4848 signed
1250 4785 1307 4834 and
1325 4786 1375 4835 the
1391 4786 1514 4851 heading
1530 4786 1588 4836 and

392 4849 459 4898 date
471 4849 564 4899 added
577 4852 616 4916 by
628 4852 729 4916 Bayer.
765 4852 795 4902 lt
806 4853 858 4902 has
869 4851 942 4902 been
954 4851 1130 4917 reproduced
1141 4852 1172 4900 in
1184 4850 1318 4901 iacsimile
1330 4852 1369 4917 by
1380 4852 1476 4903 Mente
1487 4854 1544 4916 38⁸.

425 4984 500 5034 2608.
518 4998 561 5047 51.
580 4983 699 5048 όκύρως]
711 4985 757 5035 Ps.
770 4988 811 5036 26.
824 4999 850 5036 2.
1014 4997 1118 5103 &sc-tp
1136 4982 1186 5049 ἤδη
1204 5021 1211 5035 .
1233 5019 1240 5033 .
1262 5022 1268 5035 .
1286 4983 1365 5049 οὐδῷ]
1383 4985 1468 5036 Hom.
1486 4986 1524 5036 11.
1545 4999 1587 5036 22.

1050 5067 1086 5113 ,e
1117 5088 1124 5101 .

424 5164 502 5215 452o
960 5150 981 5194 1
1001 5134 1017 5195 f
