4042 5900
438 644 501 704 418
783 638 983 704 narrans
1004 638 1298 703 ornaasuus
1572 644 1636 722 [1532

438 801 628 862 ‘Summus'
650 802 784 879 inquam
806 799 979 861 ‘Pontifex
1000 818 1067 860 non
1087 804 1161 878 eget
1181 800 1269 860 meis
1291 801 1484 876 consiliis;
1510 804 1638 863 sitam

438 886 490 945 hic
516 904 567 946 me
592 885 803 956 adhibuisset,
830 883 920 944 aliud
945 884 1116 944 suasissem
1127 882 1145 943 ’.
1189 881 1359 955 ‘Quidr’
1397 886 1518 965 inquit
1537 887 1638 947 Ammo

393 990 425 1025 20
439 970 521 1029 nius.
552 968 642 1029 ‘Non
659 967 872 1046 expediebat’
887 968 1021 1045 inquam
1037 966 1119 1026 ‘ficri
1134 966 1350 1028 mentionem
1368 972 1472 1048 pacis
1484 971 1503 1031 '.
1534 970 1638 1043 ‘Qum-

439 1052 550 1112 obrcm
563 1052 596 1112 ‘l'
640 1050 818 1124 ‘Quoniam
846 1051 930 1129 pax’
960 1052 1094 1129 inquam
1127 1048 1262 1110 ‘subito
1298 1053 1403 1113 coire
1441 1073 1514 1115 non
1546 1061 1638 1133 potest

439 1135 548 1214 Atque
568 1136 692 1195 interea
709 1134 787 1195 dum
806 1133 1002 1194 monarchae
1019 1138 1166 1194 tractent
1188 1132 1229 1193 de
1245 1133 1532 1210 conditionibus,
1546 1137 1640 1199 militer

439 1218 482 1279 ad
504 1218 634 1279 odorem
652 1218 741 1296 pacis
762 1218 872 1296 peiora
888 1215 1071 1277 moliuntur
1089 1235 1188 1294 quam
1206 1216 1241 1275 in
1263 1216 1375 1279 bello.
1429 1220 1498 1281 Per
1519 1221 1640 1281 inducias

439 1308 550 1362 autem
572 1301 682 1362 subito
701 1300 894 1362 cohibentur
911 1299 1054 1360 militum
1071 1318 1197 1360 manus.
1241 1298 1423 1363 Inducias
1438 1310 1557 1365 autem
1572 1323 1640 1384 prae-

393 1405 425 1452 25
439 1385 610 1446 scriberem
629 1386 730 1446 trium
750 1402 1002 1461 annorumque
1019 1383 1130 1443 liceret
1146 1383 1323 1444 commode
1344 1384 1394 1445 de
1418 1386 1578 1449 duraturi
1593 1387 1640 1447 loe

440 1469 524 1528 deris
543 1468 667 1546 legibus
689 1468 844 1546 dispicere
857 1467 874 1527 '.
917 1466 1125 1546 Approbauit
1146 1465 1308 1539 Andreas,
1329 1474 1373 1529 et
1397 1470 1502 1532 ‘Hoc
1514 1472 1533 1545 ’,
1555 1472 1642 1550 inquit

441 1553 581 1630 ‘opinor
596 1553 665 1630 agit
679 1550 731 1610 hic
746 1550 872 1628 legatus
883 1550 900 1611 ’.

482 1635 542 1694 His
559 1636 607 1695 ita
628 1634 773 1694 dissertis
790 1633 870 1694 redii
889 1633 933 1693 ad
954 1632 989 1693 id
1009 1632 1099 1711 qnod
1117 1632 1314 1693 Ammonius
1336 1654 1418 1696 non
1443 1638 1642 1718 responderet

439 1717 572 1796 liquido.
625 1718 762 1778 ‘Estne'
795 1718 928 1794 inquam
955 1715 1200 1776 ‘cardinalist'
1252 1716 1402 1778 ‘Vnde'
1437 1722 1553 1801 inquit
1581 1722 1643 1781 ‘trbi

393 1821 426 1869 30
440 1800 546 1861 isthuc
576 1803 609 1861 in
637 1807 780 1861 mentem
809 1800 943 1860 venit?’
991 1798 1190 1872 ‘Quoniam'
1219 1798 1363 1877 inquam
1401 1803 1495 1866 ‘hoc
1525 1811 1643 1867 narrant

439 1883 518 1945 Itali
528 1885 546 1944 '.
591 1884 656 1944 ‘Et
670 1884 735 1944 illi’
754 1884 862 1961 inquit
876 1881 981 1943 ‘vnde
997 1888 1120 1944 norunt
1130 1882 1161 1943 ‘3'
1205 1880 1308 1942 ‘Hic'
1325 1885 1482 1964 inquam
1499 1896 1554 1950 ‘te
1571 1890 1642 1949 noui

439 1966 473 2028 Si
487 1974 563 2046 post
577 1987 680 2028 annos
695 1967 822 2044 aliquot
840 1972 873 2026 te
888 1966 1031 2026 viderem
1052 1967 1086 2025 in
1100 1965 1291 2038 Brabantia,
1309 1986 1506 2045 quaereres
1522 1972 1605 2033 vnde
1619 1979 1643 2031 tc

438 2051 684 2129 agnoscereml’
728 2049 938 2110 Subriserunt
959 2051 1044 2110 inter
1064 2069 1143 2122 sese,
1164 2068 1216 2109 me
1241 2067 1282 2109 ne
1310 2054 1504 2117 tantulum
1528 2056 1643 2135 quidem

438 2136 538 2194 etiam
562 2135 756 2212 suspicante.
802 2134 878 2194 Mox
896 2132 1052 2210 vrgebam
1074 2152 1152 2193 num
1174 2152 1209 2192 re
1230 2151 1311 2193 vcra
1334 2143 1435 2197 esset
1457 2138 1559 2200 Card.
1582 2139 1642 2200 Ter-

392 2238 425 2287 35
438 2220 620 2295 giuersatus
634 2223 685 2277 est
700 2217 899 2277 Ammonius.
941 2215 1088 2276 Tandem
1104 2216 1183 2275 ‘Est
1193 2215 1201 2240 ’
1213 2216 1325 2292 inquit
1342 2221 1491 2283 ‘animo
1502 2222 1642 2284 Cardine

439 2301 510 2361 litio
524 2302 541 2361 ’.
585 2301 647 2360 Hic
669 2319 728 2377 ego
749 2301 895 2360 suauiter
916 2300 1071 2372 arridens,
1095 2298 1228 2360 ‘Isthuc
1245 2299 1378 2377 aliquid
1407 2307 1490 2366 est’
1511 2308 1643 2386 inquam,

439 2391 565 2462 ‘gerere
579 2385 725 2444 animum
739 2382 988 2443 Cardinalitium
999 2383 1017 2443 '.

480 2467 570 2527 Haec
591 2467 720 2544 aliaque
742 2467 848 2527 multa
874 2464 1018 2527 Canossa
1042 2464 1172 2526 audiuit
1196 2465 1330 2526 tacitus.
1379 2467 1548 2534 Tandem
1573 2472 1645 2534 dixit

438 2552 545 2610 nescio
568 2550 648 2628 quid
674 2550 798 2611 Italice.
843 2550 920 2610 Mox
945 2550 1122 2610 admiscuit
1150 2567 1246 2609 vooes
1272 2548 1431 2625 Latinas,
1463 2556 1528 2617 sed
1553 2559 1645 2617 sicvt

391 2656 424 2705 4⁰
438 2653 547 2712 posses
566 2634 803 2712 negociatorem
824 2633 1026 2711 ingeniosum
1044 2650 1225 2711 agnoscere.
1269 2631 1384 2705 Quum
1409 2636 1506 2699 nihil
1525 2659 1645 2720 respon·

437 2718 556 2789 darem,
571 2717 614 2776 ad
636 2736 688 2777 me
706 2736 819 2776 versus
839 2716 940 2777 dixit:
965 2716 1132 2777 ‘Demiror
1150 2722 1183 2776 te
1201 2716 1234 2775 in
1255 2714 1317 2776 hac
1340 2715 1502 2783 barbara
1522 2725 1647 2785 natione

437 2800 520 2860 velle
536 2801 654 2871 viuere,
669 2801 730 2859 nisi
745 2799 830 2859 forte
844 2800 895 2859 hic
910 2800 1016 2860 mauis
1035 2819 1104 2859 esse
1118 2799 1206 2859 solus
1221 2817 1320 2876 quam
1338 2798 1482 2865 Romae
1499 2806 1646 2885 primns'.

437 2884 530 2943 Hanc
546 2884 707 2963 argutiam
719 2883 898 2943 demiratus
913 2884 946 2943 in
959 2884 1174 2962 negociatore,
1189 2881 1341 2962 respondi
1356 2902 1413 2945 me
1430 2889 1556 2952 viuere
1569 2891 1603 2952 in
1615 2908 1647 2949 ea

437 2969 564 3045 regione
583 2986 667 3045 quac
685 2967 842 3046 plurimos
860 2967 995 3028 haberet
1013 2968 1183 3046 insigniter
1202 2967 1326 3038 doctos,
1342 2967 1439 3029 inter
1462 2991 1556 3051 quos
1575 2974 1647 3036 mihi

390 3073 423 3122 45
437 3053 517 3111 satis
537 3057 622 3111 esset
641 3051 794 3110 vltimum
817 3057 926 3111 tenere
944 3051 1062 3123 locum,
1078 3069 1179 3128 quum
1200 3049 1324 3110 Romae
1339 3050 1441 3112 nullo
1459 3055 1498 3116 in
1515 3076 1647 3119 numero

437 3134 569 3194 futurus
594 3153 705 3194 essem.
751 3134 840 3194 Haec
865 3133 994 3212 aliaque
1020 3134 1098 3206 dixi,
1124 3130 1271 3193 nonnihil
1294 3134 1404 3194 iratus
1427 3141 1646 3217 negociatori

438 3218 524 3278 Puto
539 3218 618 3278 mihi
634 3224 713 3277 tunc
728 3219 857 3294 genium
873 3217 1015 3295 aliquem
1030 3217 1152 3277 bonum
1167 3215 1326 3288 adfuisse3
1348 3216 1487 3298 alioqui
1510 3224 1548 3284 in
1567 3244 1647 3284 sum.

437 3320 526 3361 mum
550 3301 721 3361 discrimen
746 3320 798 3361 me
822 3306 1029 3379 pertraxerat
1054 3300 1255 3372 Ammonius,
1282 3300 1339 3377 qui
1364 3319 1437 3362 non
1466 3305 1647 3384 ignorabat

437 3392 563 3463 quanta
577 3383 728 3444 libertate
743 3384 864 3445 soleam
879 3383 968 3463 apud
983 3385 1104 3444 amicos
1118 3384 1256 3456 effutire,
1271 3384 1433 3461 quicquid
1449 3387 1490 3448 in
1509 3389 1647 3452 buccam

390 3491 423 3540 50
436 3469 571 3528 venerit.

478 3550 693 3611 Surreximus.
730 3549 878 3610 Andreas
893 3555 928 3610 et
942 3569 1001 3629 ego
1016 3551 1141 3611 diutius
1155 3548 1400 3611 ambulauimus
1416 3551 1451 3611 in
1469 3551 1580 3618 horto
1594 3557 1648 3636 qui

436 3635 532 3694 aedes
547 3634 679 3705 dirimit,
695 3653 733 3693 ac
748 3639 823 3712 post
838 3634 999 3694 diutinam
1015 3633 1312 3695 confabulationem
1329 3632 1429 3694 officii
1447 3654 1561 3701 causa
1575 3660 1646 3720 pro

437 3717 533 3778 duxit
557 3717 600 3777 ad
626 3718 747 3777 ostium
773 3722 925 3776 terrestre
951 3721 1040 3792 (nam
1065 3737 1104 3778 ea
1126 3737 1201 3796 pars
1226 3716 1342 3777 domus
1366 3716 1403 3775 in
1430 3737 1506 3796 qua
1536 3725 1646 3802 pransi

436 3799 610 3872 fueramus,
627 3805 754 3878 spectat
774 3800 893 3860 flumen
909 3800 1108 3876 Thamisin);
1131 3799 1293 3861 malebam
1314 3800 1401 3859 enim
1420 3801 1539 3866 redire
1558 3807 1646 3886 pedi·

389 3907 421 3955 55
436 3882 498 3942 bus
517 3903 616 3961 quam
639 3883 766 3961 cymba.
811 3883 890 3943 Post
910 3883 1038 3961 aliquot
1057 3883 1125 3944 dies
1144 3903 1247 3962 quum
1266 3882 1463 3943 redissemus
1484 3887 1525 3948 in
1546 3890 1646 3952 collo

436 3968 558 4043 quium,
574 3967 681 4045 aperit
696 3967 843 4026 Andreas
859 3967 991 4027 fabulae
1011 3987 1150 4039 scenam,
1166 3987 1204 4027 ac
1224 3985 1349 4028 mecum
1370 3966 1490 4028 sedulo
1510 3974 1590 4051 agit
1609 3980 1646 4034 vt

436 4048 610 4109 Canossam
627 4051 762 4110 comiter
777 4051 810 4109 in
825 4050 967 4123 Italiam,
983 4051 1125 4128 plurima
1139 4050 1317 4111 testificans
1332 4068 1433 4128 quam
1452 4050 1514 4113 ille
1532 4056 1579 4116 de
1593 4077 1645 4118 me

435 4132 603 4210 magnifice
618 4139 689 4193 tum
706 4133 893 4211 loqueretur
908 4140 980 4194 tum
995 4135 1140 4194 sentiret.
1184 4132 1247 4194 Sed
1262 4132 1360 4194 surdo
1378 4133 1530 4197 canebat
1546 4139 1643 4201 fabu-

435 4215 510 4275 lam.
555 4216 599 4275 At
617 4217 746 4276 interim
767 4237 882 4295 parum
903 4219 1004 4278 amice
1024 4217 1150 4279 factum
1170 4222 1221 4278 est
1235 4216 1277 4276 ab
1292 4217 1476 4289 Ammonio,
1493 4224 1560 4298 qui
1576 4243 1644 4284 non

387 4315 420 4362 60
434 4299 605 4377 ignorabat
620 4299 748 4377 linguae
763 4320 853 4360 meae
868 4299 1048 4379 παῤῥησίαν.
1093 4301 1246 4361 Poteram
1261 4299 1385 4377 aliquid
1399 4300 1453 4360 vel
1469 4301 1505 4362 in
1524 4304 1642 4368 Ponti-

434 4381 536 4455 ficem,
552 4383 604 4442 vel
625 4383 657 4441 in
678 4383 822 4461 legatum
840 4384 977 4456 effutire,
999 4383 1088 4462 quod
1110 4384 1189 4445 mihi
1208 4389 1283 4463 post
1300 4382 1406 4443 fraudi
1423 4382 1561 4448 luisset.
1609 4388 1642 4451 Si

434 4485 520 4525 nunc
546 4465 688 4526 Canossa
713 4486 829 4545 parum
852 4467 933 4527 bene
954 4472 1005 4527 est
1027 4469 1060 4527 in
1082 4467 1254 4527 Erasmum
1277 4467 1452 4538 animatus,
1476 4468 1566 4532 nihil
1590 4479 1642 4534 est

433 4568 537 4609 nouae
558 4550 620 4609 rei:
644 4549 728 4609 solet
745 4556 874 4628 spretus
893 4570 985 4611 amor
1002 4552 1035 4610 in
1057 4552 1138 4611 iram
1160 4552 1254 4612 verti.
1298 4550 1342 4611 Et
1356 4548 1454 4611 video
1468 4555 1639 4630 quosdam

432 4651 511 4705 esse,
528 4635 585 4710 qui
605 4633 740 4694 similem
760 4640 884 4712 pestem
900 4642 1061 4695 conantur
1076 4635 1205 4695 iniicere
1220 4634 1346 4705 studiis,
1361 4631 1495 4712 qualem
1515 4637 1638 4701 iniece-

464 4804 506 4850 62.
525 4817 626 4865 pamm
635 4802 705 4851 bene
719 4839 725 4850 .
740 4838 745 4850 .
762 4803 1003 4863 .animatus]'1¹he
1054 4804 1113 4865 489,
1137 4803 1195 4864 538,
1219 4815 1294 4865 2421.
1328 4801 1417 4851 What
1439 4801 1464 4851 is
1484 4802 1556 4855 here
1574 4807 1638 4858 said

431 4867 557 4917 coolness
574 4869 643 4918 with
661 4869 784 4918 Canossa
798 4871 890 4934 owing
904 4876 936 4919 to
953 4870 1002 4919 the
1053 4875 1182 4934 suggests
1193 4867 1463 4933 thatCanossamey
1470 4869 1548 4921 have
1561 4873 1638 4925 been

431 4935 564 4997 rejection
577 4935 606 4984 oi
618 4936 662 4984 his
673 4936 744 4985 olier
757 4937 786 4985 in
800 4940 865 4997 1516
877 4939 934 4996 (see
946 4937 1000 5001 Ep.
1053 4951 1107 4986 one
1119 4935 1148 4986 oi
1160 4935 1210 4985 the
1222 4937 1230 4959 ⁴
1240 4935 1481 4987 Cioeronierorum
1494 4937 1589 4991 {meio
1598 4941 1616 4992 ’.

430 5003 481 5064 489
491 5001 608 5062 introd.)
620 5002 688 5052 does
699 5008 750 5053 not
765 5018 873 5067 appear
884 5004 913 5054 in
925 5003 1000 5067 Epp.
