4042 5900
350 682 444 764 2465]
656 678 712 742 ro
733 678 989 743 Aucusrmu
1011 677 1240 743 sinuosus
1484 681 1545 741 207

348 862 402 905 me
416 842 558 904 accitum
573 840 617 901 ab
631 838 768 919 Angliae
786 858 870 919 rege,
885 839 983 900 desiit
1001 858 1133 919 vrgere:
1157 844 1354 919 tantumque
1369 839 1430 901 hoo
1445 840 1545 901 etiam

349 933 451 1006 atque
474 925 575 987 etiam
599 923 718 997 orauit,
741 942 783 985 ne
809 923 991 1003 suspicarer
1013 942 1053 983 ea
1076 941 1162 1002 quae
1186 924 1397 1002 promitteret
1417 941 1483 984 non
1504 942 1546 984 ex

349 1012 461 1072 animo
489 1007 658 1088 proficisci,
682 1025 766 1067 neue
794 1007 901 1085 ipsum
925 1025 967 1066 ex
990 1006 1175 1085 vulgarium
1199 1006 1377 1067 aulicorum
1401 1006 1546 1068 moribus
1559 1046 1592 1095 50

350 1095 566 1154 aestimarem.
597 1089 701 1169 Aegre
715 1109 767 1151 me
782 1089 907 1150 dimisit
920 1109 941 1150 a
955 1088 1128 1167 colloquio,
1143 1089 1200 1150 sed
1215 1109 1289 1150 oum
1303 1089 1393 1151 abire
1407 1091 1545 1169 gestien-

351 1183 420 1238 tem
434 1175 559 1237 diutius
578 1175 699 1235 morari
718 1173 830 1246 nollet,
846 1172 928 1234 illud
947 1173 1102 1234 extremis
1123 1172 1232 1233 verbis
1253 1193 1273 1233 a
1294 1192 1346 1233 me
1367 1174 1546 1253 stipulatus

351 1267 411 1331 est,
427 1265 466 1319 vt
480 1260 587 1338 ipsum
601 1257 709 1318 adhuc
729 1256 828 1317 semel
843 1257 1025 1328 inuiserem‚
1040 1257 1231 1336 priusquam
1247 1256 1332 1317 Vrbe
1347 1256 1545 1318 excederem.

352 1343 427 1404 Non
436 1342 517 1403 redii
527 1339 675 1418 (infelix),
686 1359 728 1400 ne
737 1340 877 1400 hominis
885 1339 1040 1400 facundia
1049 1340 1158 1401 victus
1166 1344 1329 1400 mutarem
1338 1341 1545 1401 sententiam.

352 1426 531 1506 Nunquam
541 1423 623 1484 mihi
633 1442 724 1484 mens
735 1440 838 1502 aeque
848 1422 915 1483 fuit
928 1421 1033 1483 laeua.
1076 1421 1140 1484 Sed
1154 1421 1234 1502 quid
1248 1442 1326 1502 agas
1340 1441 1415 1483 cum
1430 1428 1548 1503 vrgent
1560 1462 1592 1511 5⁵

351 1510 448 1571 fatal

394 1592 478 1654 Eam
498 1590 691 1652 felicitatem
717 1607 801 1668 quae
824 1588 905 1649 mihi
929 1592 1010 1649 tunc
1035 1588 1235 1650 offerebatur
1259 1587 1321 1649 tibi
1346 1608 1434 1650 nunc
1459 1589 1548 1650 domi

353 1694 424 1738 esse
445 1674 589 1735 inuidere
604 1691 672 1733 non
686 1691 829 1751 possum,
844 1671 902 1732 sed
916 1671 998 1732 mihi
1017 1672 1137 1733 iustius
1157 1673 1286 1743 irascor,
1303 1691 1420 1752 meque
1439 1673 1547 1753 ipsum

353 1760 486 1829 oderim,
502 1758 559 1838 qui
574 1756 721 1818 oblatam
736 1756 932 1816 recusarim:
956 1773 1071 1817 verum
1093 1755 1155 1817 hoc
1172 1774 1224 1816 me
1244 1756 1443 1829 consolatur,
1459 1756 1548 1836 quod

354 1850 414 1904 tua
427 1842 593 1903 industria
607 1839 704 1900 video
717 1838 868 1899 futurum
882 1844 922 1898 vt
936 1839 1032 1899 istius
1046 1838 1151 1899 diuini
1171 1839 1317 1900 thesauri
1336 1858 1397 1901 nos
1418 1859 1548 1920 quoque
1560 1868 1595 1916 ⁶0

353 1926 529 1987 reddamur
549 1928 726 1984 consortes.
770 1921 856 1982 Nam
878 1921 1111 1983 adnotationes
1132 1930 1209 1983 tuas
1230 1923 1265 1982 in
1287 1923 1548 1984 Pentateuohum

353 2010 499 2090 percurri
517 2008 627 2068 verius
648 2024 749 2086 quam
767 2004 899 2084 perlegi,
914 2006 949 2065 in
970 2005 1091 2084 quibus
1111 2011 1146 2066 et
1166 2005 1233 2066 alia
1253 2007 1361 2067 multa
1380 2006 1550 2086 praeclara

354 2092 449 2154 nobis
478 2090 649 2171 polliceris.
693 2088 734 2149 In
763 2088 815 2148 his
840 2106 926 2167 quae
951 2088 1154 2167 prodierunt,
1181 2090 1262 2150 mihi
1285 2090 1428 2169 plurima
1453 2090 1548 2151 vehe-

355 2182 482 2237 menter
503 2174 669 2236 arrident:
700 2177 780 2233 sunt
800 2178 913 2233 autem
931 2191 1106 2251 perpauca,
1122 2173 1164 2234 de
1185 2172 1305 2251 quibus
1326 2180 1360 2234 te
1381 2174 1549 2235 admoneri

355 2279 423 2321 non
448 2259 557 2319 minus
586 2262 701 2318 nostra
729 2274 830 2334 quam
855 2260 916 2316 tua
937 2255 1047 2328 refert,
1071 2255 1224 2317 videlieet
1246 2262 1285 2316 vt
1309 2256 1448 2336 posthac
1471 2262 1595 2345 tuae⁶5

355 2342 601 2405 lucubrationes
615 2342 650 2400 in
665 2358 783 2400 manus
797 2339 967 2400 hominum
983 2340 1120 2400 veniant
1134 2339 1341 2414 elimatiores‚
1362 2347 1396 2401 et
1415 2342 1550 2402 omnino

355 2426 440 2487 tales
468 2432 507 2484 vt
535 2429 596 2484 aut
621 2422 703 2484 nihil
728 2427 789 2483 aut
812 2441 914 2501 quam
942 2423 1114 2483 minimum
1140 2424 1314 2485 inueniant
1336 2424 1437 2485 Momi
1462 2424 1551 2504 quod

356 2508 605 2571 calumnientur.
649 2506 721 2566 Hoc
743 2504 815 2578 tibi,
836 2507 883 2566 mi
904 2504 1096 2585 Augustine‚
1119 2525 1193 2567 oum
1215 2507 1330 2586 primis
1351 2507 1550 2587 persuadeas

356 2592 465 2664 velim,
488 2611 540 2652 me
562 2589 715 2651 nonalia
736 2596 846 2650 mente
868 2590 1040 2650 monitoris
1061 2596 1172 2668 partes
1193 2592 1364 2670 suscipere.
1408 2590 1494 2651 Nam
1516 2597 1551 2652 et

356 2675 554 2737 industriam
583 2679 677 2734 tuam
703 2671 882 2744 exosculor,
908 2680 943 2732 et
966 2672 1088 2752 gloriae
1110 2692 1151 2734 ex
1176 2674 1286 2735 animo
1308 2674 1415 2736 iaueo.
1459 2674 1550 2736 Hmo
1564 2710 1597 2762 70

356 2759 479 2821 seditio
493 2758 600 2837 prima
614 2760 721 2817 scatet
735 2755 928 2835 prodigiosis
943 2756 1079 2829 mendis,
1094 2757 1287 2836 praesertim
1299 2758 1333 2818 in
1349 2758 1494 2819 Latinis:
1510 2777 1551 2819 ex

357 2862 423 2923 quo
437 2842 529 2903 vides
544 2859 643 2920 quam
658 2858 726 2899 non
745 2844 857 2900 tutum
875 2840 920 2899 sit
936 2840 1219 2919 typographorum
1240 2843 1347 2921 operis
1366 2841 1474 2902 fidere.
1517 2839 1552 2902 Si

357 2926 419 2989 tibi
434 2945 501 2988 non
515 2929 566 2986 est
581 2926 744 3002 integrum
760 2922 882 2996 adesse,
894 2928 1080 3003 praestaret
1101 2923 1162 2986 hoo
1182 2926 1326 2986 muneris
1346 2925 1444 2987 alicui
1466 2924 1550 2987 dele-

357 3030 443 3091 gare,
458 3010 515 3089 qui
530 3009 618 3070 bona
632 3006 696 3067 lide
711 3007 815 3077 vicem
830 3006 920 3068 obire
936 3013 1029 3068 tuam
1044 3013 1079 3068 et
1092 3015 1204 3087 posset
1218 3015 1253 3070 et
1268 3008 1377 3070 vellet.

398 3092 572 3155 Interdum
586 3098 620 3151 te
635 3090 785 3151 hortarer
804 3090 1044 3169 diligentiorem
1065 3111 1135 3151 esse
1155 3092 1190 3152 in
1206 3092 1378 3171 probando
1395 3111 1496 3171 quam
1517 3112 1552 3154 es
1565 3127 1597 3179 75

357 3180 392 3238 in
407 3175 626 3238 asseuerando
636 3173 743 3246 fortis,
753 3175 944 3253 praesertim
959 3193 1063 3253 quum
1079 3176 1183 3236 reiicis
1198 3175 1337 3236 aliorum
1352 3177 1550 3256 opinionem.

357 3261 485 3323 Videris
506 3265 617 3321 autem
639 3258 674 3318 in
695 3257 855 3336 quosdam
878 3257 1124 3329 stomachosior,
1140 3260 1235 3338 quasi
1255 3261 1388 3338 priuato
1408 3259 1552 3339 quodam

358 3345 479 3406 affectu
489 3341 765 3413 siseisinfensior‚
775 3339 911 3401 velutin
920 3339 1094 3402 Nicolaum
1106 3341 1283 3421 hymnum,
1292 3350 1327 3402 et
1336 3343 1476 3404 Paulum
1486 3343 1551 3423 epi·

358 3447 493 3508 scopum
503 3425 865 3504 Forosempronianum,
877 3441 1017 3502 quorum
1028 3430 1166 3502 vterque
1180 3431 1232 3486 cst
1243 3432 1376 3488 nostrae
1390 3426 1552 3487 inferioris

358 3511 571 3573 Germaniae:
595 3527 662 3569 non
676 3507 766 3587 quod
784 3507 867 3586 phas
887 3526 953 3568 non
974 3507 1019 3568 sit
1040 3507 1082 3569 ab
1100 3508 1166 3568 illis
1190 3509 1371 3582 dissentire,
1387 3509 1445 3571 sed
1464 3509 1553 3588 quod
1566 3534 1599 3583 80

360 3593 521 3657 stomachi
539 3591 734 3671 significatio
755 3589 816 3651 tibi
836 3590 986 3651 nonnihil
1008 3590 1146 3671 abroget
1164 3591 1248 3653 fidei.
1292 3592 1456 3654 Dissentis
1477 3598 1512 3654 ct
1532 3614 1553 3655 a

360 3676 552 3747 Reuohlino,
581 3675 639 3736 sad
668 3673 809 3735 ciuiliter
837 3679 872 3734 et
902 3692 978 3734 cum
1007 3674 1116 3736 laudis
1144 3675 1358 3755 praefatione.
1401 3676 1554 3738 Arbitror

359 3768 469 3822 autem
486 3758 627 3820 Paulum
643 3757 736 3819 nulla
749 3777 783 3818 re
799 3756 983 3819 Reuohlino
1002 3757 1187 3819 inferiorem
1208 3761 1358 3820 acumine
1375 3760 1504 3840 ingenii,
1519 3765 1554 3821 et

358 3843 667 3905 mathematicorum
701 3839 946 3920 disciplinarum
979 3843 1164 3921 cognitione
1198 3843 1407 3922 superiorem.
1454 3843 1554 3905 Cuius

359 3934 471 3989 tamen
485 3944 606 3987 nomen
621 3943 784 4003 nusquam
800 3924 890 4003 quod
904 3925 1015 3996 seiam,
1028 3927 1121 3997 citas,
1132 3926 1195 3985 nisi
1206 3945 1281 3986 cum
1292 3926 1552 4006 reprehensione.
1566 3949 1599 4011 8⁵

358 4011 444 4072 Eum
459 4030 519 4071 nec
534 4007 734 4070 audiendum
749 4007 926 4079 existimas,
938 4009 1027 4086 quod
1042 4010 1165 4069 sentiat
1179 4008 1264 4070 hanc
1279 4010 1477 4072 seditionem
1487 4029 1555 4072 non

359 4114 428 4155 esse
451 4100 559 4155 totam
577 4091 780 4169 Hieronymi,
802 4089 862 4150 hoc
884 4110 950 4151 vno
971 4091 1077 4153 fretus
1099 4098 1302 4172 argumento,
1325 4094 1413 4173 quod
1435 4094 1555 4174 singuli

359 4178 434 4238 libri
455 4176 676 4256 praefationes
698 4174 823 4235 hahent
845 4173 1046 4253 Hieronymi.
1090 4175 1181 4236 Haec
1206 4177 1293 4237 ratio
1317 4177 1345 4237 si
1367 4177 1472 4239 solida
1492 4185 1554 4252 est,

393 4314 469 4377 48-9.
487 4311 645 4362 tamenhoc
653 4312 757 4361 iterum
765 4315 854 4375 atque
865 4310 968 4360 iterum
979 4309 1010 4359 J.
1080 4322 1122 4371 52.
1140 4310 1273 4359 remorari
1284 4309 1316 4360 J,
1380 4324 1422 4374 57.
1440 4317 1553 4364 tunca:

360 4385 424 4430 tum
445 4379 476 4429 J.
578 4379 620 4441 58.
638 4393 699 4428 esse
721 4395 753 4427 a:
777 4384 822 4427 est
844 4376 875 4426 J.
965 4392 1023 4426 non
1040 4394 1072 4426 a:
1096 4376 1150 4427 tibi
1167 4391 1225 4426 non
1241 4376 1272 4426 J.
1375 4379 1508 4429 irascerer
1522 4380 1554 4431 J.

360 4451 391 4496 61
404 4453 471 4496 tuas
483 4460 535 4495 om.
549 4444 586 4493 N.
672 4447 715 4508 64.
733 4449 874 4494 autema:
892 4449 990 4494 tamen
1001 4443 1032 4493 J.
1111 4446 1155 4494 66.
1173 4443 1365 4493 hominumn:
1384 4446 1511 4496 omnium
1522 4447 1553 4497 J.

361 4527 402 4577 75.
421 4519 450 4562 te
468 4513 598 4562 hortarer
616 4528 648 4560 a:
668 4516 798 4575 optarem
819 4515 848 4560 te
865 4509 896 4560 J.
966 4511 1007 4573 78.
1025 4511 1055 4560 in
1073 4526 1126 4560 cm.
1145 4509 1177 4559 J.
1229 4509 1376 4561 Nicolaum
1395 4511 1433 4562 J:
1454 4527 1507 4563 om.
1528 4533 1553 4563 a.

361 4594 403 4644 79.
423 4578 620 4643 Sempronium
637 4577 674 4627 J:
692 4577 927 4641 Sempronianum
945 4577 983 4626 K.
1053 4578 1094 4627 81.
1112 4577 1232 4641 abrogat
1249 4576 1280 4628 J.
1330 4583 1361 4628 et
1374 4594 1392 4628 a
1408 4598 1424 4628 α
1436 4578 1474 4628 J:
1492 4581 1554 4631 aN.

360 4649 402 4695 82.
420 4651 571 4696 etcumaz
589 4643 696 4695 oumJ.
764 4645 806 4706 83.
824 4642 1023 4693 rea:inreJ.
1091 4645 1133 4693 86.
1151 4643 1334 4694 Eumneoa:
1352 4645 1539 4698 EumnonJ.

394 4782 436 4844 48.
454 4779 492 4830 ab
514 4779 632 4843 Angliae
653 4778 729 4844 rege]
751 4777 887 4828 Erasmus
909 4777 934 4827 is
983 4777 1131 4839 teuchum]
1142 4777 1202 4828 'l'he
1213 4778 1377 4843 Racoqna'ts'o.

361 4846 543 4911 presumably
554 4846 687 4910 thinking
698 4845 728 4895 oi
744 4845 794 4895 the
807 4844 893 4895 letter
903 4844 933 4894 ol
1017 4844 1524 4910 78.Lyrsnum]SeeEp.182.116n.

361 4913 515 4964 invitation
530 4913 604 4962 irorn
619 4911 778 4976 Mountjoy,
791 4911 846 4975 Ep.
865 4924 932 4973 ²153
1017 4923 1059 4972 79.
1078 4911 1354 4976 Foroaempronium]
1366 4912 1437 4963 Paul
1445 4913 1476 4963 oi
1484 4913 1554 4964 hiid-

361 4981 398 5031 cl.
411 4980 487 5044 Epp.
500 4984 558 5029 216.
571 4993 613 5042 30,
625 4992 684 5043 334.
698 4992 788 5028 10-11.
983 4976 1103 5043 delburg
1116 4979 1300 5043 (1446-1534),
1315 4979 1364 5044 bp.
1379 4980 1409 5030 ol
1427 4981 1554 5032 Fossom·

394 5049 436 5097 61.
455 5045 655 5097 adnotationes
679 5083 685 5096 .
711 5082 718 5096 .
743 5081 750 5095 .
773 5046 803 5094 in
830 5043 933 5095 Penta·
983 5043 1072 5094 brono
1086 5058 1251 5110 1494-1524;
1268 5045 1543 5113 seeEp.326.1o4n.
