4042 5900
753 645 1256 711 mrrunsorrnrsuus
1533 650 1630 728 [1530

732 844 833 907 2392.
880 840 987 906 Fron
1002 840 1105 907 Jeme
1121 841 1314 908 remorer.

464 968 588 1039 Leipzig
599 967 664 1023 MS.
1362 970 1541 1041 Augsburg.

463 1044 529 1097 EE.
546 1057 609 1112 137.
1327 1061 1339 1099 1
1355 1043 1493 1100 October
1509 1059 1594 1115 153⁰·

461 1162 519 1223 [An
532 1161 650 1227 original
663 1162 756 1221 letter,
772 1163 933 1229 autogr-eph
950 1164 1142 1228 throughout;
1161 1164 1211 1214 the
1228 1163 1346 1215 address
1362 1164 1444 1215 sheet
1456 1163 1483 1214 is
1501 1164 1630 1229 mining.

427 1228 488 1279 The
499 1228 566 1278 date
578 1229 602 1278 is
612 1228 765 1279 confirmed
777 1230 816 1294 by
827 1230 877 1280 the
889 1233 1043 1294 contente]

469 1334 622 1395 Hunnrcr
633 1334 845 1414 Eppendorfii
855 1354 984 1408 nomen,
994 1354 1196 1414 quemquam
1205 1341 1289 1415 eput
1298 1355 1350 1397 me
1361 1334 1552 1410 obscurum,
1562 1354 1630 1397 non

427 1417 560 1479 aliunde
582 1422 693 1478 tamen
715 1437 814 1496 quam
836 1438 877 1480 ex
897 1420 964 1479 tuis
982 1418 1082 1492 libris,
1098 1419 1234 1480 Erasme
1249 1419 1479 1493 eruditissime,
1494 1420 1628 1498 agnoui.

427 1502 526 1562 Hune
548 1499 675 1580 Gasper
693 1501 829 1562 Vrsinus
849 1502 968 1576 Velius,
992 1503 1044 1563 cui
1063 1503 1130 1563 iam
1150 1502 1278 1563 dudum
1297 1502 1448 1582 cognitus
1462 1509 1548 1576 erat,
1565 1502 1630 1564 huc

428 1585 471 1646 ad
486 1584 667 1663 hospicium
682 1603 801 1656 meum,
813 1585 950 1664 eoquod
965 1586 1082 1647 domus
1097 1585 1268 1646 diuersorii
1282 1587 1333 1647 sui
1346 1586 1504 1665 contigue
1518 1585 1630 1647 fuerat

399 1687 501 1738 smeo
521 1668 696 1746 tuguriolo,
718 1668 882 1746 perduxit.
937 1668 1036 1729 Multi
1061 1668 1169 1730 solent
1193 1687 1246 1730 me
1267 1668 1358 1730 domi
1378 1668 1628 1730 delitescentem

429 1752 568 1812 inuisere
580 1773 586 1823 ;
609 1751 681 1810 aliis
696 1750 852 1823 oblector,
865 1751 946 1812 alios
961 1753 1129 1831 pacienter
1142 1752 1222 1813 fero.
1252 1751 1307 1813 Ita
1321 1752 1360 1813 fit
1375 1757 1414 1812 vt
1428 1752 1631 1832 quandoque

428 1834 587 1895 deuorare
612 1853 710 1912 cogar
737 1833 914 1912 insipidum
943 1836 1184 1896 commercium.
1236 1835 1344 1896 Mores
1366 1836 1461 1896 istius
1486 1835 1630 1897 hominis

429 1919 533 1997 megis
552 1936 593 1977 ex
614 1917 762 1996 gloriosis
777 1917 885 1978 verbis
904 1917 1006 1996 ipsius
1021 1937 1122 1996 quam
1136 1917 1269 1979 aliunde
1283 1919 1412 1998 agnoui.
1457 1917 1550 1980 Moui
1564 1918 1627 1980 fre·

429 2006 567 2080 quanter
581 1999 629 2060 illi
641 2000 857 2072 stomachum,
867 2020 941 2061 cum
953 2001 1110 2062 iudicium
1121 2008 1156 2062 et
1164 2002 1384 2062 erudicionem
1393 2007 1470 2062 tuas
1479 2002 1629 2063 omnium

386 2106 417 2141 ιο
429 2083 568 2145 aliorum
593 2083 710 2144 studiis
735 2089 987 2163 anteponerem:
1018 2085 1085 2145 scio
1109 2086 1197 2146 enim
1225 2086 1276 2145 vti
1301 2085 1507 2164 magisquam
1533 2085 1629 2147 abuti

429 2167 616 2228 huiusmodi
635 2166 805 2227 homiuum
824 2167 1070 2229 consuetudine.
1115 2168 1188 2229 Hoc
1205 2168 1268 2229 tibi
1285 2174 1400 2229 tamen
1417 2168 1628 2247 persuadeas,

428 2250 556 2312 nullum
572 2269 717 2328 vnquem
733 2256 827 2312 tante
842 2251 931 2330 apud
951 2270 1003 2312 me
1017 2251 1087 2312 fore
1101 2251 1187 2325 fidei,
1202 2252 1260 2330 qui
1274 2251 1402 2313 Erasmi
1416 2270 1540 2313 nomen
1553 2271 1628 2314 con·

429 2340 625 2413 ceptamque
647 2333 688 2394 de
710 2334 782 2412 ipso
807 2335 1007 2396 sentenciam
1032 2341 1143 2414 posset
1165 2336 1341 2396 inmutare.
1395 2335 1518 2396 Totam
1544 2335 1629 2397 hanc

430 2436 530 2496 quam
552 2417 664 2477 scribis
686 2416 726 2477 de
745 2435 784 2477 eo
807 2419 1065 2479 controuersiam
1086 2417 1128 2479 ab
1151 2419 1222 2497 ipso
1241 2419 1371 2498 agnoui,
1391 2419 1507 2497 paucis
1527 2418 1631 2498 (quod

386 2522 416 2571 15
430 2501 498 2561 fieri
520 2501 604 2561 solet
624 2500 713 2579 apud
737 2520 792 2562 eos
814 2503 871 2579 qui
892 2519 1026 2562 causam
1048 2520 1142 2562 suam
1165 2502 1322 2562 iniustam
1344 2520 1455 2563 coram
1477 2508 1631 2581 praetore

430 2589 579 2661 tuentur)
594 2584 786 2655 inmutatis;
809 2591 848 2644 vt
862 2584 966 2657 facile,
977 2586 1004 2644 si
1019 2584 1117 2646 iudex
1129 2603 1246 2646 causae
1261 2604 1331 2645 csse
1342 2584 1530 2658 voluissem,
1540 2585 1631 2666 apud

429 2687 482 2728 me
497 2673 688 2746 conceptam
704 2669 904 2728 sentenciam
922 2667 1225 2747 presumpcionibus
1242 2667 1439 2745 quibusdam
1458 2675 1631 2747 permotus

429 2750 515 2811 ferre
528 2754 717 2829 potuissem.
753 2750 945 2830 Epistolam,
956 2770 1055 2829 qnam
1071 2751 1112 2811 de
1127 2750 1320 2829 Poliphemo
1334 2751 1377 2811 ad
1392 2769 1444 2812 me
1459 2752 1630 2832 scripsisti,

429 2852 495 2895 non
510 2834 604 2907 vidit,
620 2834 677 2894 sed
692 2840 774 2913 puto
789 2852 864 2894 eum
878 2853 930 2894 me
946 2834 1004 2895 hec
1020 2834 1061 2895 de
1075 2834 1132 2895 illo
1147 2834 1343 2895 referentem
1358 2834 1541 2909 audiuisse;
1564 2854 1632 2897 non

384 2942 418 2978 πο
429 2918 516 2979 enim
530 2918 564 2978 in
578 2917 692 2978 multis
707 2923 759 2978 est
778 2916 905 2997 Ciclops
922 2917 976 2978 ille
996 2917 1157 2979 Thrasoni
1174 2916 1349 2978 dissimilis.
1393 2916 1563 2998 Quidquid
1577 2920 1631 2993 sit,

429 3000 540 3061 nullus
565 3020 711 3079 vnquam
740 3003 864 3080 poterit
888 3003 1066 3063 mendaciis
1095 3003 1162 3063 suis
1188 3009 1283 3062 tuum
1312 3020 1432 3062 nomen
1459 3001 1552 3082 apud
1579 3022 1632 3064 me

430 3084 610 3145 obfuscare.
655 3083 717 3144 Sed
732 3084 772 3145 de
787 3085 847 3145 hoc
862 3088 952 3146 setis.

472 3167 554 3229 Cum
576 3168 673 3227 Eccio
695 3187 761 3227 non
784 3170 846 3229 nisi
865 3170 963 3230 semel
985 3169 1116 3230 locutus
1130 3188 1213 3241 sum,
1229 3174 1264 3229 et
1278 3167 1339 3229 hcc
1353 3169 1451 3228 vnicc
1465 3167 1632 3248 colloquio

430 3253 465 3311 in
485 3252 653 3330 presencia
676 3250 774 3311 Fabri
796 3253 841 3311 sic
867 3272 918 3312 me
940 3254 1101 3313 tractauit
1120 3258 1159 3311 vt
1178 3251 1320 3330 amplius
1334 3269 1444 3312 secum
1458 3249 1552 3330 loqui
1565 3271 1633 3314 non

384 3357 417 3405 25
430 3334 526 3396 facile
547 3339 683 3395 tentem.
728 3333 835 3394 Monit
856 3335 935 3394 mihi
958 3342 1037 3396 tunc
1059 3336 1183 3396 furioso
1204 3353 1263 3395 suo
1285 3333 1426 3395 clamore
1448 3340 1484 3395 et
1504 3335 1633 3396 iniuriis

431 3418 540 3478 verbis
562 3416 767 3478 stomachum
779 3438 786 3490 ;
819 3417 907 3495 qnod
929 3419 991 3478 nisi
1013 3438 1087 3479 eum
1105 3418 1326 3479 temulentum
1340 3418 1441 3478 fuisse
1456 3416 1632 3491 crederem,

430 3507 540 3581 preter
561 3499 830 3561 consuetudinem
850 3520 957 3562 meam
979 3501 1027 3562 illi
1041 3501 1290 3580 respondissem.
1335 3499 1504 3580 Respondi
1518 3506 1634 3563 tamen

430 3584 479 3645 illi
501 3585 597 3644 vnico
619 3585 728 3655 verbo,
749 3589 784 3643 et
804 3584 935 3663 quidem
956 3585 1160 3646 clemenciori
1175 3604 1275 3663 quam
1289 3584 1396 3645 Faber
1412 3590 1632 3663 expectasset.

430 3667 486 3729 Ita
506 3667 614 3728 deuici
634 3666 774 3727 hominis
795 3669 1040 3729 truculeuciam.
1084 3668 1176 3730 Nihil
1195 3674 1268 3729 erat
1288 3667 1376 3746 quod
1395 3667 1476 3727 mihi
1494 3668 1634 3730 tandem

385 3775 419 3826 30
431 3756 564 3831 poteret
574 3751 709 3822 obicere,
722 3750 784 3810 nisi
794 3751 882 3829 quod
893 3771 968 3812 cum
978 3751 1181 3813 heresiarcha
1192 3752 1249 3812 illo
1261 3750 1331 3812 Phi.
1343 3749 1634 3830 Melan<chthone>

431 3835 624 3896 commercia
638 3833 824 3895 habuissem
833 3834 984 3913 plurima.
1029 3833 1068 3894 In
1083 3835 1207 3896 unllam
1223 3835 1399 3895 factionem
1415 3852 1466 3893 me
1483 3853 1634 3913 vnqusm

431 3918 616 3996 subscripsi,
632 3936 691 3977 nec
707 3917 918 3978 subscribam.
963 3916 996 3979 Si
1014 3924 1126 3977 temen
1147 3916 1416 3977 subscribendum
1436 3915 1533 3990 foret,
1550 3917 1632 3979 mal·

431 4001 495 4062 lem
518 4021 570 4061 me
596 4001 783 4079 Philip<po>
810 4020 908 4079 quam
934 4001 1075 4061 Ecciane
1098 4000 1305 4078 inperterrite
1330 3997 1532 4061 truculeucie
1556 4000 1633 4062 sub·

432 4086 580 4146 scribere.
624 4083 746 4144 Audiui
764 4083 806 4143 ab
828 4083 968 4157 homine,
988 4082 1173 4162 etquidem
1194 4082 1423 4161 probatissime
1437 4081 1524 4156 fidei,
1539 4082 1635 4146 illum

386 4191 418 4240 35
432 4167 558 4246 eliquct
573 4174 706 4228 centnm
722 4166 848 4227 hereses
868 4173 943 4228 tuas
963 4166 1138 4245 collegisse,
1154 4185 1293 4245 quarum
1308 4167 1487 4226 maximam
1502 4173 1635 4245 partem

432 4270 472 4312 ex
487 4249 665 4330 Colloquiis
692 4250 883 4311 annotanit:
907 4270 988 4329 quas
1003 4256 1073 4310 tam
1088 4249 1145 4310 diu
1160 4255 1323 4329 premeret
1336 4268 1507 4328 quousque
1521 4258 1636 4331 posset

650 4406 675 4454 7.
694 4406 778 4456 cogor
788 4391 854 4441 MS.
922 4406 964 4441 20.
982 4392 1122 4442 Thrasoni
1134 4392 1185 4442 ΕΕ
1194 4412 1201 4442 :
1220 4393 1339 4444 Trosoni
1349 4391 1415 4443 MS.

466 4605 491 4642 2.
509 4590 600 4652 libris]
607 4591 809 4656 Eppendorff's
818 4606 901 4641 name
908 4605 1006 4641 occurs
1094 4594 1134 4642 18.
1152 4592 1323 4655 Epistulam]
1335 4592 1395 4643 Not
1406 4598 1519 4643 extant.

432 4658 463 4709 in
478 4658 530 4708 the
546 4658 674 4709 volumes
693 4659 724 4708 of
742 4657 886 4707 Erasmus'
907 4657 1006 4708 letters
1091 4663 1134 4709 26.
1152 4659 1353 4720 temulentum]
1365 4659 1408 4709 Cf.
1421 4660 1476 4724 Ep.
1489 4662 1565 4724 2406.
1578 4675 1605 4712 2.

433 4727 507 4784 from
527 4725 559 4775 F.
579 4723 719 4775 onwards.
754 4724 789 4774 In
809 4724 867 4774 this
883 4731 1006 4775 autumn
1092 4740 1134 4788 31.
1152 4725 1378 4787 commercie]Of.
1387 4727 1442 4790 Ep.
1453 4729 1518 4790 1672
1526 4727 1634 4780 introd.

433 4793 523 4854 (¹530)
543 4792 679 4842 Erasmus
701 4789 852 4856 published
875 4791 919 4841 his
941 4807 1006 4842 own
1058 4792 1264 4857 InJuly153o
1280 4793 1408 4842 Henclrel
1425 4792 1483 4842 bad
1499 4793 1585 4857 given
1602 4801 1636 4847 to

432 4862 554 4908 account
576 4859 606 4908 of
632 4859 684 4908 the
708 4858 834 4923 disputo,
861 4858 1006 4910 Aduersus
1057 4859 1258 4909 Melanchthon
1270 4858 1325 4908 five
1340 4859 1519 4918 Quaestionee
1533 4860 1566 4910 dc
1580 4861 1635 4913 Sc·

433 4925 607 4976 mendacium
633 4932 658 4974 et
684 4924 907 4984 obtrectationem,
929 4926 1007 4977 stilis
1058 4933 1193 4978 omento
1204 4931 1236 4975 to
1248 4926 1282 4974 be
1293 4925 1452 4976 submitted
1465 4931 1497 4977 to
1513 4926 1635 4981 Lnther.

432 4992 594 5052 admonitio,
607 4991 751 5057 Freiburg,
763 5006 786 5042 s.
794 5007 823 5042 n.
838 5005 911 5055 1530.
1059 4993 1281 5054 SeeLE¹.1732.
