4042 5900
328 671 422 749 2517]
577 666 823 730 rocasels
845 666 1042 731 oasmus
1064 667 1224 731 vanos
1462 666 1523 728 313

326 828 439 888 dicant
453 829 514 889 hoc
529 846 598 888 esse
612 827 715 888 fatale
729 828 889 907 imperiali
903 846 1050 899 coronae,
1065 847 1193 907 semper
1203 846 1305 906 egere,
1317 845 1523 905 vacuumque

326 931 395 972 esse
413 911 599 971 Danaidum
619 911 753 983 dolium,
773 912 985 990 quantumuis
1004 910 1168 972 infundas.
1211 910 1261 971 De
1281 910 1393 971 Turois
1413 929 1524 971 rumor

326 995 378 1055 hic
392 1013 508 1073 parum
524 994 629 1055 laetus
644 994 773 1067 volitat,
788 994 894 1055 fertur
907 994 991 1055 alter
1008 994 1049 1055 de
1068 1013 1179 1055 rursus
1198 993 1371 1055 indicenda
1390 991 1523 1071 synodo

325 1096 444 1138 rumor.
488 1076 574 1151 Quid
590 1078 713 1156 cogitet
726 1075 844 1138 Caesar
857 1097 1019 1156 nusquam
1034 1079 1143 1138 minus
1156 1078 1259 1138 scitur
1272 1095 1371 1155 quam
1385 1075 1451 1137 illic
1466 1076 1523 1137 vbi

325 1162 419 1221 riuit.
463 1157 535 1222 Scio
549 1159 629 1239 quid
643 1160 816 1240 prouerbio
829 1160 942 1221 dicant
956 1160 997 1221 de
1011 1160 1154 1221 conciliis
1168 1158 1370 1233 Germaniae,
1385 1160 1464 1238 quid
1479 1161 1523 1221 sit
1535 1192 1567 1243 25

324 1249 518 1305 euenturum
533 1244 649 1305 nescio.

366 1326 416 1388 Ne
430 1326 511 1387 nihil
525 1346 630 1389 nouae
645 1328 692 1388 rei
705 1333 802 1406 putes
816 1345 893 1399 esse,
905 1333 1069 1388 mercatus
1082 1347 1155 1388 sum
1166 1326 1263 1387 aedes
1277 1327 1406 1388 honesti
1419 1326 1520 1387 nomi·

325 1411 384 1481 nis,
415 1410 473 1471 sed
503 1411 607 1489 iniqui
637 1411 742 1489 pretii.
795 1410 1016 1471 Exhausimus
1049 1410 1205 1489 quicquid
1237 1416 1309 1471 erat
1342 1410 1522 1490 praesentis

324 1494 488 1572 pecuniae,
504 1500 539 1554 et
552 1493 660 1554 adhuc
674 1492 891 1554 aedificamus.
935 1492 1080 1555 Tantum
1100 1494 1185 1554 sensi
1201 1492 1385 1554 taediorum
1404 1494 1438 1553 in
1454 1492 1520 1553 lici-

324 1575 436 1649 tando‚
452 1575 685 1649 contrahendo,
703 1575 903 1657 stipulando,
922 1577 1120 1656 emigrando,
1139 1575 1364 1656 immigrando,
1383 1574 1522 1637 rixando
1534 1606 1568 1658 30

324 1678 398 1719 cum
416 1659 518 1720 fabris
534 1666 570 1721 et
583 1659 720 1733 iuribus,
736 1666 775 1721 vt
788 1660 901 1721 malim
918 1660 1111 1721 decennium
1129 1661 1163 1720 in
1179 1658 1271 1720 libris
1285 1660 1407 1720 versari
1421 1678 1521 1738 quam

323 1745 456 1803 vnioum
470 1762 614 1804 mensem
629 1742 709 1805 haec
722 1742 879 1805 deuorare
893 1744 1070 1823 catapotia.
1113 1741 1348 1823 Corpusculum
1363 1743 1415 1803 hic
1430 1742 1520 1803 habi·

323 1832 385 1900 tat,
400 1827 529 1888 animus
543 1826 631 1888 alibi.
674 1825 747 1888 Iam
760 1825 843 1887 illud
860 1827 960 1888 etiam
979 1827 1161 1906 periculum
1180 1832 1240 1899 est,
1260 1845 1302 1887 ne
1323 1845 1365 1887 ex
1386 1825 1521 1887 oedibus

324 1909 406 1970 bene
420 1909 588 1971 adornatis
605 1929 665 1970 nos
681 1910 792 1989 exigat
808 1909 1005 1989 pestilentia,
1026 1928 1110 1988 quae
1129 1911 1194 1970 iam
1214 1915 1343 1971 mature
1362 1908 1522 1970 scintillat

323 1993 375 2053 hie
390 1993 509 2054 odiose.
553 1993 604 2055 Da
617 1991 803 2054 Olmucensi
816 1992 975 2072 praesule,
986 1993 1105 2054 faciam
1116 1992 1206 2072 quod
1217 1995 1281 2054 iam
1296 1993 1395 2054 toties
1410 1992 1519 2053 horta·
1533 2023 1566 2073 35

322 2078 375 2147 ris,
397 2075 595 2154 simulatque
617 2075 752 2137 dabitur
773 2077 1013 2156 opportunitas.
1057 2076 1148 2138 Haeo
1169 2076 1211 2136 ad
1232 2075 1405 2155 epistolam
1427 2082 1521 2136 tuam

324 2159 467 2220 Viennae
482 2162 637 2238 scriptam
653 2160 742 2221 xxvi.
758 2159 811 2220 die
825 2158 922 2221 Iunii.
966 2159 1056 2222 Vale.

365 2242 514 2322 Friburgi
528 2244 582 2304 vii.
598 2242 651 2304 die
665 2242 807 2323 Augusti
820 2258 991 2304 mnxxn.

637 2532 738 2593 2518.
785 2527 838 2592 Το
854 2526 956 2594 Joun
971 2526 1201 2593 Hnswsomr.

359 2664 518 2737 Epistolae
531 2664 674 2719 Floridae
686 2682 717 2735 p.
732 2680 759 2734 3.
1286 2663 1444 2735 Freiburg.

359 2740 456 2795 Lond.
471 2739 555 2794 xxxi.
570 2754 623 2807 55:
644 2740 708 2794 LB.
723 2740 804 2810 App.
819 2742 884 2809 362.
1230 2754 1249 2805 9
1262 2739 1385 2809 August
1399 2754 1481 2809 1531.

355 2866 426 2927 [The
444 2867 557 2932 preface
573 2872 605 2917 to
622 2866 672 2917 the
690 2866 832 2931 Epistulae
849 2866 986 2927 Florida,
1004 2866 1098 2926 Basle,
1112 2866 1140 2917 J.
1156 2866 1324 2932 Herwagan,
1341 2866 1420 2931 Sept.
1437 2880 1518 2929 1531;

323 2946 369 2983 112
382 2933 481 2984 lettera
492 2933 529 2983 all
541 2949 613 2992 new,
625 2932 713 2985 dated
727 2933 799 2984 from
815 2947 831 2998 3
847 2933 929 2999 April
945 2947 1074 2998 1523-21
1088 2934 1161 2999 Aug.
1176 2946 1248 2997 1531.
1283 2932 1344 2984 The
1355 2933 1438 2984 haste
1449 2934 1519 2984 with

320 3001 412 3050 which
428 3002 564 3051 Erasmus
580 3016 630 3066 pre
652 3000 720 3050 ared
736 3001 795 3052 this
809 3000 923 3052 volume
934 3002 958 3051 is
969 3000 1102 3051 reflected
1113 3001 1143 3051 in
1154 3001 1194 3051 ita
1204 3001 1410 3061 indiscretione,
1422 3001 1519 3051 subse·

319 3067 439 3132 quently
451 3074 500 3118 cut
511 3074 564 3119 out
575 3068 604 3118 in
648 3104 654 3117 .
689 3067 758 3118 This
768 3067 855 3118 letter
864 3067 925 3118 also
935 3067 1003 3119 does
1015 3074 1069 3119 not
1078 3082 1187 3133 appear
1197 3068 1227 3117 in
1238 3067 1268 3117 Κ
1279 3081 1312 3117 οι·
1322 3067 1352 3117 in
1364 3066 1412 3130 N.]

519 3199 593 3245 ΜΒ.
610 3198 764 3245 ΚΒΑῧδΝΒ
778 3198 900 3245 norun.
916 3198 1039 3245 rosum
1053 3199 1229 3245 ismaelo
1244 3198 1270 3244 8.
1285 3199 1319 3244 D.

362 3291 504 3352 Mvuran
525 3290 666 3370 quidem,
682 3291 827 3370 Herusgi
846 3291 1042 3364 charissime,
1063 3293 1205 3352 virtutes
1223 3297 1318 3352 erant
1338 3291 1373 3351 in
1395 3290 1518 3352 Ioanne

319 3374 489 3447 Frobenio,
514 3374 617 3436 felicis
639 3375 823 3447 memoriae,
849 3393 933 3453 quae
956 3374 1050 3436 illum
1072 3374 1207 3436 affectui
1228 3393 1302 3435 meo
1324 3392 1519 3453 magnopere

320 3456 603 3519 commendarent:
627 3458 685 3519 sed
698 3477 765 3519 non
778 3457 844 3519 alia
857 3477 893 3520 re
907 3459 1056 3519 tenacius
1069 3458 1234 3519 arctiusue
1248 3457 1311 3518 sibi
1324 3456 1519 3519 deuinxorat

318 3543 465 3601 animum
479 3560 598 3614 meum,
610 3559 710 3619 quam
724 3541 814 3620 quod
828 3543 862 3602 in
877 3542 967 3602 omni
978 3543 1049 3602 vita
1059 3541 1140 3602 nihil
1151 3542 1242 3620 prius
1252 3540 1406 3613 habebat,
1419 3559 1518 3619 quam

318 3631 357 3685 vt
374 3624 589 3702 quantislibet
603 3624 752 3686 laborum
769 3643 808 3686 ac
824 3626 1037 3704 pecuniarum
1052 3625 1224 3704 impendiis
1237 3622 1431 3685 excudendo
1445 3642 1517 3703 pro·
1531 3656 1547 3706 5

319 3708 504 3768 batissimos
514 3726 661 3786 quosque
671 3714 804 3769 autores
815 3709 945 3769 iuuaret
955 3707 1088 3788 publica
1101 3707 1222 3780 studia,
1234 3708 1287 3768 oui
1300 3706 1519 3786 pulcherrimo

317 3792 472 3851 instituto
486 3792 537 3851 vir
551 3793 696 3870 optimus
709 3792 809 3852 etiam
824 3791 1021 3853 immortuus
1034 3798 1095 3852 est.
1138 3790 1207 3852 Nec
1222 3789 1318 3851 video
1332 3808 1417 3868 quae
1430 3809 1519 3852 mors

272 3933 275 3940 ,
318 3874 366 3934 illi
380 3875 526 3952 potuerit
540 3875 727 3953 contingere
746 3875 928 3954 speciosior.
973 3875 1028 3936 Ita
1047 3874 1173 3935 iactum
1191 3880 1243 3935 est
1262 3879 1301 3934 vt
1319 3892 1388 3935 rem
1408 3872 1517 3935 litera·

318 3959 399 4018 riam
423 3958 526 4036 magis
553 3959 683 4018 auxerit
711 3975 811 4035 quam
839 3957 1044 4031 familiarem,
1069 3959 1201 4036 suisque
1225 3956 1420 4018 haeredibus
1444 3956 1519 4036 plus

318 4041 474 4101 honestae
489 4040 596 4101 iamae
610 4040 778 4119 reliquerit
792 4059 892 4119 quam
905 4042 1073 4121 pecuniae.
1116 4039 1277 4114 Quoniam
1293 4046 1405 4101 autem
1422 4039 1518 4102 rideo
1532 4072 1564 4108 10

318 4131 351 4184 te
381 4143 447 4184 non
475 4130 607 4184 tantum
636 4125 862 4185 ornatissimae
891 4125 1036 4204 coniugia
1058 4123 1102 4185 ab
1127 4123 1184 4185 illo
1208 4123 1341 4185 relictae
1365 4122 1519 4202 ὖπόδοχον

317 4208 474 4279 extitisse,
489 4208 705 4268 verumetiam
719 4205 807 4268 illius
820 4207 921 4268 animi
935 4226 1034 4286 quem
1048 4207 1104 4269 illo
1118 4205 1336 4287 prouehendis
1350 4206 1517 4268 ornandis·

384 4304 459 4353 251⁷.
478 4318 518 4368 24.
537 4304 645 4368 cogitat
655 4303 693 4353 N.
792 4317 835 4368 35.
853 4303 1016 4356 Olmucensi
1027 4305 1207 4368 scriptionum
1225 4303 1400 4355 Cluuiaoansi
1412 4304 1449 4354 K.

350 4422 425 4470 2517.
444 4435 485 4483 27.
503 4419 701 4482 aedesJOi.E
725 4423 823 4483 ‚asco
845 4433 888 4470 rn.
941 4421 992 4471 the
1025 4419 1192 4485 dedicatory
1222 4419 1308 4470 latter
1338 4420 1404 4485 (Ep.
1429 4420 1515 4481 2⁶08).

350 4501 391 4551 35.
410 4487 582 4548 Olmucenai]
609 4487 704 4539 Stauia
731 4502 766 4536 us
788 4486 888 4537 Turno.
940 4485 1327 4552 Turuminacknorrladging
1340 4486 1516 4552 thecompli·

317 4555 347 4605 It
358 4570 448 4605 seems
459 4554 534 4604 clear
542 4554 608 4605 that
616 4554 753 4604 Erasmus
761 4553 889 4604 reserato
940 4560 1031 4613 ment,
1053 4554 1141 4604 reiers
1163 4560 1196 4605 tc
1218 4554 1268 4604 tha
1286 4552 1361 4618 good
1377 4553 1471 4604 office·
1486 4554 1517 4604 oi

316 4619 889 4686 asuggeationoIUrsinusthatheshould
940 4619 1062 4672 Ursinus
1077 4621 1108 4671 in
1125 4620 1176 4672 the
1192 4626 1299 4671 matter
1311 4619 1413 4680 (Iond.
1427 4621 1515 4671 xxvii.

316 4688 445 4738 dedicate
461 4703 479 4738 a
493 4687 570 4738 book
584 4694 617 4739 to
630 4687 723 4738 Turno
733 4686 782 4745 (he
792 4687 850 4738 had
860 4688 891 4737 in
942 4700 985 4751 37,
996 4687 1054 4737 LB.
1069 4688 1154 4749 1229).

318 4768 382 4817 1525
398 4753 550 4804 addressed
564 4759 596 4804 to
609 4754 702 4805 Turno
717 4753 768 4804 the
778 4753 890 4804 dedica·
976 4754 1052 4804 2⁶18.
1071 4768 1095 4805 2.
1114 4753 1266 4815 Frobanio]
1278 4752 1335 4816 †26
1345 4752 1409 4804 Oct.
1424 4765 1497 4816 1527.

316 4823 419 4873 tionoi
433 4822 484 4872 the
498 4821 609 4871 Froben
624 4820 709 4885 Pliny
719 4819 889 4879 Hist.Not.;
977 4835 1017 4871 11.
1035 4821 1173 4887 coniugis]
1204 4820 1363 4885 umagen
1393 4818 1515 4870 married

316 4890 470 4954 Ep.1544).
505 4886 891 4954 1n1532heoompliedrrith
942 4886 1081 4939 Froben’s
1101 4888 1202 4940 wido!
1223 4888 1254 4938 in
1279 4887 1358 4949 15283
1390 4901 1437 4937 see
1459 4886 1514 4953 Ep.

315 4953 727 5087 suun,
760 4954 891 5072 aar
1032 4955 1093 5018 ⁵⁸¹¹·
