4042 5900
326 675 421 758 2438]
695 674 818 738 anon
838 674 956 739 sonu
977 673 1154 738 onoma
1461 675 1521 736 149

325 835 439 897 abiens
453 834 529 895 hino
542 834 623 896 mihi
637 834 821 914 reliquerat.
844 834 945 915 Spero
956 840 991 897 te
1001 854 1041 896 ea
1050 835 1161 896 omnia
1168 835 1234 896 iam
1246 841 1333 896 recte
1342 835 1520 914 accepisse;

326 920 416 979 visus
433 919 519 979 enim
540 917 621 979 mihi
639 916 827 980 Sacellanus
844 918 899 979 ille
920 919 1064 996 (nisime
1085 938 1191 980 sermo
1213 918 1353 979 hominis
1374 921 1410 979 et
1430 917 1550 988 ironss

325 1001 457 1145 mnffi)
472 1002 523 1061 vir
536 1020 606 1062 esse
620 1001 735 1075 bonus,
747 1020 806 1063 nec
820 1020 935 1063 vereor
949 1002 1029 1081 quin
1043 1021 1119 1063 cum
1133 1001 1197 1063 fide
1212 1001 1274 1063 tibi
1288 1001 1417 1062 litteras
1431 1020 1522 1062 meas

325 1085 383 1146 red
410 1086 416 1099 '
442 1085 515 1146 erit.

368 1167 519 1229 Ceterum
534 1186 576 1228 ex
591 1167 720 1241 litteris,
730 1188 812 1248 quas
823 1169 1045 1247 praesentium
1055 1167 1143 1229 lator
1153 1167 1234 1228 mihi
1248 1168 1353 1229 abste
1364 1166 1518 1240 reddidit,

326 1250 475 1312 intellexi
503 1251 747 1331 Ependorpium
775 1250 886 1313 libello
914 1257 973 1312 tuo
1001 1254 1068 1312 iam
1096 1251 1308 1330 respondisse.
1353 1251 1457 1311 Doleo
1477 1269 1520 1311 ex

327 1336 436 1395 auimo
457 1354 533 1395 cum
555 1334 641 1396 hisce
663 1334 909 1414 improbissimis
929 1336 1049 1395 scurris
1070 1335 1132 1395 tibi
1153 1336 1322 1414 negocium
1343 1353 1422 1408 esse,
1438 1342 1520 1413 quo's
1535 1358 1568 1395 10

327 1417 459 1496 quidem
474 1436 534 1496 ego
548 1437 590 1478 ne
604 1417 705 1479 verbo
719 1424 779 1480 tuo
793 1418 907 1497 dignos
925 1436 1099 1491 censerem,
1115 1437 1157 1479 ne
1175 1417 1282 1478 dicam
1303 1418 1520 1497 responsione,

243 1552 246 1557 .
327 1502 390 1561 nisi
404 1502 582 1562 arbitrarer
596 1500 727 1562 honoris
741 1509 776 1562 et
789 1502 1041 1562 existimationis
1058 1507 1136 1562 tuae
1153 1520 1252 1562 causa
1273 1500 1451 1581 plurimum
1473 1519 1520 1561 re·

326 1582 410 1645 ferre
421 1587 473 1659 (ne
481 1585 646 1663 paciencia
655 1586 934 1665 tuainposterum
943 1583 1520 1664 abutantur),vtillisrespondeatur.

327 1666 456 1746 Siquid
475 1668 576 1747 igitur
595 1668 817 1747 sycophantae
839 1687 1053 1747 responsurus
1070 1687 1114 1741 es,
1130 1685 1252 1745 quaeso
1273 1668 1340 1728 suis
1359 1666 1521 1728 coloribus

326 1750 421 1812 illum
440 1749 605 1829 depingas,
620 1756 757 1812 ornatus
775 1758 815 1813 vt
834 1751 878 1812 sit
895 1770 936 1812 ex
957 1752 1025 1812 suis
1044 1749 1235 1823 virtutibus,
1249 1756 1284 1811 et
1301 1751 1349 1811 ita
1370 1769 1445 1811 cnm
1464 1749 1522 1811 illo
1536 1775 1568 1826 15

327 1853 406 1913 agas
429 1838 468 1894 vt
490 1840 526 1894 et
553 1836 604 1895 sui
626 1834 747 1895 similes
772 1834 958 1914 intelligant
979 1834 1060 1913 quid
1083 1835 1128 1894 sit
1152 1834 1324 1894 Erasmum
1346 1832 1520 1894 lacesseret

328 1916 452 1996 alioqui
473 1918 604 1995 quietus
625 1917 667 1979 ab
688 1916 875 1979 huiusmodi
895 1916 1115 1978 nebulonibus
1135 1935 1305 1995 nunquam
1326 1915 1459 1977 futurus
1476 1935 1520 1977 es.

327 2000 398 2079 Ego
412 2019 491 2061 sane
506 2000 639 2061 scaedas
653 2006 729 2062 tuas
743 2000 1007 2080 suprime<n>das
1021 2000 1228 2072 censuissem,
1242 2000 1305 2061 nisi
1318 1998 1372 2060 ille
1386 1999 1447 2060 hac
1462 2018 1522 2060 sua

327 2084 535 2162 responsione
549 2082 656 2145 denuo
670 2084 794 2145 malum
809 2083 871 2145 sibi
885 2089 1075 2162 quaereret;
1097 2089 1135 2144 at
1144 2082 1280 2144 tibiiam
1291 2088 1389 2144 autor
1399 2102 1472 2143 sum
1483 2087 1522 2143 vt

328 2166 423 2246 digne
444 2166 550 2245 dignis
571 2167 677 2227 modis
698 2174 820 2229 tractes
833 2167 1028 2228 nebulonem
1049 2166 1147 2240 hunc,
1162 2185 1203 2227 ne
1224 2165 1286 2227 tibi
1307 2167 1522 2246 imposterum
1535 2191 1569 2226 20

329 2248 516 2311 huiusmodi
536 2250 649 2311 laruae
673 2251 830 2312 molestae
850 2252 924 2311 sint.
969 2249 1064 2329 Rogo
1085 2256 1120 2311 te
1140 2256 1262 2323 autem,
1285 2250 1522 2329 cumprimum

330 2335 553 2412 responsiones
568 2333 745 2395 Thrasouis
759 2334 803 2395 ad
816 2340 851 2395 te
865 2334 1083 2413 peruenerint,
1097 2332 1193 2394 nobis
1211 2333 1339 2412 copiam
1356 2331 1467 2406 iacias,
1483 2337 1522 2393 vt

328 2416 424 2477 nobie
437 2416 578 2478 hominis
592 2416 826 2479 maleuolencia
838 2423 874 2478 et
888 2416 1118 2478 maledicencia
1132 2435 1265 2496 prorsus
1279 2416 1410 2496 cognita
1423 2415 1507 2477 fuat.

371 2499 529 2561 Miramur
542 2508 708 2580 postremo
723 2500 813 2579 quod
825 2500 907 2561 nihil
918 2501 1013 2561 nobis
1024 2500 1190 2579 scripseris
1205 2499 1246 2560 de
1261 2501 1338 2560 vino
1353 2500 1441 2578 quod
1456 2500 1522 2560 iam

329 2582 455 2643 dudum
473 2583 582 2645 denuo
599 2584 643 2646 ed
661 2590 695 2645 te
712 2585 858 2645 misimus
879 2603 937 2663 per
957 2584 1087 2662 aurigas
1109 2581 1351 2662 Friburgeuses,
1366 2584 1424 2662 qui
1444 2584 1568 2654 vineas

329 2667 491 2728 vestratia
505 2667 568 2728 huc
584 2667 781 2740 detulerant,
796 2668 916 2746 quibus
930 2671 965 2727 et
979 2685 1046 2726 vna
1061 2666 1201 2727 Ioannes
1216 2665 1430 2745 Baugartner,
1443 2667 1523 2725 ciuis
1538 2676 1540 2680 ’

330 2749 551 2828 Augustanus,
567 2750 660 2811 Zasio
675 2750 802 2829 aliquas
816 2751 948 2829 lagenas
962 2750 1061 2810 misit.
1106 2749 1226 2809 Mirum
1241 2750 1269 2809 si
1282 2750 1414 2810 interim
1431 2749 1474 2809 ad
1489 2755 1523 2809 te

329 2917 496 2996 proximas
510 2915 653 2978 dedisses
666 2917 709 2978 ad
723 2936 784 2979 nos
798 2916 936 2978 litteras.
980 2916 1088 2977 Tuum
1103 2917 1204 2996 igitur
1217 2917 1280 2978 erit
1294 2934 1355 2978 nos
1368 2916 1523 2977 certiores

330 2999 445 3072 iacere,
455 2998 625 3080 perlatane
639 3002 715 3062 sint.
738 2999 833 3075 Quod
844 3001 871 3061 si
885 2999 942 3061 illa
956 3019 1024 3061 non
1034 3001 1216 3079 recepisses,
1228 3019 1346 3080 operae
1357 3001 1522 3079 praecium
1535 3022 1570 3073 30

329 3082 417 3143 foret
431 3083 520 3162 apud
535 3084 665 3145 Zasium
678 3085 910 3164 perquire<re>.
953 3082 1066 3145 Nihilo
1080 3084 1189 3144 minus
1202 3083 1384 3163 periculum
1399 3084 1463 3144 erit
1481 3083 1523 3144 de

329 3164 449 3226 litteris
474 3169 604 3228 nostris.
648 3168 713 3229 Fac
735 3167 831 3229 nobis
852 3166 939 3227 hunc
962 3168 1152 3246 scrupulum
1173 3167 1298 3228 eximas
1319 3172 1363 3239 et,
1379 3186 1422 3228 an
1444 3167 1523 3227 vina

331 3251 509 3311 nouissima
523 3253 679 3330 receperis
694 3250 746 3312 vel
761 3270 812 3323 ne,
827 3250 995 3329 significes.
1128 3250 1130 3254 ’

371 3333 535 3395 Antonius
549 3334 714 3413 Fuggerus
729 3340 762 3395 te
781 3334 922 3394 vicissim
942 3333 1121 3413 plurimum
1139 3331 1264 3394 saluere
1284 3331 1386 3406 iubet,
1403 3333 1454 3393 tui
1472 3339 1523 3394 est

330 3415 691 3494 desidera<n>tissimus
735 3415 868 3478 Videbis
887 3416 968 3495 quid
989 3415 1053 3477 tibi
1074 3415 1239 3496 expediat.
1283 3412 1372 3489 Vale,
1388 3414 1523 3477 Erasme
1537 3437 1570 3490 3⁵

330 3499 435 3559 modis
449 3499 600 3561 omnibus
615 3499 818 3561 obseruanda
831 3507 866 3561 et
880 3499 1025 3561 colende.
1551 3499 1553 3503 ’

372 3582 461 3643 Data
482 3583 630 3663 Auguste
652 3583 902 3645 vindelicorum.
947 3583 1008 3644 Die
1030 3583 1131 3644 tertia
1152 3583 1266 3643 marcii
1284 3581 1381 3644 Anno
1401 3582 1524 3644 Salutis

332 3677 422 3741 1531.

1144 3749 1234 3810 Tuus
1249 3749 1296 3810 Io.
1313 3747 1479 3811 Cholerus.

373 3831 461 3893 Dum
483 3852 623 3913 propero
645 3832 855 3895 tabellarium
874 3832 1055 3906 absoluere,
1078 3832 1228 3893 cartham
1248 3833 1412 3893 inuersam
1431 3852 1522 3913 pree-
1536 3855 1570 3906 4⁰

331 3916 424 3989 terii;
447 3922 544 3979 tuum
559 3918 622 3978 erit
636 3916 809 3978 festinanti
822 3917 995 3996 ignoscere.

377 4023 644 4086 Prestantissimo
679 4032 781 4104 atque
817 4024 1005 4085 doctissimo
1037 4022 1155 4085 Sacrae
1184 4023 1368 4103 theologiae
1397 4024 1524 4086 doctori

331 4113 371 4174 D.
390 4107 527 4169 Erasmo
543 4108 768 4170 Roterodamo
782 4109 912 4186 <vn>ice
927 4107 1143 4169 obseruando.
1186 4106 1345 4187 Friburgi.

593 4274 741 4357 2439²⁴⁸⁸
786 4268 894 4334 Facu
910 4267 1071 4333 Nroouus
1085 4266 1262 4334 wmnr.

367 4373 492 4446 Leipzig
503 4372 569 4428 MS.
1310 4369 1421 4442 Spires.

367 4450 431 4505 Ea.
449 4465 512 4520 149.
1249 4460 1267 4514 3
1280 4444 1389 4500 March
1404 4459 1485 4513 1531.

363 4551 421 4614 [An
432 4550 550 4616 original
561 4549 654 4608 letter,
666 4548 827 4614 autograph
837 4548 1023 4613 throughout.
1057 4547 1119 4598 The
1129 4546 1276 4612 year-dete
1286 4547 1310 4596 is
1320 4546 1475 4597 confirmed
1485 4532 1525 4612 by

328 4619 379 4669 the
390 4618 532 4669 reference
543 4623 575 4668 to
588 4616 732 4667 Brasmns‘
745 4616 873 4681 Ερίείοὶσ
889 4622 983 4666 coam
993 4614 1254 4679 Peducaeanum·
1263 4612 1322 4664 aad
1332 4613 1383 4665 the
1393 4613 1476 4678 Eup.
1487 4614 1525 4665 cd

322 4686 426 4751 Jrctm
437 4683 598 4736 comeam
609 4682 759 4748 inferioris.

754 4789 795 4835 29.
813 4775 879 4826 illi:
897 4773 1022 4825 dedisset
1033 4772 1097 4823 MS.

362 4895 436 4944 2438.
455 4895 479 4943 8.
498 4891 612 4953 litteris]
625 4890 684 4941 Not
694 4896 805 4942 extant.
1018 4887 1207 4954 respondisse]
1240 4885 1321 4937 With
1360 4886 1406 4938 his
1443 4886 1525 4940 lueto

362 4976 387 5022 9.
406 4959 510 5022 libello]
528 4959 603 5010 aaa.
621 4958 794 5010 mendacium
811 4964 835 5008 et
857 4957 900 5009 cb·
951 4955 1067 5021 querele.

328 5028 510 5079 trectotiorwm
521 5026 598 5077 stilis
608 5025 769 5078 admonitio.
985 5019 1523 5087 26.Baugattner]SeeEp.2603introd.
