4042 5900
516 617 577 679 aas
841 616 1040 679 nnrrnus
1061 615 1117 679 or
1138 614 1342 680 nussuus
1622 620 1719 697 [1531

515 773 594 836 dum
614 775 843 853 praebuerunt.
889 773 973 837 Sunt
990 782 1102 836 autem
1121 794 1161 836 ea
1180 794 1264 854 quae
1283 776 1317 835 in
1338 776 1553 837 annotatione
1573 778 1719 839 nominis

514 856 620 918 Adam
636 877 694 936 per
707 858 884 937 digressum
899 858 1056 919 dixeram.
1099 858 1139 918 In
1154 859 1273 937 quibus
1288 858 1349 919 hoc
1363 858 1442 920 mihi
1453 861 1549 938 quasi
1563 861 1717 940 praefan-

514 939 603 1002 dum.
647 939 725 1014 Sois‚
736 941 870 1003 Erasme
884 941 1069 1014 clarissime,
1084 960 1143 1001 nec
1158 941 1360 1003 dissimulare
1379 948 1483 1021 potes,
1498 943 1622 1021 quibus
1637 944 1717 1005 fatis

514 1022 567 1084 καὶ
588 1030 668 1103 κακῇ
682 1024 760 1103 τύχῃ
778 1030 891 1085 nostra
909 1024 987 1085 haec
1009 1024 1118 1085 secula
1135 1029 1257 1085 vexata
1270 1024 1403 1099 fuerint,
1424 1031 1464 1086 vt
1482 1045 1558 1087 curn
1578 1029 1715 1107 optimis

452 1137 502 1186 300
515 1108 642 1181 studiis,
665 1127 750 1187 quae
774 1108 840 1169 iam
865 1113 918 1169 tot
940 1127 1043 1169 annos
1065 1107 1195 1187 sepulta
1219 1109 1396 1181 iacuerant,
1419 1108 1586 1171 infinitum
1611 1113 1715 1172 etiam

513 1190 674 1251 malorum
689 1209 826 1252 examen
839 1192 1023 1264 emerserit3
1046 1210 1185 1269 quorum
1199 1210 1314 1252 causas
1328 1210 1394 1252 non
1411 1210 1585 1271 possumus
1601 1195 1668 1255 nisi
1681 1196 1715 1255 in

514 1281 639 1335 mentes
655 1274 728 1335 illas
741 1274 868 1346 referre,
878 1294 963 1352 quae
977 1293 1037 1335 sua
1050 1281 1085 1335 et
1100 1274 1320 1352 imprudentia
1333 1280 1368 1335 et
1382 1277 1541 1336 caecitate
1556 1277 1590 1336 in
1605 1279 1713 1356 perni-

514 1358 594 1418 ciem
620 1363 698 1418 sunt
723 1357 773 1418 his
801 1358 918 1418 studiis
946 1358 1068 1418 abusae
1092 1377 1112 1418 a
1138 1358 1257 1435 quibus
1285 1358 1371 1419 hona
1399 1359 1488 1419 nasci
1517 1359 1713 1423 debuerant.

514 1439 650 1520 Hocque
664 1441 788 1502 malum
802 1441 864 1501 etsi
878 1441 921 1501 ab
936 1440 986 1500 his
1000 1440 1183 1519 profectum
1198 1446 1258 1513 est,
1273 1460 1385 1502 earum
1401 1448 1512 1502 tamen
1526 1461 1594 1503 non
1611 1443 1714 1506 fuisse

451 1552 500 1601 305
513 1523 619 1603 culpa,
635 1524 692 1585 sed
705 1531 740 1584 et
753 1524 910 1584 ferocium
924 1525 1107 1585 animorum
1121 1530 1156 1584 et
1170 1526 1354 1603 procacium
1373 1524 1567 1604 linguarum,
1583 1533 1713 1589 certum

512 1613 572 1668 est.
616 1606 698 1668 Cum
712 1614 825 1669 autem
838 1608 988 1668 ministra
1001 1612 1036 1667 et
1050 1608 1209 1687 interpres
1223 1609 1324 1668 animi
1337 1607 1415 1669 mali
1429 1615 1480 1669 est
1494 1608 1616 1688 lingua,
1628 1630 1714 1689 quas

512 1689 606 1751 edere
620 1698 745 1769 strages
759 1690 859 1751 soleti
904 1690 1019 1751 Potest
1033 1696 1145 1751 autem
1160 1690 1338 1768 aliquando
1352 1691 1420 1751 fieri
1434 1697 1483 1765 vt,
1494 1694 1630 1753 tametsi
1645 1713 1714 1755 non

512 1774 617 1835 malus
636 1776 764 1835 animus
778 1775 831 1846 sit,
846 1774 1054 1852 interpretari
1075 1780 1186 1834 tamen
1200 1775 1413 1853 cogitationes
1433 1776 1502 1835 eius
1524 1775 1637 1855 lingua
1660 1778 1714 1839 vel

512 1859 636 1918 nesciat
651 1858 703 1918 vel
717 1877 782 1918 non
796 1858 919 1936 possit;
941 1864 980 1917 vt
993 1857 1059 1918 alia
1073 1876 1205 1936 prorsus
1219 1858 1309 1918 dicat
1323 1876 1423 1936 quam
1434 1859 1561 1919 animus
1576 1862 1713 1934 sentiat.

450 1968 499 2017 310
512 1939 598 2001 Hinc
620 1960 687 2002 non
708 1943 808 2002 animi
832 1948 964 2002 tantum
986 1940 1170 2001 bonitatem
1192 1941 1237 2002 ad
1259 1941 1475 2015 scribendum,
1497 1942 1553 2003 sed
1576 1949 1612 2004 et
1634 1964 1713 2024 pru·

511 2022 658 2085 dentiam
682 2026 824 2086 maxime
848 2026 1061 2085 necessariam
1085 2043 1154 2084 esse
1180 2024 1313 2097 diouut;
1349 2043 1434 2103 quae
1458 2032 1598 2104 possunt
1622 2034 1714 2089 certe

511 2113 652 2185 vtraque
661 2126 730 2168 esse
741 2108 898 2168 seiuncta.
935 2107 1048 2168 Plures
1059 2109 1145 2168 enim
1156 2107 1334 2186 prudentes
1344 2113 1422 2169 sunt
1432 2108 1476 2169 ad
1489 2109 1713 2188 eloquendum

510 2196 546 2250 et
570 2189 613 2250 ad
638 2190 869 2252 occultandum
898 2209 1031 2251 suorum
1058 2192 1241 2251 animorum
1270 2192 1471 2270 prauitatem
1498 2191 1713 2256 callidissimi.

511 2272 600 2333 Alios
628 2292 758 2334 rursum
786 2275 931 2334 inuenies
960 2274 1154 2351 quibuscum
1184 2275 1212 2334 si
1238 2273 1444 2335 familiariter
1471 2277 1565 2336 viuas
1593 2295 1650 2337 eos
1676 2284 1714 2338 et

448 2382 498 2433 3¹5
510 2356 671 2435 simplices
690 2361 725 2417 et
745 2355 855 2417 fideles
876 2363 910 2417 et
931 2358 1080 2417 innoxios
1100 2358 1285 2435 experiaris.
1328 2356 1458 2418 Accidit
1477 2365 1590 2419 autem
1612 2378 1713 2440 saepe

511 2445 560 2513 vt,
572 2458 638 2517 quo
649 2441 786 2519 quisque
799 2447 850 2501 est
869 2439 991 2512 melior,
1006 2459 1045 2500 eo
1062 2441 1162 2500 etiam
1183 2441 1228 2499 sit
1248 2441 1441 2502 iracundior.
1485 2439 1547 2514 Qui
1561 2442 1588 2502 si
1603 2444 1713 2505 iratus

511 2541 545 2583 se
559 2522 706 2584 conferat
720 2523 763 2584 ad
777 2523 992 2594 scribendum,
1007 2522 1097 2583 aliud
1111 2541 1243 2602 prorsus
1257 2543 1325 2585 esse
1339 2523 1493 2585 videatur
1506 2543 1544 2585 ao
1558 2526 1612 2585 sit.

552 2605 642 2667 Haeo
658 2607 698 2667 de
713 2608 859 2668 oratione
876 2606 1024 2678 dixerim,
1040 2624 1124 2684 quae
1140 2612 1247 2667 mater
1263 2607 1328 2667 fuit
1345 2607 1405 2667 hoo
1423 2613 1570 2687 tempore
1586 2608 1711 2670 multo·

510 2709 583 2751 rum
597 2690 777 2764 malorum;
800 2695 840 2750 vt
856 2690 1072 2750 certissimum
1091 2689 1276 2769 exemplum
1296 2690 1472 2751 viderimus
1490 2710 1602 2752 eorum
1623 2712 1712 2771 quae

448 2800 497 2850 320
510 2772 550 2834 de
572 2775 719 2834 oratione
740 2773 885 2834 rhetores
905 2773 1007 2833 locuti
1028 2772 1169 2834 fuerant.
1214 2772 1336 2834 Multas
1357 2775 1406 2834 ait
1427 2793 1574 2836 summus
1595 2783 1712 2838 orator

509 2856 606 2917 vrhes
633 2877 702 2918 esse
730 2858 938 2929 constitutas,
964 2856 1105 2935 plurima
1131 2855 1217 2916 bella
1241 2858 1407 2930 restincta,
1433 2856 1634 2919 firmissimas
1657 2879 1709 2921 so-

509 2940 654 3015 cietates,
675 2941 895 3002 sanctissimas
914 2940 1075 3002 amicitias
1094 2941 1240 3001 oratione
1260 2946 1467 3020 comparatas
1477 2964 1484 3015 ;
1509 2961 1622 3004 rursus
1640 2963 1711 3006 non

508 3026 676 3086 minimam
691 3044 748 3103 per
762 3023 990 3085 disertissimos
1004 3024 1151 3084 homines
1165 3025 1327 3084 inuectam
1342 3031 1471 3104 partem
1485 3027 1709 3089 incommodo·

509 3127 591 3168 rum.
636 3107 726 3169 Haeo
750 3107 900 3187 exempla
924 3106 1031 3167 multa
1055 3107 1188 3167 iuemnt
1213 3108 1274 3167 hac
1300 3114 1497 3187 tempestate
1520 3111 1650 3171 notiora
1672 3118 1711 3172 et

446 3217 495 3267 32⁵
509 3190 654 3251 clariora.
698 3189 870 3252 suscitatis
884 3192 969 3251 enim
981 3190 1099 3251 studiis
1110 3197 1144 3250 et
1154 3190 1341 3268 eloquentia
1355 3211 1440 3268 quae
1451 3193 1507 3253 diu
1519 3194 1551 3251 in
1564 3194 1709 3255 tenebris

509 3273 715 3347 delituerant,
739 3293 857 3352 magna
882 3275 931 3333 vis
954 3273 1233 3333 incommodorum
1259 3281 1372 3334 coorta
1396 3281 1456 3348 est,
1480 3282 1581 3353 atque
1603 3279 1707 3339 ctiam

508 3356 614 3417 multo
630 3376 729 3435 quam
744 3359 879 3417 caeteris
893 3357 1095 3435 temporibus
1110 3358 1222 3429 maior,
1238 3363 1276 3417 vt
1291 3377 1376 3436 quae
1390 3377 1457 3419 non
1472 3358 1577 3420 solum
1594 3360 1639 3421 ad
1656 3380 1708 3422 nes

509 3445 654 3500 terrenas
669 3441 839 3500 sedetiam
855 3440 898 3500 ad
913 3439 1067 3500 coelestes
1081 3442 1272 3518 peruaserit.

549 3521 595 3582 At
613 3523 708 3596 dices,
724 3543 879 3602 quorsum
898 3523 1000 3583 haec?
1043 3522 1204 3583 Nimirum
1224 3530 1263 3583 vt
1282 3525 1453 3584 ostendam
1473 3545 1534 3598 me,
1550 3525 1706 3588 alienissi-

445 3633 495 3682 33⁰
508 3626 598 3667 mum
624 3606 668 3666 ab
693 3608 781 3666 omni
806 3606 1004 3668 contumelia
1029 3606 1202 3679 hominem,
1225 3626 1291 3667 non
1316 3609 1384 3668 sine
1409 3628 1508 3670 causa
1532 3628 1629 3689 super
1655 3610 1706 3671 his

507 3688 691 3750 indoluisse.
735 3689 840 3750 Nemo
868 3696 938 3750 tam
966 3689 1071 3750 facilis
1099 3690 1252 3768 mitisque
1281 3691 1400 3768 ingenii
1428 3698 1479 3752 est
1508 3711 1606 3770 quem
1637 3712 1705 3755 non

506 3772 703 3833 exulcerarit
721 3772 850 3833 illorum
872 3773 984 3852 lingua
1002 3773 1195 3851 (horumque
1211 3772 1276 3833 fuit
1297 3792 1451 3834 numerus
1467 3794 1533 3835 non
1554 3777 1705 3854 exiguus)

507 3874 647 3934 quorum
671 3863 723 3929 tu,
746 3856 889 3928 Erasme,
916 3855 1037 3916 scelera
1060 3856 1114 3916 vel
1138 3875 1274 3917 excusas
1300 3857 1351 3917 vel
1377 3857 1570 3919 dissimules.
1615 3858 1705 3920 Dicis

507 3937 667 3999 saxonem
681 3939 847 4000 interdum
861 3940 992 4000 fortiter
1005 3938 1164 4018 negligere
1175 3947 1363 4000 sanctorum
1374 3942 1586 4001 autoritatem
1598 3963 1605 4014 ;
1628 3961 1705 4003 cum

444 4048 493 4099 335
507 4021 568 4082 hoc
589 4023 690 4084 iaciat
711 4023 850 4101 vbique;
877 4022 1062 4083 dissimulas
1083 4022 1183 4082 vllam
1206 4025 1239 4083 in
1261 4023 1351 4083 libris
1373 4024 1510 4084 istorum
1530 4043 1598 4084 esse
1618 4024 1704 4085 blas·

506 4104 680 4184 phemiam,
696 4125 770 4167 cum
785 4124 852 4166 non
867 4105 958 4166 aliud
973 4124 1074 4185 quam
1085 4104 1304 4184 blasphemiae
1319 4108 1386 4167 sint
1400 4113 1434 4167 et
1444 4109 1704 4186 vituperationes

506 4190 688 4250 maiestatis
702 4189 841 4249 diuinae.
886 4189 961 4250 Non
978 4195 1030 4250 est
1048 4208 1130 4267 opus
1150 4189 1211 4250 hoc
1230 4208 1499 4262 commemorare;
1522 4189 1706 4252 declarauit

506 4270 566 4331 hoo
581 4273 687 4350 ipsum
701 4291 806 4351 nuper
821 4273 945 4345 Eooius,
961 4273 1018 4350 qui
1032 4273 1066 4332 in
1081 4271 1191 4332 libello
1205 4272 1335 4351 collegit
1348 4272 1524 4352 plusquam
1539 4280 1705 4336 trecentas

506 4352 635 4415 illorum
651 4355 819 4416 horribiles
831 4355 1050 4436 blasphemias
1062 4355 1243 4434 (productis
1254 4357 1330 4435 ipsis
1340 4363 1495 4416 autorum
1505 4358 1704 4433 nominibus,

444 4465 494 4517 340
506 4455 644 4516 quorum
659 4458 814 4500 numerus
827 4445 878 4499 est
896 4439 1081 4517 quindecim
1098 4438 1173 4518 plus
1190 4441 1297 4499 minus
1314 4439 1586 4517 haeresiarchae);
1609 4459 1703 4519 quas,

506 4521 583 4600 quia
604 4521 814 4582 detestabiles
835 4527 923 4595 sunt,
946 4523 1014 4583 sins
1036 4522 1168 4583 horrore
1189 4541 1441 4583 commemorare
1462 4542 1528 4583 non
1549 4542 1702 4602 possum:

505 4604 672 4684 Equibus
693 4611 771 4666 sunt
792 4604 885 4665 illae:
912 4605 1002 4684 quod
1020 4603 1169 4666 Christus
1188 4606 1378 4684 desperatus
1401 4606 1593 4667 clamauerit
1612 4607 1703 4669 Deus

994 4729 1053 4779 313.
1071 4715 1109 4765 ad
1120 4730 1172 4767 om.
1184 4713 1210 4778 β.

539 4842 596 4892 320·
614 4829 721 4889 orator]
733 4828 788 4880 Cio.
801 4829 843 4880 De
853 4829 965 4881 Iacent.
981 4846 1043 4882 1.1.
1128 4831 1180 4882 ber
1194 4831 1224 4882 oi
1241 4830 1326 4881 Eck's
1342 4832 1465 4883 Articuli
1482 4848 1554 4883 were
1570 4847 1637 4898 4043
1656 4849 1703 4885 see

538 4898 597 4959 338.
615 4895 766 4961 plusquam
778 4899 931 4959 trecentas]
943 4899 990 4948 An
1000 4913 1079 4948 error
1128 4898 1183 4964 Ep.
1196 4901 1270 4961 2365.
1286 4903 1352 4949 ron.

504 4963 597 5015 either
609 4963 639 5014 oi
649 4977 777 5029 memory
788 4980 820 5015 or
833 4969 913 5024 text3
932 4965 982 5016 the
995 4981 1077 5016 num·
