<?xml version="1.0" encoding="UTF-8"?>
<!DOCTYPE html PUBLIC "-//W3C//DTD XHTML 1.0 Transitional//EN"
    "http://www.w3.org/TR/xhtml1/DTD/xhtml1-transitional.dtd">
<html xmlns="http://www.w3.org/1999/xhtml" xml:lang="en" lang="en">
 <head>
  <title>
</title>
<meta http-equiv="Content-Type" content="text/html;charset=utf-8" />
  <meta name='ocr-system' content='tesseract 3.04.00' />
  <meta name='ocr-capabilities' content='ocr_page ocr_carea ocr_par ocr_line ocrx_word'/>
</head>
<body>
  <div class='ocr_page' id='page_1' title='image "./opusepistolarum02garrgoog_0468.png"; bbox 0 0 4042 5900; ppageno 0'>
   <div class='ocr_carea' id='block_1_1' title="bbox 426 614 1621 698">
    <p class='ocr_par' dir='ltr' id='par_1_1' title="bbox 426 614 1621 698">
     <span class='ocr_line' id='line_1_1' title="bbox 426 614 1621 698; baseline 0.003 -20"><span class='ocrx_word' id='word_1_1' title='bbox 426 618 488 679; x_wconf 77' lang='lat'><strong>432</strong></span> <span class='ocrx_word' id='word_1_2' title='bbox 751 615 950 679; x_wconf 84' lang='lat' dir='ltr'>LETTERS</span> <span class='ocrx_word' id='word_1_3' title='bbox 971 615 1027 678; x_wconf 70' lang='lat'><strong>01⁴¹</strong></span> <span class='ocrx_word' id='word_1_4' title='bbox 1047 614 1263 679; x_wconf 83' lang='lat' dir='ltr'>ERASMUS</span> <span class='ocrx_word' id='word_1_5' title='bbox 1560 620 1621 698; x_wconf 83' lang='grc'>[1531</span> 
     </span>
    </p>
   </div>
   <div class='ocr_carea' id='block_1_2' title="bbox 381 775 1648 2521">
    <p class='ocr_par' dir='ltr' id='par_1_2' title="bbox 427 775 1625 851">
     <span class='ocr_line' id='line_1_2' title="bbox 427 775 1625 851; baseline 0.002 -12"><span class='ocrx_word' id='word_1_6' title='bbox 427 797 494 839; x_wconf 92' lang='lat' dir='ltr'><strong>non</strong></span> <span class='ocrx_word' id='word_1_7' title='bbox 514 777 703 838; x_wconf 91' lang='lat' dir='ltr'><strong>admonitus</strong></span> <span class='ocrx_word' id='word_1_8' title='bbox 722 797 742 838; x_wconf 92' lang='lat' dir='ltr'><strong>a</strong></span> <span class='ocrx_word' id='word_1_9' title='bbox 756 782 790 837; x_wconf 90' lang='lat' dir='ltr'><strong>te</strong></span> <span class='ocrx_word' id='word_1_10' title='bbox 806 782 842 838; x_wconf 91' lang='lat' dir='ltr'><strong>st</strong></span> <span class='ocrx_word' id='word_1_11' title='bbox 858 776 938 837; x_wconf 90' lang='lat' dir='ltr'><strong>dum</strong></span> <span class='ocrx_word' id='word_1_12' title='bbox 959 775 1039 838; x_wconf 89' lang='lat' dir='ltr'><strong>alibi</strong></span> <span class='ocrx_word' id='word_1_13' title='bbox 1060 781 1095 837; x_wconf 92' lang='lat' dir='ltr'><strong>et</strong></span> <span class='ocrx_word' id='word_1_14' title='bbox 1115 775 1197 837; x_wconf 92' lang='lat' dir='ltr'><strong>dum</strong></span> <span class='ocrx_word' id='word_1_15' title='bbox 1221 775 1281 837; x_wconf 91' lang='lat' dir='ltr'><strong>hic</strong></span> <span class='ocrx_word' id='word_1_16' title='bbox 1302 776 1458 851; x_wconf 83' lang='lat' dir='ltr'><strong>fuimus,</strong></span> <span class='ocrx_word' id='word_1_17' title='bbox 1474 798 1541 840; x_wconf 91' lang='lat' dir='ltr'><strong>non</strong></span> <span class='ocrx_word' id='word_1_18' title='bbox 1557 780 1625 841; x_wconf 78' lang='lat' dir='ltr'><strong>send</strong></span> 
     </span>
    </p>

    <p class='ocr_par' dir='ltr' id='par_1_3' title="bbox 381 858 1632 1278">
     <span class='ocr_line' id='line_1_3' title="bbox 381 858 1626 943; baseline 0.002 -21"><span class='ocrx_word' id='word_1_19' title='bbox 381 880 415 933; x_wconf 83' lang='lat'><strong>45</strong></span> <span class='ocrx_word' id='word_1_20' title='bbox 428 862 490 923; x_wconf 86' lang='lat' dir='ltr'><strong>ieci</strong></span> <span class='ocrx_word' id='word_1_21' title='bbox 512 861 552 922; x_wconf 93' lang='lat' dir='ltr'><strong>ds</strong></span> <span class='ocrx_word' id='word_1_22' title='bbox 574 866 608 921; x_wconf 90' lang='lat' dir='ltr'><strong>te</strong></span> <span class='ocrx_word' id='word_1_23' title='bbox 629 861 677 922; x_wconf 92' lang='lat' dir='ltr'><strong>illi</strong></span> <span class='ocrx_word' id='word_1_24' title='bbox 698 862 751 921; x_wconf 91' lang='lat' dir='ltr'><strong>cui</strong></span> <span class='ocrx_word' id='word_1_25' title='bbox 772 862 919 940; x_wconf 91' lang='lat' dir='ltr'><strong>oportuit</strong></span> <span class='ocrx_word' id='word_1_26' title='bbox 939 860 1149 921; x_wconf 82' lang='lat' dir='ltr'><strong>mencionem.</strong></span> <span class='ocrx_word' id='word_1_27' title='bbox 1192 858 1373 940; x_wconf 81' lang='lat' dir='ltr'><strong>Nihilque</strong></span> <span class='ocrx_word' id='word_1_28' title='bbox 1396 868 1456 923; x_wconf 89' lang='lat' dir='ltr'><strong>est</strong></span> <span class='ocrx_word' id='word_1_29' title='bbox 1477 882 1500 924; x_wconf 84' lang='lat' dir='ltr'><strong>a</strong></span> <span class='ocrx_word' id='word_1_30' title='bbox 1519 882 1626 943; x_wconf 76' lang='grc'>1111511</span> 
     </span>
     <span class='ocr_line' id='line_1_4' title="bbox 429 943 1627 1027; baseline 0.002 -21"><span class='ocrx_word' id='word_1_31' title='bbox 429 946 624 1017; x_wconf 72' lang='lat' dir='ltr'><strong>termimum,</strong></span> <span class='ocrx_word' id='word_1_32' title='bbox 647 944 736 1023; x_wconf 91' lang='lat' dir='ltr'><strong>quod</strong></span> <span class='ocrx_word' id='word_1_33' title='bbox 764 944 808 1004; x_wconf 93' lang='lat' dir='ltr'><strong>ad</strong></span> <span class='ocrx_word' id='word_1_34' title='bbox 836 949 870 1004; x_wconf 90' lang='lat' dir='ltr'><strong>te</strong></span> <span class='ocrx_word' id='word_1_35' title='bbox 895 943 1079 1004; x_wconf 89' lang='lat' dir='ltr'><strong>ornandum</strong></span> <span class='ocrx_word' id='word_1_36' title='bbox 1102 944 1466 1025; x_wconf 88' lang='lat' dir='ltr'><strong>promouendumque</strong></span> <span class='ocrx_word' id='word_1_37' title='bbox 1491 948 1627 1027; x_wconf 70' lang='lat' dir='ltr'><strong>pertinuit</strong></span> 
     </span>
     <span class='ocr_line' id='line_1_5' title="bbox 429 1026 1629 1106; baseline 0.003 -17"><span class='ocrx_word' id='word_1_38' title='bbox 429 1028 524 1102; x_wconf 80' lang='lat' dir='ltr'><strong>Quod</strong></span> <span class='ocrx_word' id='word_1_39' title='bbox 538 1029 566 1088; x_wconf 95' lang='lat' dir='ltr'><strong>si</strong></span> <span class='ocrx_word' id='word_1_40' title='bbox 580 1027 712 1106; x_wconf 89' lang='lat' dir='ltr'><strong>quando</strong></span> <span class='ocrx_word' id='word_1_41' title='bbox 726 1027 861 1088; x_wconf 89' lang='lat' dir='ltr'><strong>daretur</strong></span> <span class='ocrx_word' id='word_1_42' title='bbox 874 1026 1026 1100; x_wconf 75' lang='lat' dir='ltr'><strong>facultas,</strong></span> <span class='ocrx_word' id='word_1_43' title='bbox 1041 1026 1149 1087; x_wconf 89' lang='lat' dir='ltr'><strong>verbis</strong></span> <span class='ocrx_word' id='word_1_44' title='bbox 1163 1027 1284 1105; x_wconf 88' lang='lat' dir='ltr'><strong>pocius</strong></span> <span class='ocrx_word' id='word_1_45' title='bbox 1301 1048 1421 1106; x_wconf 82' lang='lat' dir='ltr'><strong>quam</strong></span> <span class='ocrx_word' id='word_1_46' title='bbox 1438 1049 1530 1091; x_wconf 91' lang='lat' dir='ltr'><strong>nunc</strong></span> <span class='ocrx_word' id='word_1_47' title='bbox 1543 1029 1629 1091; x_wconf 81' lang='lat' dir='ltr'><strong>litter&#39;u</strong></span> 
     </span>
     <span class='ocr_line' id='line_1_6' title="bbox 429 1109 1630 1191; baseline 0.002 -18"><span class='ocrx_word' id='word_1_48' title='bbox 429 1111 592 1191; x_wconf 90' lang='lat' dir='ltr'><strong>explicare</strong></span> <span class='ocrx_word' id='word_1_49' title='bbox 606 1110 668 1171; x_wconf 93' lang='lat' dir='ltr'><strong>tibi</strong></span> <span class='ocrx_word' id='word_1_50' title='bbox 683 1110 823 1172; x_wconf 93' lang='lat' dir='ltr'><strong>mallem.</strong></span> <span class='ocrx_word' id='word_1_51' title='bbox 866 1109 1014 1183; x_wconf 78' lang='lat' dir='ltr'><strong>Quaresi</strong></span> <span class='ocrx_word' id='word_1_52' title='bbox 1033 1110 1130 1171; x_wconf 88' lang='lat' dir='ltr'><strong>amici</strong></span> <span class='ocrx_word' id='word_1_53' title='bbox 1143 1115 1177 1170; x_wconf 88' lang='lat' dir='ltr'><strong>te</strong></span> <span class='ocrx_word' id='word_1_54' title='bbox 1191 1112 1355 1173; x_wconf 85' lang='lat' dir='ltr'><strong>amantis</strong></span> <span class='ocrx_word' id='word_1_55' title='bbox 1376 1114 1434 1174; x_wconf 88' lang='lat' dir='ltr'><strong>vis</strong></span> <span class='ocrx_word' id='word_1_56' title='bbox 1455 1114 1568 1175; x_wconf 86' lang='lat' dir='ltr'><strong>audire</strong></span> <span class='ocrx_word' id='word_1_57' title='bbox 1579 1134 1630 1175; x_wconf 88' lang='lat' dir='ltr'><strong>cou-</strong></span> 
     </span>
     <span class='ocr_line' id='line_1_7' title="bbox 430 1192 1632 1278; baseline 0.002 -22"><span class='ocrx_word' id='word_1_58' title='bbox 430 1195 549 1267; x_wconf 91' lang='lat' dir='ltr'><strong>silium,</strong></span> <span class='ocrx_word' id='word_1_59' title='bbox 562 1195 670 1274; x_wconf 87' lang='lat' dir='ltr'><strong>cogita</strong></span> <span class='ocrx_word' id='word_1_60' title='bbox 683 1195 825 1274; x_wconf 88' lang='lat' dir='ltr'><strong>patriam</strong></span> <span class='ocrx_word' id='word_1_61' title='bbox 836 1200 931 1255; x_wconf 88' lang='lat' dir='ltr'><strong>tuam</strong></span> <span class='ocrx_word' id='word_1_62' title='bbox 946 1194 1096 1255; x_wconf 91' lang='lat' dir='ltr'><strong>inuisere.</strong></span> <span class='ocrx_word' id='word_1_63' title='bbox 1139 1192 1180 1254; x_wconf 94' lang='lat' dir='ltr'><strong>In</strong></span> <span class='ocrx_word' id='word_1_64' title='bbox 1194 1212 1277 1271; x_wconf 91' lang='lat' dir='ltr'><strong>qua,</strong></span> <span class='ocrx_word' id='word_1_65' title='bbox 1289 1194 1399 1256; x_wconf 86' lang='lat' dir='ltr'><strong>vltra</strong></span> <span class='ocrx_word' id='word_1_66' title='bbox 1415 1199 1632 1278; x_wconf 83' lang='lat' dir='ltr'><strong>pstriseipsiu</strong></span> 
     </span>
    </p>

    <p class='ocr_par' dir='ltr' id='par_1_4' title="bbox 385 1275 1638 1696">
     <span class='ocr_line' id='line_1_8' title="bbox 385 1275 1634 1361; baseline 0.002 -21"><span class='ocrx_word' id='word_1_67' title='bbox 385 1297 584 1351; x_wconf 73' lang='lat' dir='ltr'><strong>scemorem,</strong></span> <span class='ocrx_word' id='word_1_68' title='bbox 606 1282 641 1338; x_wconf 87' lang='lat' dir='ltr'><strong>et</strong></span> <span class='ocrx_word' id='word_1_69' title='bbox 662 1278 841 1357; x_wconf 89' lang='lat' dir='ltr'><strong>principem</strong></span> <span class='ocrx_word' id='word_1_70' title='bbox 863 1284 897 1338; x_wconf 89' lang='lat' dir='ltr'><strong>te</strong></span> <span class='ocrx_word' id='word_1_71' title='bbox 918 1275 1147 1338; x_wconf 88' lang='lat' dir='ltr'><strong>beneuolentia</strong></span> <span class='ocrx_word' id='word_1_72' title='bbox 1167 1285 1450 1357; x_wconf 62' lang='lat' dir='ltr'>prosequentem</span> <span class='ocrx_word' id='word_1_73' title='bbox 1474 1282 1634 1361; x_wconf 75' lang='lat' dir='ltr'><strong>multosque</strong></span> 
     </span>
     <span class='ocr_line' id='line_1_9' title="bbox 432 1359 1635 1445; baseline 0.002 -22"><span class='ocrx_word' id='word_1_74' title='bbox 432 1362 531 1423; x_wconf 87' lang='lat' dir='ltr'><strong>habes</strong></span> <span class='ocrx_word' id='word_1_75' title='bbox 546 1362 676 1433; x_wconf 86' lang='lat' dir='ltr'><strong>amicos,</strong></span> <span class='ocrx_word' id='word_1_76' title='bbox 691 1366 727 1421; x_wconf 92' lang='lat' dir='ltr'><strong>st</strong></span> <span class='ocrx_word' id='word_1_77' title='bbox 740 1359 821 1421; x_wconf 92' lang='lat' dir='ltr'><strong>nihil</strong></span> <span class='ocrx_word' id='word_1_78' title='bbox 837 1360 888 1421; x_wconf 88' lang='lat' dir='ltr'><strong>hic</strong></span> <span class='ocrx_word' id='word_1_79' title='bbox 902 1379 971 1421; x_wconf 89' lang='lat' dir='ltr'><strong>esse</strong></span> <span class='ocrx_word' id='word_1_80' title='bbox 989 1360 1085 1421; x_wconf 82' lang='lat' dir='ltr'><strong>video</strong></span> <span class='ocrx_word' id='word_1_81' title='bbox 1103 1360 1147 1420; x_wconf 89' lang='lat' dir='ltr'><strong>ad</strong></span> <span class='ocrx_word' id='word_1_82' title='bbox 1166 1366 1265 1421; x_wconf 87' lang='lat' dir='ltr'><strong>tuam</strong></span> <span class='ocrx_word' id='word_1_83' title='bbox 1286 1363 1459 1440; x_wconf 79' lang='lat' dir='ltr'><strong>quietam</strong></span> <span class='ocrx_word' id='word_1_84' title='bbox 1479 1364 1635 1445; x_wconf 69' lang='lat' dir='ltr'><strong>tranquilli</strong></span> 
     </span>
     <span class='ocr_line' id='line_1_10' title="bbox 431 1442 1637 1510; baseline 0.003 -3"><span class='ocrx_word' id='word_1_85' title='bbox 431 1451 537 1507; x_wconf 87' lang='lat' dir='ltr'><strong>tatem</strong></span> <span class='ocrx_word' id='word_1_86' title='bbox 548 1450 582 1505; x_wconf 87' lang='lat' dir='ltr'><strong>et</strong></span> <span class='ocrx_word' id='word_1_87' title='bbox 593 1445 700 1505; x_wconf 89' lang='lat' dir='ltr'><strong>ocium</strong></span> <span class='ocrx_word' id='word_1_88' title='bbox 716 1443 896 1504; x_wconf 90' lang='lat' dir='ltr'><strong>literarium</strong></span> <span class='ocrx_word' id='word_1_89' title='bbox 907 1443 970 1504; x_wconf 92' lang='lat' dir='ltr'><strong>tibi</strong></span> <span class='ocrx_word' id='word_1_90' title='bbox 980 1443 1179 1504; x_wconf 86' lang='lat' dir='ltr'><strong>defuturum.</strong></span> <span class='ocrx_word' id='word_1_91' title='bbox 1216 1442 1295 1505; x_wconf 87' lang='lat' dir='ltr'><strong>Nisi</strong></span> <span class='ocrx_word' id='word_1_92' title='bbox 1306 1445 1411 1508; x_wconf 78' lang='lat' dir='ltr'><strong>forte</strong></span> <span class='ocrx_word' id='word_1_93' title='bbox 1424 1447 1637 1510; x_wconf 61' lang='lat' dir='ltr'><strong>mancam</strong></span> 
     </span>
     <span class='ocr_line' id='line_1_11' title="bbox 431 1525 1637 1608; baseline 0.002 -18"><span class='ocrx_word' id='word_1_94' title='bbox 431 1534 466 1590; x_wconf 92' lang='lat' dir='ltr'><strong>st</strong></span> <span class='ocrx_word' id='word_1_95' title='bbox 481 1529 710 1589; x_wconf 90' lang='lat' dir='ltr'><strong>Dominicanos</strong></span> <span class='ocrx_word' id='word_1_96' title='bbox 725 1533 862 1588; x_wconf 87' lang='lat' dir='ltr'><strong>metuas.</strong></span> <span class='ocrx_word' id='word_1_97' title='bbox 898 1527 1004 1588; x_wconf 89' lang='lat' dir='ltr'><strong>Nemo</strong></span> <span class='ocrx_word' id='word_1_98' title='bbox 1017 1533 1118 1588; x_wconf 88' lang='lat' dir='ltr'><strong>estex</strong></span> <span class='ocrx_word' id='word_1_99' title='bbox 1133 1525 1264 1605; x_wconf 91' lang='lat' dir='ltr'><strong>hiisqui</strong></span> <span class='ocrx_word' id='word_1_100' title='bbox 1276 1532 1424 1608; x_wconf 88' lang='lat' dir='ltr'><strong>superis</strong></span> <span class='ocrx_word' id='word_1_101' title='bbox 1441 1533 1509 1594; x_wconf 88' lang='lat' dir='ltr'><strong>tibi</strong></span> <span class='ocrx_word' id='word_1_102' title='bbox 1522 1533 1637 1593; x_wconf 77' lang='lat' dir='ltr'><strong>fauenti</strong></span> 
     </span>
     <span class='ocr_line' id='line_1_12' title="bbox 433 1609 1638 1696; baseline 0.004 -23"><span class='ocrx_word' id='word_1_103' title='bbox 433 1613 495 1674; x_wconf 91' lang='lat' dir='ltr'><strong>bus</strong></span> <span class='ocrx_word' id='word_1_104' title='bbox 510 1631 569 1672; x_wconf 88' lang='lat' dir='ltr'><strong>sua</strong></span> <span class='ocrx_word' id='word_1_105' title='bbox 583 1611 783 1690; x_wconf 82' lang='lat' dir='ltr'><strong>loquacitate</strong></span> <span class='ocrx_word' id='word_1_106' title='bbox 803 1610 914 1671; x_wconf 86' lang='lat' dir='ltr'><strong>obesse</strong></span> <span class='ocrx_word' id='word_1_107' title='bbox 929 1610 1042 1689; x_wconf 78' lang='lat' dir='ltr'><strong>possit.</strong></span> <span class='ocrx_word' id='word_1_108' title='bbox 1086 1609 1231 1683; x_wconf 78' lang='lat' dir='ltr'><strong>Quorum</strong></span> <span class='ocrx_word' id='word_1_109' title='bbox 1253 1611 1537 1694; x_wconf 90' lang='lat' dir='ltr'><strong>[impudentem]</strong></span> <span class='ocrx_word' id='word_1_110' title='bbox 1558 1617 1638 1696; x_wconf 88' lang='lat' dir='ltr'><strong>impu·</strong></span> 
     </span>
    </p>

    <p class='ocr_par' dir='ltr' id='par_1_5' title="bbox 387 1692 1642 2091">
     <span class='ocr_line' id='line_1_13' title="bbox 387 1692 1640 1772; baseline 0.005 -16"><span class='ocrx_word' id='word_1_111' title='bbox 387 1714 420 1765; x_wconf 83' lang='lat'><strong>55</strong></span> <span class='ocrx_word' id='word_1_112' title='bbox 433 1696 578 1757; x_wconf 78' lang='lat' dir='ltr'><strong>dentiam</strong></span> <span class='ocrx_word' id='word_1_113' title='bbox 592 1701 664 1755; x_wconf 91' lang='lat' dir='ltr'><strong>tum</strong></span> <span class='ocrx_word' id='word_1_114' title='bbox 680 1693 751 1754; x_wconf 89' lang='lat' dir='ltr'><strong>aliis</strong></span> <span class='ocrx_word' id='word_1_115' title='bbox 765 1693 879 1754; x_wconf 92' lang='lat' dir='ltr'><strong>multis</strong></span> <span class='ocrx_word' id='word_1_116' title='bbox 894 1692 945 1755; x_wconf 90' lang='lat' dir='ltr'><strong>hic</strong></span> <span class='ocrx_word' id='word_1_117' title='bbox 957 1693 1020 1753; x_wconf 91' lang='lat' dir='ltr'><strong>tibi</strong></span> <span class='ocrx_word' id='word_1_118' title='bbox 1030 1693 1373 1772; x_wconf 87' lang='lat' dir='ltr'><strong>obsequundantibus</strong></span> <span class='ocrx_word' id='word_1_119' title='bbox 1389 1698 1501 1761; x_wconf 86' lang='lat' dir='ltr'><strong>rebus</strong></span> <span class='ocrx_word' id='word_1_120' title='bbox 1516 1706 1587 1761; x_wconf 92' lang='lat' dir='ltr'><strong>tum</strong></span> <span class='ocrx_word' id='word_1_121' title='bbox 1597 1706 1640 1760; x_wconf 75' lang='lat' dir='ltr'><strong>tus</strong></span> 
     </span>
     <span class='ocr_line' id='line_1_14' title="bbox 433 1775 1640 1864; baseline 0.005 -25"><span class='ocrx_word' id='word_1_122' title='bbox 433 1779 599 1859; x_wconf 80' lang='lat' dir='ltr'><strong>presencia</strong></span> <span class='ocrx_word' id='word_1_123' title='bbox 619 1777 713 1838; x_wconf 80' lang='lat' dir='ltr'><strong>facile</strong></span> <span class='ocrx_word' id='word_1_124' title='bbox 738 1778 902 1857; x_wconf 81' lang='lat' dir='ltr'><strong>reprimes.</strong></span> <span class='ocrx_word' id='word_1_125' title='bbox 946 1775 1138 1856; x_wconf 85' lang='lat' dir='ltr'><strong>Zuingliana</strong></span> <span class='ocrx_word' id='word_1_126' title='bbox 1161 1782 1195 1837; x_wconf 91' lang='lat' dir='ltr'><strong>et</strong></span> <span class='ocrx_word' id='word_1_127' title='bbox 1218 1775 1550 1861; x_wconf 80' lang='lat' dir='ltr'><strong>Oecolsmpadians</strong></span> <span class='ocrx_word' id='word_1_128' title='bbox 1570 1789 1640 1864; x_wconf 64' lang='lat' dir='ltr'><strong>pesti</strong></span> 
     </span>
     <span class='ocr_line' id='line_1_15' title="bbox 434 1859 1641 1940; baseline 0.002 -17"><span class='ocrx_word' id='word_1_129' title='bbox 434 1882 493 1923; x_wconf 86' lang='lat' dir='ltr'><strong>vos</strong></span> <span class='ocrx_word' id='word_1_130' title='bbox 508 1860 604 1922; x_wconf 89' lang='lat' dir='ltr'><strong>isthic</strong></span> <span class='ocrx_word' id='word_1_131' title='bbox 620 1861 776 1922; x_wconf 88' lang='lat' dir='ltr'><strong>liberatos</strong></span> <span class='ocrx_word' id='word_1_132' title='bbox 789 1879 868 1933; x_wconf 89' lang='lat' dir='ltr'><strong>esse,</strong></span> <span class='ocrx_word' id='word_1_133' title='bbox 884 1879 950 1920; x_wconf 91' lang='lat' dir='ltr'><strong>non</strong></span> <span class='ocrx_word' id='word_1_134' title='bbox 968 1879 1029 1940; x_wconf 85' lang='lat' dir='ltr'><strong>ego</strong></span> <span class='ocrx_word' id='word_1_135' title='bbox 1043 1859 1158 1933; x_wconf 91' lang='lat' dir='ltr'><strong>solum,</strong></span> <span class='ocrx_word' id='word_1_136' title='bbox 1173 1859 1231 1920; x_wconf 91' lang='lat' dir='ltr'><strong>sed</strong></span> <span class='ocrx_word' id='word_1_137' title='bbox 1244 1879 1374 1924; x_wconf 85' lang='lat' dir='ltr'><strong>omnes</strong></span> <span class='ocrx_word' id='word_1_138' title='bbox 1397 1864 1485 1927; x_wconf 92' lang='lat' dir='ltr'><strong>boni</strong></span> <span class='ocrx_word' id='word_1_139' title='bbox 1506 1867 1641 1929; x_wconf 81' lang='lat' dir='ltr'><strong>letantur.</strong></span> 
     </span>
     <span class='ocr_line' id='line_1_16' title="bbox 435 1942 1642 2023; baseline 0.004 -16"><span class='ocrx_word' id='word_1_140' title='bbox 435 1947 568 2007; x_wconf 88' lang='lat' dir='ltr'><strong>Vtinam</strong></span> <span class='ocrx_word' id='word_1_141' title='bbox 586 1943 658 2005; x_wconf 91' lang='lat' dir='ltr'><strong>aliis</strong></span> <span class='ocrx_word' id='word_1_142' title='bbox 673 1963 803 2023; x_wconf 91' lang='lat' dir='ltr'><strong>quoque</strong></span> <span class='ocrx_word' id='word_1_143' title='bbox 822 1942 1117 2023; x_wconf 70' lang='lat' dir='ltr'><strong>persecutoribusrj</strong></span> <span class='ocrx_word' id='word_1_144' title='bbox 1138 1942 1290 2022; x_wconf 82' lang='grc' dir='ltr'>ἐκκλησία</span> <span class='ocrx_word' id='word_1_145' title='bbox 1311 1952 1385 2007; x_wconf 82' lang='grc' dir='ltr'><strong>τῶν</strong></span> <span class='ocrx_word' id='word_1_146' title='bbox 1401 1956 1535 2011; x_wconf 78' lang='grc' dir='ltr'>πιστῶν</span> <span class='ocrx_word' id='word_1_147' title='bbox 1548 1951 1642 2012; x_wconf 64' lang='lat' dir='ltr'><strong>libera</strong></span> 
     </span>
     <span class='ocr_line' id='line_1_17' title="bbox 434 2026 1275 2091; baseline -0.001 -1"><span class='ocrx_word' id='word_1_148' title='bbox 434 2036 534 2091; x_wconf 90' lang='lat' dir='ltr'><strong>retur.</strong></span> <span class='ocrx_word' id='word_1_149' title='bbox 576 2028 684 2088; x_wconf 90' lang='lat' dir='ltr'><strong>Minus</strong></span> <span class='ocrx_word' id='word_1_150' title='bbox 698 2033 783 2087; x_wconf 89' lang='lat' dir='ltr'><strong>esset</strong></span> <span class='ocrx_word' id='word_1_151' title='bbox 797 2026 892 2087; x_wconf 91' lang='lat' dir='ltr'><strong>bonis</strong></span> <span class='ocrx_word' id='word_1_152' title='bbox 906 2028 984 2087; x_wconf 88' lang='lat' dir='ltr'><strong>viris</strong></span> <span class='ocrx_word' id='word_1_153' title='bbox 999 2027 1079 2087; x_wconf 67' lang='lat' dir='ltr'><strong>oedii</strong></span> <span class='ocrx_word' id='word_1_154' title='bbox 1093 2032 1128 2087; x_wconf 92' lang='lat' dir='ltr'><strong>et</strong></span> <span class='ocrx_word' id='word_1_155' title='bbox 1143 2026 1275 2089; x_wconf 88' lang='lat' dir='ltr'><strong>laboris.</strong></span> 
     </span>
    </p>

    <p class='ocr_par' dir='ltr' id='par_1_6' title="bbox 388 2109 1648 2507">
     <span class='ocr_line' id='line_1_18' title="bbox 388 2109 1644 2198; baseline 0.006 -29"><span class='ocrx_word' id='word_1_156' title='bbox 388 2120 422 2169; x_wconf 86' lang='lat'><strong>60</strong></span> <span class='ocrx_word' id='word_1_157' title='bbox 477 2111 606 2174; x_wconf 85' lang='lat' dir='ltr'><strong>Valeet</strong></span> <span class='ocrx_word' id='word_1_158' title='bbox 621 2110 741 2190; x_wconf 88' lang='lat' dir='ltr'><strong>siquid</strong></span> <span class='ocrx_word' id='word_1_159' title='bbox 756 2110 856 2171; x_wconf 88' lang='lat' dir='ltr'><strong>habes</strong></span> <span class='ocrx_word' id='word_1_160' title='bbox 871 2111 990 2184; x_wconf 89' lang='lat' dir='ltr'><strong>animo,</strong></span> <span class='ocrx_word' id='word_1_161' title='bbox 1005 2109 1058 2171; x_wconf 87' lang='lat' dir='ltr'><strong>vol</strong></span> <span class='ocrx_word' id='word_1_162' title='bbox 1073 2111 1185 2190; x_wconf 92' lang='lat' dir='ltr'><strong>pocius</strong></span> <span class='ocrx_word' id='word_1_163' title='bbox 1199 2111 1242 2171; x_wconf 91' lang='lat' dir='ltr'><strong>ad</strong></span> <span class='ocrx_word' id='word_1_164' title='bbox 1259 2112 1360 2189; x_wconf 89' lang='lat' dir='ltr'><strong>quod</strong></span> <span class='ocrx_word' id='word_1_165' title='bbox 1385 2120 1535 2198; x_wconf 80' lang='lat' dir='ltr'><strong>tempus</strong></span> <span class='ocrx_word' id='word_1_166' title='bbox 1551 2117 1644 2179; x_wconf 84' lang='lat' dir='ltr'><strong>tehuc</strong></span> 
     </span>
     <span class='ocr_line' id='line_1_19' title="bbox 435 2194 1646 2276; baseline 0.005 -19"><span class='ocrx_word' id='word_1_167' title='bbox 435 2201 614 2276; x_wconf 86' lang='lat' dir='ltr'><strong>expectem,</strong></span> <span class='ocrx_word' id='word_1_168' title='bbox 634 2194 687 2255; x_wconf 87' lang='lat' dir='ltr'><strong>fac</strong></span> <span class='ocrx_word' id='word_1_169' title='bbox 709 2213 760 2254; x_wconf 91' lang='lat' dir='ltr'><strong>ms</strong></span> <span class='ocrx_word' id='word_1_170' title='bbox 782 2194 961 2254; x_wconf 82' lang='lat' dir='ltr'><strong>certiorem.</strong></span> <span class='ocrx_word' id='word_1_171' title='bbox 1005 2194 1111 2254; x_wconf 89' lang='lat' dir='ltr'><strong>Meam</strong></span> <span class='ocrx_word' id='word_1_172' title='bbox 1134 2195 1379 2273; x_wconf 82' lang='lat' dir='ltr'><strong>synceritatem</strong></span> <span class='ocrx_word' id='word_1_173' title='bbox 1406 2205 1449 2261; x_wconf 90' lang='lat' dir='ltr'><strong>et</strong></span> <span class='ocrx_word' id='word_1_174' title='bbox 1473 2200 1646 2263; x_wconf 71' lang='lat' dir='ltr'><strong>libertstm</strong></span> 
     </span>
     <span class='ocr_line' id='line_1_20' title="bbox 436 2277 1648 2366; baseline 0.006 -26"><span class='ocrx_word' id='word_1_175' title='bbox 436 2279 606 2351; x_wconf 86' lang='lat' dir='ltr'><strong>scribendi,</strong></span> <span class='ocrx_word' id='word_1_176' title='bbox 628 2280 655 2339; x_wconf 91' lang='lat' dir='ltr'><strong>si</strong></span> <span class='ocrx_word' id='word_1_177' title='bbox 676 2298 716 2339; x_wconf 91' lang='lat' dir='ltr'><strong>ea</strong></span> <span class='ocrx_word' id='word_1_178' title='bbox 737 2284 770 2338; x_wconf 91' lang='lat' dir='ltr'><strong>te</strong></span> <span class='ocrx_word' id='word_1_179' title='bbox 792 2277 986 2350; x_wconf 86' lang='lat' dir='ltr'><strong>turbaucrit‚</strong></span> <span class='ocrx_word' id='word_1_180' title='bbox 1007 2277 1090 2338; x_wconf 93' lang='lat' dir='ltr'><strong>mihi</strong></span> <span class='ocrx_word' id='word_1_181' title='bbox 1109 2277 1324 2340; x_wconf 76' lang='lat' dir='ltr'><strong>condonabis.</strong></span> <span class='ocrx_word' id='word_1_182' title='bbox 1373 2282 1436 2343; x_wconf 89' lang='lat' dir='ltr'><strong>Ea</strong></span> <span class='ocrx_word' id='word_1_183' title='bbox 1464 2286 1558 2346; x_wconf 91' lang='lat' dir='ltr'><strong>enim</strong></span> <span class='ocrx_word' id='word_1_184' title='bbox 1576 2284 1648 2366; x_wconf 83' lang='lat' dir='ltr'><strong>apud</strong></span> 
     </span>
     <span class='ocr_line' id='line_1_21' title="bbox 436 2360 1590 2507; baseline 0.006 -83"><span class='ocrx_word' id='word_1_185' title='bbox 436 2364 558 2507; x_wconf 64' lang='lat' dir='ltr'><strong>mliicos</strong></span> <span class='ocrx_word' id='word_1_186' title='bbox 573 2360 1016 2505; x_wconf 55' lang='grc' dir='ltr'>1ῗ1111111ο1Ὲ11ἐ1111111ΞΗωε.</span> <span class='ocrx_word' id='word_1_187' title='bbox 1061 2360 1188 2422; x_wconf 83' lang='lat' dir='ltr'><strong>Valeat</strong></span> <span class='ocrx_word' id='word_1_188' title='bbox 1203 2379 1255 2421; x_wconf 92' lang='lat' dir='ltr'><strong>me</strong></span> <span class='ocrx_word' id='word_1_189' title='bbox 1269 2380 1354 2423; x_wconf 91' lang='lat' dir='ltr'><strong>ama</strong></span> <span class='ocrx_word' id='word_1_190' title='bbox 1369 2370 1413 2425; x_wconf 87' lang='lat' dir='ltr'><strong>et</strong></span> <span class='ocrx_word' id='word_1_191' title='bbox 1429 2369 1590 2430; x_wconf 89' lang='lat' dir='ltr'><strong>rescribe.</strong></span> 
     </span>
    </p>

    <p class='ocr_par' dir='ltr' id='par_1_7' title="bbox 508 2458 1109 2521">
     <span class='ocr_line' id='line_1_22' title="bbox 508 2458 1109 2521; baseline 0 -15"><span class='ocrx_word' id='word_1_192' title='bbox 508 2466 589 2506; x_wconf 89' lang='lat' dir='ltr'><strong>ruxe</strong></span> <span class='ocrx_word' id='word_1_193' title='bbox 615 2465 654 2506; x_wconf 86' lang='lat' dir='ltr'><strong>as</strong></span> <span class='ocrx_word' id='word_1_194' title='bbox 671 2461 709 2506; x_wconf 90' lang='lat'><strong>12</strong></span> <span class='ocrx_word' id='word_1_195' title='bbox 751 2465 769 2505; x_wconf 93' lang='lat' dir='ltr'><strong>e</strong></span> <span class='ocrx_word' id='word_1_196' title='bbox 793 2463 893 2505; x_wconf 88' lang='lat' dir='ltr'><strong>ruaru</strong></span> <span class='ocrx_word' id='word_1_197' title='bbox 937 2458 1109 2521; x_wconf 85' lang='lat' dir='ltr'><strong>nn01532.</strong></span> 
     </span>
    </p>
   </div>
   <div class='ocr_carea' id='block_1_3' title="bbox 734 2729 1344 2797">
    <p class='ocr_par' dir='ltr' id='par_1_8' title="bbox 734 2729 1344 2797">
     <span class='ocr_line' id='line_1_23' title="bbox 734 2729 1344 2797; baseline 0 -1"><span class='ocrx_word' id='word_1_198' title='bbox 734 2736 834 2796; x_wconf 85' lang='lat'><strong>2608.</strong></span> <span class='ocrx_word' id='word_1_199' title='bbox 882 2730 934 2796; x_wconf 92' lang='grc' dir='ltr'><strong>Το</strong></span> <span class='ocrx_word' id='word_1_200' title='bbox 959 2729 1183 2796; x_wconf 75' lang='grc'>8111111111</span> <span class='ocrx_word' id='word_1_201' title='bbox 1204 2729 1344 2797; x_wconf 72' lang='lat' dir='ltr'><strong>Tusco,</strong></span> 
     </span>
    </p>
   </div>
   <div class='ocr_carea' id='block_1_4' title="bbox 476 2842 1626 2998">
    <p class='ocr_par' dir='ltr' id='par_1_9' title="bbox 476 2842 1626 2998">
     <span class='ocr_line' id='line_1_24' title="bbox 476 2842 1555 2922; baseline 0.005 -22"><span class='ocrx_word' id='word_1_202' title='bbox 476 2844 644 2900; x_wconf 86' lang='lat' dir='ltr'><strong>Enarratio</strong></span> <span class='ocrx_word' id='word_1_203' title='bbox 657 2844 690 2898; x_wconf 91' lang='lat' dir='ltr'><strong>in</strong></span> <span class='ocrx_word' id='word_1_204' title='bbox 703 2843 862 2898; x_wconf 85' lang='lat' dir='ltr'><strong>Psalmum</strong></span> <span class='ocrx_word' id='word_1_205' title='bbox 876 2842 993 2897; x_wconf 84' lang='lat' dir='ltr'><strong>xxxviii</strong></span> <span class='ocrx_word' id='word_1_206' title='bbox 1006 2860 1037 2914; x_wconf 95' lang='lat' dir='ltr'><strong>p.</strong></span> <span class='ocrx_word' id='word_1_207' title='bbox 1052 2858 1079 2897; x_wconf 89' lang='lat'><strong>2.</strong></span> <span class='ocrx_word' id='word_1_208' title='bbox 1370 2846 1555 2922; x_wconf 81' lang='lat' dir='ltr'><strong>Freiburg.</strong></span> 
     </span>
     <span class='ocr_line' id='line_1_25' title="bbox 477 2918 1626 2998; baseline 0.004 -21"><span class='ocrx_word' id='word_1_209' title='bbox 477 2920 576 2977; x_wconf 91' lang='lat' dir='ltr'><strong>Lond.</strong></span> <span class='ocrx_word' id='word_1_210' title='bbox 590 2919 673 2975; x_wconf 85' lang='lat' dir='ltr'><strong>xxix.</strong></span> <span class='ocrx_word' id='word_1_211' title='bbox 688 2923 741 2989; x_wconf 85' lang='lat'><strong>36:</strong></span> <span class='ocrx_word' id='word_1_212' title='bbox 762 2918 828 2974; x_wconf 92' lang='lat' dir='ltr'><strong>LB.</strong></span> <span class='ocrx_word' id='word_1_213' title='bbox 842 2936 873 2973; x_wconf 86' lang='lat' dir='ltr'><strong>v.</strong></span> <span class='ocrx_word' id='word_1_214' title='bbox 887 2921 1009 2989; x_wconf 83' lang='lat'><strong>415-16.</strong></span> <span class='ocrx_word' id='word_1_215' title='bbox 1289 2932 1323 2987; x_wconf 86' lang='lat'><strong>13</strong></span> <span class='ocrx_word' id='word_1_216' title='bbox 1340 2920 1530 2998; x_wconf 79' lang='lat' dir='ltr'><strong>February</strong></span> <span class='ocrx_word' id='word_1_217' title='bbox 1547 2941 1626 2997; x_wconf 80' lang='grc'>1531.</span> 
     </span>
    </p>
   </div>
   <div class='ocr_carea' id='block_1_5' title="bbox 443 3045 1657 3181">
    <p class='ocr_par' dir='ltr' id='par_1_10' title="bbox 443 3045 1657 3181">
     <span class='ocr_line' id='line_1_26' title="bbox 474 3045 1657 3114; baseline -0.003 -14"><span class='ocrx_word' id='word_1_218' title='bbox 474 3050 545 3111; x_wconf 86' lang='lat' dir='ltr'><strong>[The</strong></span> <span class='ocrx_word' id='word_1_219' title='bbox 562 3048 673 3113; x_wconf 85' lang='lat' dir='ltr'><strong>prsisce</strong></span> <span class='ocrx_word' id='word_1_220' title='bbox 689 3052 721 3096; x_wconf 91' lang='lat' dir='ltr'><strong>to</strong></span> <span class='ocrx_word' id='word_1_221' title='bbox 741 3046 889 3097; x_wconf 63' lang='lat' dir='ltr'><strong>&amp;sanatio</strong></span> <span class='ocrx_word' id='word_1_222' title='bbox 903 3045 1009 3110; x_wconf 79' lang='lat' dir='ltr'><strong>psalmi</strong></span> <span class='ocrx_word' id='word_1_223' title='bbox 1021 3046 1155 3110; x_wconf 64' lang='lat' dir='ltr'><strong>trigesimi</strong></span> <span class='ocrx_word' id='word_1_224' title='bbox 1165 3046 1265 3105; x_wconf 71' lang='lat' dir='ltr'><strong>odoni,</strong></span> <span class='ocrx_word' id='word_1_225' title='bbox 1281 3045 1382 3107; x_wconf 85' lang='lat' dir='ltr'><strong>Basle,</strong></span> <span class='ocrx_word' id='word_1_226' title='bbox 1402 3050 1547 3114; x_wconf 73' lang='lat' dir='ltr'><strong>Froben,</strong></span> <span class='ocrx_word' id='word_1_227' title='bbox 1562 3054 1657 3109; x_wconf 62' lang='lat' dir='ltr'><strong>meh,</strong></span> 
     </span>
     <span class='ocr_line' id='line_1_27' title="bbox 443 3113 1165 3181; baseline -0.008 -14"><span class='ocrx_word' id='word_1_228' title='bbox 443 3131 522 3181; x_wconf 83' lang='lat'>1532:</span> <span class='ocrx_word' id='word_1_229' title='bbox 541 3115 686 3166; x_wconf 85' lang='lat' dir='ltr'><strong>answersd</strong></span> <span class='ocrx_word' id='word_1_230' title='bbox 697 3115 736 3179; x_wconf 90' lang='lat' dir='ltr'><strong>by</strong></span> <span class='ocrx_word' id='word_1_231' title='bbox 748 3114 838 3164; x_wconf 85' lang='lat' dir='ltr'><strong>Lond.</strong></span> <span class='ocrx_word' id='word_1_232' title='bbox 851 3114 938 3163; x_wconf 86' lang='lat' dir='ltr'><strong>xxvii.</strong></span> <span class='ocrx_word' id='word_1_233' title='bbox 953 3127 994 3177; x_wconf 86' lang='lat'><strong>37,</strong></span> <span class='ocrx_word' id='word_1_234' title='bbox 1007 3113 1064 3162; x_wconf 90' lang='lat' dir='ltr'><strong>LB.</strong></span> <span class='ocrx_word' id='word_1_235' title='bbox 1080 3113 1165 3174; x_wconf 88' lang='lat'><strong>1²29·]</strong></span> 
     </span>
    </p>
   </div>
   <div class='ocr_carea' id='block_1_6' title="bbox 441 3245 1658 3382">
    <p class='ocr_par' dir='ltr' id='par_1_11' title="bbox 441 3245 1658 3382">
     <span class='ocr_line' id='line_1_28' title="bbox 441 3245 1658 3303; baseline 0.005 -10"><span class='ocrx_word' id='word_1_236' title='bbox 441 3250 473 3294; x_wconf 83' lang='lat' dir='ltr'><strong>R.</strong></span> <span class='ocrx_word' id='word_1_237' title='bbox 489 3247 664 3303; x_wconf 82' lang='lat' dir='ltr'>PRAESVLI,</span> <span class='ocrx_word' id='word_1_238' title='bbox 680 3246 858 3300; x_wconf 73' lang='lat' dir='ltr'><strong>ulnnuovn</strong></span> <span class='ocrx_word' id='word_1_239' title='bbox 872 3245 1125 3290; x_wconf 74' lang='lat' dir='ltr'><strong>ILLvsrltIssmo</strong></span> <span class='ocrx_word' id='word_1_240' title='bbox 1140 3245 1345 3301; x_wconf 63' lang='grc'>1111111111).</span> <span class='ocrx_word' id='word_1_241' title='bbox 1361 3246 1573 3299; x_wconf 72' lang='lat' dir='ltr'><strong>susmsnso</strong></span> <span class='ocrx_word' id='word_1_242' title='bbox 1587 3253 1658 3298; x_wconf 67' lang='lat' dir='ltr'><strong>&#39;NB-</strong></span> 
     </span>
     <span class='ocr_line' id='line_1_29' title="bbox 534 3328 1578 3382; baseline 0.007 -6"><span class='ocrx_word' id='word_1_243' title='bbox 534 3331 613 3376; x_wconf 75' lang='lat' dir='ltr'><strong>zom</strong></span> <span class='ocrx_word' id='word_1_244' title='bbox 629 3330 787 3374; x_wconf 72' lang='lat' dir='ltr'><strong>urlscoro</strong></span> <span class='ocrx_word' id='word_1_245' title='bbox 803 3330 1014 3375; x_wconf 79' lang='lat' dir='ltr'><strong>OLMVTZE&#39;NSI</strong></span> <span class='ocrx_word' id='word_1_246' title='bbox 1029 3329 1102 3374; x_wconf 77' lang='lat' dir='ltr'><strong>DBS.</strong></span> <span class='ocrx_word' id='word_1_247' title='bbox 1120 3328 1272 3373; x_wconf 78' lang='lat' dir='ltr'>EBASMVS</span> <span class='ocrx_word' id='word_1_248' title='bbox 1286 3329 1474 3380; x_wconf 72' lang='lat' dir='ltr'><strong>nomon.</strong></span> <span class='ocrx_word' id='word_1_249' title='bbox 1493 3337 1524 3381; x_wconf 86' lang='lat' dir='ltr'><strong>S.</strong></span> <span class='ocrx_word' id='word_1_250' title='bbox 1543 3338 1578 3382; x_wconf 85' lang='grc' dir='ltr'><strong>Ι).</strong></span> 
     </span>
    </p>
   </div>
   <div class='ocr_carea' id='block_1_7' title="bbox 401 3418 1663 4669">
    <p class='ocr_par' dir='ltr' id='par_1_12' title="bbox 442 3418 1661 3748">
     <span class='ocr_line' id='line_1_30' title="bbox 484 3418 1659 3508; baseline 0.001 -23"><span class='ocrx_word' id='word_1_251' title='bbox 484 3425 578 3486; x_wconf 77' lang='lat' dir='ltr'><strong>Vuss</strong></span> <span class='ocrx_word' id='word_1_252' title='bbox 599 3421 770 3501; x_wconf 84' lang='lat' dir='ltr'><strong>‘Amyclas</strong></span> <span class='ocrx_word' id='word_1_253' title='bbox 792 3421 934 3500; x_wconf 88' lang='lat' dir='ltr'><strong>perdidit</strong></span> <span class='ocrx_word' id='word_1_254' title='bbox 951 3421 1116 3482; x_wconf 88' lang='lat' dir='ltr'><strong>silentium</strong></span> <span class='ocrx_word' id='word_1_255' title='bbox 1128 3421 1146 3494; x_wconf 92' lang='lat'><strong>‘,</strong></span> <span class='ocrx_word' id='word_1_256' title='bbox 1169 3420 1226 3482; x_wconf 87' lang='lat' dir='ltr'><strong>sed</strong></span> <span class='ocrx_word' id='word_1_257' title='bbox 1242 3418 1361 3485; x_wconf 83' lang='grc' dir='ltr'>πολλὰς</span> <span class='ocrx_word' id='word_1_258' title='bbox 1382 3421 1504 3501; x_wconf 69' lang='grc' dir='ltr'>φιλίας</span> <span class='ocrx_word' id='word_1_259' title='bbox 1525 3429 1659 3508; x_wconf 61' lang='lat' dir='ltr'><strong>‹luposq-</strong></span> 
     </span>
     <span class='ocr_line' id='line_1_31' title="bbox 442 3502 1661 3587; baseline 0.005 -19"><span class='ocrx_word' id='word_1_260' title='bbox 442 3507 533 3587; x_wconf 84' lang='grc' dir='ltr'>γορία</span> <span class='ocrx_word' id='word_1_261' title='bbox 549 3505 696 3576; x_wconf 83' lang='grc' dir='ltr'>διέλυσεν,</span> <span class='ocrx_word' id='word_1_262' title='bbox 711 3506 738 3565; x_wconf 92' lang='lat' dir='ltr'><strong>si</strong></span> <span class='ocrx_word' id='word_1_263' title='bbox 752 3525 818 3583; x_wconf 92' lang='lat' dir='ltr'><strong>qua</strong></span> <span class='ocrx_word' id='word_1_264' title='bbox 832 3505 911 3565; x_wconf 87' lang='lat' dir='ltr'><strong>fides</strong></span> <span class='ocrx_word' id='word_1_265' title='bbox 926 3506 1105 3584; x_wconf 88' lang='lat' dir='ltr'><strong>priscorum</strong></span> <span class='ocrx_word' id='word_1_266' title='bbox 1120 3504 1254 3583; x_wconf 88' lang='lat' dir='ltr'><strong>adagiis.</strong></span> <span class='ocrx_word' id='word_1_267' title='bbox 1298 3502 1412 3576; x_wconf 78' lang='lat' dir='ltr'><strong>Quum</strong></span> <span class='ocrx_word' id='word_1_268' title='bbox 1430 3516 1562 3573; x_wconf 77' lang='lat' dir='ltr'><strong>autem</strong></span> <span class='ocrx_word' id='word_1_269' title='bbox 1581 3514 1661 3573; x_wconf 83' lang='lat' dir='ltr'><strong>inter</strong></span> 
     </span>
     <span class='ocr_line' id='line_1_32' title="bbox 443 3588 1659 3676; baseline 0.004 -23"><span class='ocrx_word' id='word_1_270' title='bbox 443 3611 554 3653; x_wconf 84' lang='lat' dir='ltr'><strong>omnes</strong></span> <span class='ocrx_word' id='word_1_271' title='bbox 569 3590 784 3669; x_wconf 88' lang='lat' dir='ltr'><strong>possessiones</strong></span> <span class='ocrx_word' id='word_1_272' title='bbox 799 3588 890 3648; x_wconf 92' lang='lat' dir='ltr'><strong>nulla</strong></span> <span class='ocrx_word' id='word_1_273' title='bbox 904 3589 948 3648; x_wconf 89' lang='lat' dir='ltr'><strong>sit</strong></span> <span class='ocrx_word' id='word_1_274' title='bbox 962 3606 1047 3666; x_wconf 85' lang='lat' dir='ltr'><strong>quse</strong></span> <span class='ocrx_word' id='word_1_275' title='bbox 1061 3608 1136 3649; x_wconf 92' lang='lat' dir='ltr'><strong>cum</strong></span> <span class='ocrx_word' id='word_1_276' title='bbox 1157 3588 1244 3649; x_wconf 84' lang='lat' dir='ltr'><strong>fideli</strong></span> <span class='ocrx_word' id='word_1_277' title='bbox 1263 3588 1369 3647; x_wconf 89' lang='lat' dir='ltr'><strong>amico</strong></span> <span class='ocrx_word' id='word_1_278' title='bbox 1392 3599 1509 3668; x_wconf 89' lang='lat' dir='ltr'><strong>queat</strong></span> <span class='ocrx_word' id='word_1_279' title='bbox 1531 3615 1659 3676; x_wconf 69' lang='lat' dir='ltr'><strong>compe</strong></span> 
     </span>
     <span class='ocr_line' id='line_1_33' title="bbox 444 3671 1661 3748; baseline 0.002 -12"><span class='ocrx_word' id='word_1_280' title='bbox 444 3676 518 3748; x_wconf 89' lang='lat' dir='ltr'><strong>rari,</strong></span> <span class='ocrx_word' id='word_1_281' title='bbox 543 3693 610 3734; x_wconf 92' lang='lat' dir='ltr'><strong>non</strong></span> <span class='ocrx_word' id='word_1_282' title='bbox 630 3672 827 3744; x_wconf 87' lang='lat' dir='ltr'><strong>existimaui,</strong></span> <span class='ocrx_word' id='word_1_283' title='bbox 854 3671 1045 3732; x_wconf 86' lang='lat' dir='ltr'><strong>Praesulum</strong></span> <span class='ocrx_word' id='word_1_284' title='bbox 1067 3672 1282 3744; x_wconf 89' lang='lat' dir='ltr'><strong>ornatissime,</strong></span> <span class='ocrx_word' id='word_1_285' title='bbox 1308 3674 1607 3740; x_wconf 86' lang='lat' dir='ltr'><strong>committendum</strong></span> <span class='ocrx_word' id='word_1_286' title='bbox 1626 3684 1661 3738; x_wconf 82' lang='lat' dir='ltr'><strong>rt</strong></span> 
     </span>
    </p>

    <p class='ocr_par' dir='ltr' id='par_1_13' title="bbox 414 3754 1662 4161">
     <span class='ocr_line' id='line_1_34' title="bbox 414 3754 1660 3837; baseline 0.002 -19"><span class='ocrx_word' id='word_1_287' title='bbox 414 3785 430 3834; x_wconf 83' lang='lat'>5</span> <span class='ocrx_word' id='word_1_288' title='bbox 443 3757 524 3819; x_wconf 92' lang='lat' dir='ltr'><strong>mihi</strong></span> <span class='ocrx_word' id='word_1_289' title='bbox 538 3763 698 3837; x_wconf 88' lang='lat' dir='ltr'><strong>perpetua</strong></span> <span class='ocrx_word' id='word_1_290' title='bbox 712 3754 880 3816; x_wconf 88' lang='lat' dir='ltr'><strong>literarum</strong></span> <span class='ocrx_word' id='word_1_291' title='bbox 896 3756 1093 3816; x_wconf 88' lang='lat' dir='ltr'><strong>intermissio</strong></span> <span class='ocrx_word' id='word_1_292' title='bbox 1107 3761 1176 3816; x_wconf 86' lang='lat' dir='ltr'><strong>tam</strong></span> <span class='ocrx_word' id='word_1_293' title='bbox 1191 3756 1348 3835; x_wconf 83' lang='lat' dir='ltr'><strong>insignem</strong></span> <span class='ocrx_word' id='word_1_294' title='bbox 1362 3762 1565 3834; x_wconf 90' lang='lat' dir='ltr'><strong>patronum</strong></span> <span class='ocrx_word' id='word_1_295' title='bbox 1576 3762 1660 3823; x_wconf 81' lang='lat' dir='ltr'><strong>vide</strong></span> 
     </span>
     <span class='ocr_line' id='line_1_35' title="bbox 444 3838 1662 3918; baseline 0.003 -16"><span class='ocrx_word' id='word_1_296' title='bbox 444 3848 534 3902; x_wconf 90' lang='lat' dir='ltr'><strong>retur</strong></span> <span class='ocrx_word' id='word_1_297' title='bbox 548 3840 714 3901; x_wconf 77' lang='lat' dir='ltr'><strong>ademisse.</strong></span> <span class='ocrx_word' id='word_1_298' title='bbox 758 3838 877 3899; x_wconf 89' lang='lat' dir='ltr'><strong>Animo</strong></span> <span class='ocrx_word' id='word_1_299' title='bbox 891 3838 1022 3916; x_wconf 88' lang='lat' dir='ltr'><strong>quidem</strong></span> <span class='ocrx_word' id='word_1_300' title='bbox 1038 3857 1110 3899; x_wconf 93' lang='lat' dir='ltr'><strong>mso</strong></span> <span class='ocrx_word' id='word_1_301' title='bbox 1127 3858 1294 3918; x_wconf 89' lang='lat' dir='ltr'><strong>nunquam</strong></span> <span class='ocrx_word' id='word_1_302' title='bbox 1309 3839 1489 3903; x_wconf 85' lang='lat' dir='ltr'><strong>exciderat</strong></span> <span class='ocrx_word' id='word_1_303' title='bbox 1505 3845 1662 3906; x_wconf 88' lang='lat' dir='ltr'><strong>amabilis</strong></span> 
     </span>
     <span class='ocr_line' id='line_1_36' title="bbox 444 3922 1662 4003; baseline 0.004 -18"><span class='ocrx_word' id='word_1_304' title='bbox 444 3925 498 3985; x_wconf 91' lang='lat' dir='ltr'><strong>ille</strong></span> <span class='ocrx_word' id='word_1_305' title='bbox 513 3924 629 3984; x_wconf 87' lang='lat' dir='ltr'><strong>Turzo.</strong></span> <span class='ocrx_word' id='word_1_306' title='bbox 666 3922 706 3982; x_wconf 96' lang='lat' dir='ltr'><strong>Id</strong></span> <span class='ocrx_word' id='word_1_307' title='bbox 720 3923 806 3982; x_wconf 85' lang='lat' dir='ltr'><strong>enim</strong></span> <span class='ocrx_word' id='word_1_308' title='bbox 821 3922 878 4000; x_wconf 93' lang='lat' dir='ltr'><strong>qui</strong></span> <span class='ocrx_word' id='word_1_309' title='bbox 892 3923 1023 4000; x_wconf 88' lang='lat' dir='ltr'><strong>possim,</strong></span> <span class='ocrx_word' id='word_1_310' title='bbox 1036 3923 1071 3982; x_wconf 90' lang='lat' dir='ltr'><strong>ni</strong></span> <span class='ocrx_word' id='word_1_311' title='bbox 1085 3941 1188 3982; x_wconf 87' lang='lat' dir='ltr'><strong>essem</strong></span> <span class='ocrx_word' id='word_1_312' title='bbox 1200 3941 1283 3982; x_wconf 88' lang='lat' dir='ltr'><strong>vnus</strong></span> <span class='ocrx_word' id='word_1_313' title='bbox 1295 3922 1444 3984; x_wconf 92' lang='lat' dir='ltr'><strong>omnium</strong></span> <span class='ocrx_word' id='word_1_314' title='bbox 1461 3929 1529 4003; x_wconf 92' lang='lat' dir='ltr'><strong>qui</strong></span> <span class='ocrx_word' id='word_1_315' title='bbox 1541 3930 1662 3989; x_wconf 79' lang='lat' dir='ltr'><strong>uiuunt</strong></span> 
     </span>
     <span class='ocr_line' id='line_1_37' title="bbox 444 4006 1661 4084; baseline 0.005 -16"><span class='ocrx_word' id='word_1_316' title='bbox 444 4027 510 4068; x_wconf 91' lang='lat' dir='ltr'><strong>non</strong></span> <span class='ocrx_word' id='word_1_317' title='bbox 522 4006 627 4067; x_wconf 91' lang='lat' dir='ltr'><strong>solum</strong></span> <span class='ocrx_word' id='word_1_318' title='bbox 637 4006 934 4077; x_wconf 86' lang='lat' dir='ltr'><strong>inhumanissimus,</strong></span> <span class='ocrx_word' id='word_1_319' title='bbox 947 4006 1170 4066; x_wconf 85' lang='lat' dir='ltr'><strong>verumetiam</strong></span> <span class='ocrx_word' id='word_1_320' title='bbox 1182 4006 1446 4084; x_wconf 80' lang='lat' dir='ltr'><strong>ingratissimus?</strong></span> <span class='ocrx_word' id='word_1_321' title='bbox 1473 4006 1550 4072; x_wconf 88' lang='lat' dir='ltr'><strong>Sed</strong></span> <span class='ocrx_word' id='word_1_322' title='bbox 1562 4014 1661 4074; x_wconf 87' lang='lat' dir='ltr'><strong>inter·</strong></span> 
     </span>
     <span class='ocr_line' id='line_1_38' title="bbox 444 4087 1662 4161; baseline 0.004 -9"><span class='ocrx_word' id='word_1_323' title='bbox 444 4091 524 4152; x_wconf 93' lang='lat' dir='ltr'><strong>dum</strong></span> <span class='ocrx_word' id='word_1_324' title='bbox 539 4090 711 4150; x_wconf 85' lang='lat' dir='ltr'><strong>audiebam</strong></span> <span class='ocrx_word' id='word_1_325' title='bbox 727 4095 760 4149; x_wconf 92' lang='lat' dir='ltr'><strong>te</strong></span> <span class='ocrx_word' id='word_1_326' title='bbox 774 4095 920 4149; x_wconf 87' lang='lat' dir='ltr'><strong>mutasse</strong></span> <span class='ocrx_word' id='word_1_327' title='bbox 934 4087 1054 4161; x_wconf 88' lang='lat' dir='ltr'><strong>sedem,</strong></span> <span class='ocrx_word' id='word_1_328' title='bbox 1069 4088 1233 4150; x_wconf 88' lang='lat' dir='ltr'><strong>interdum</strong></span> <span class='ocrx_word' id='word_1_329' title='bbox 1251 4087 1499 4152; x_wconf 88' lang='lat' dir='ltr'><strong>addubitabam</strong></span> <span class='ocrx_word' id='word_1_330' title='bbox 1523 4114 1611 4157; x_wconf 91' lang='lat' dir='ltr'><strong>num</strong></span> <span class='ocrx_word' id='word_1_331' title='bbox 1630 4097 1662 4156; x_wconf 92' lang='lat' dir='ltr'><strong>in</strong></span> 
     </span>
    </p>

    <p class='ocr_par' dir='ltr' id='par_1_14' title="bbox 401 4170 1663 4502">
     <span class='ocr_line' id='line_1_39' title="bbox 401 4170 1662 4245; baseline 0.002 -8"><span class='ocrx_word' id='word_1_332' title='bbox 401 4202 432 4238; x_wconf 93' lang='lat'><strong>10</strong></span> <span class='ocrx_word' id='word_1_333' title='bbox 446 4175 548 4235; x_wconf 88' lang='lat' dir='ltr'><strong>tantis</strong></span> <span class='ocrx_word' id='word_1_334' title='bbox 562 4192 670 4234; x_wconf 89' lang='lat' dir='ltr'><strong>rerum</strong></span> <span class='ocrx_word' id='word_1_335' title='bbox 687 4171 886 4232; x_wconf 91' lang='lat' dir='ltr'><strong>tumultibus</strong></span> <span class='ocrx_word' id='word_1_336' title='bbox 905 4190 991 4232; x_wconf 88' lang='grc'>11111</span> <span class='ocrx_word' id='word_1_337' title='bbox 1010 4170 1191 4245; x_wconf 89' lang='lat' dir='ltr'><strong>incolumis,</strong></span> <span class='ocrx_word' id='word_1_338' title='bbox 1211 4172 1376 4233; x_wconf 90' lang='lat' dir='ltr'><strong>interdum</strong></span> <span class='ocrx_word' id='word_1_339' title='bbox 1396 4177 1575 4238; x_wconf 84' lang='lat' dir='ltr'><strong>nonnulla</strong></span> <span class='ocrx_word' id='word_1_340' title='bbox 1595 4199 1662 4239; x_wconf 88' lang='lat' dir='ltr'><strong>sus-</strong></span> 
     </span>
     <span class='ocr_line' id='line_1_40' title="bbox 446 4255 1663 4341; baseline 0.005 -24"><span class='ocrx_word' id='word_1_341' title='bbox 446 4258 529 4337; x_wconf 89' lang='lat' dir='ltr'><strong>pitio</strong></span> <span class='ocrx_word' id='word_1_342' title='bbox 550 4256 727 4317; x_wconf 83' lang='lat' dir='ltr'><strong>vellicabat</strong></span> <span class='ocrx_word' id='word_1_343' title='bbox 749 4257 905 4328; x_wconf 90' lang='lat' dir='ltr'><strong>animum,</strong></span> <span class='ocrx_word' id='word_1_344' title='bbox 927 4275 969 4316; x_wconf 91' lang='lat' dir='ltr'><strong>ne</strong></span> <span class='ocrx_word' id='word_1_345' title='bbox 994 4255 1068 4333; x_wconf 91' lang='lat' dir='ltr'><strong>quis</strong></span> <span class='ocrx_word' id='word_1_346' title='bbox 1091 4255 1178 4316; x_wconf 80' lang='lat' dir='ltr'><strong>forte</strong></span> <span class='ocrx_word' id='word_1_347' title='bbox 1201 4275 1242 4316; x_wconf 86' lang='lat' dir='ltr'><strong>sx</strong></span> <span class='ocrx_word' id='word_1_348' title='bbox 1267 4257 1404 4316; x_wconf 91' lang='lat' dir='ltr'><strong>istorum</strong></span> <span class='ocrx_word' id='word_1_349' title='bbox 1431 4276 1585 4321; x_wconf 88' lang='lat' dir='ltr'><strong>numero</strong></span> <span class='ocrx_word' id='word_1_350' title='bbox 1608 4262 1663 4341; x_wconf 89' lang='lat' dir='ltr'><strong>qui</strong></span> 
     </span>
     <span class='ocr_line' id='line_1_41' title="bbox 447 4338 1662 4419; baseline 0.005 -18"><span class='ocrx_word' id='word_1_351' title='bbox 447 4342 615 4401; x_wconf 90' lang='lat' dir='ltr'><strong>aconitum</strong></span> <span class='ocrx_word' id='word_1_352' title='bbox 637 4341 670 4400; x_wconf 91' lang='lat' dir='ltr'><strong>in</strong></span> <span class='ocrx_word' id='word_1_353' title='bbox 695 4338 806 4419; x_wconf 90' lang='lat' dir='ltr'><strong>lingua</strong></span> <span class='ocrx_word' id='word_1_354' title='bbox 831 4338 1066 4400; x_wconf 82' lang='lat' dir='ltr'><strong>circumierunt</strong></span> <span class='ocrx_word' id='word_1_355' title='bbox 1086 4345 1232 4401; x_wconf 90' lang='lat' dir='ltr'><strong>veterem</strong></span> <span class='ocrx_word' id='word_1_356' title='bbox 1254 4344 1347 4400; x_wconf 88' lang='lat' dir='ltr'><strong>tuam</strong></span> <span class='ocrx_word' id='word_1_357' title='bbox 1368 4340 1403 4399; x_wconf 92' lang='lat' dir='ltr'><strong>in</strong></span> <span class='ocrx_word' id='word_1_358' title='bbox 1429 4358 1486 4401; x_wconf 94' lang='lat' dir='ltr'><strong>me</strong></span> <span class='ocrx_word' id='word_1_359' title='bbox 1512 4342 1662 4406; x_wconf 89' lang='lat' dir='ltr'><strong>beneuo-</strong></span> 
     </span>
     <span class='ocr_line' id='line_1_42' title="bbox 446 4421 1273 4502; baseline -0.001 -17"><span class='ocrx_word' id='word_1_360' title='bbox 446 4424 581 4485; x_wconf 89' lang='lat' dir='ltr'><strong>lentiam</strong></span> <span class='ocrx_word' id='word_1_361' title='bbox 596 4423 649 4483; x_wconf 87' lang='lat' dir='ltr'><strong>vel</strong></span> <span class='ocrx_word' id='word_1_362' title='bbox 664 4424 858 4484; x_wconf 83' lang='lat' dir='ltr'><strong>extinxisset</strong></span> <span class='ocrx_word' id='word_1_363' title='bbox 872 4422 925 4483; x_wconf 85' lang='lat' dir='ltr'><strong>vel</strong></span> <span class='ocrx_word' id='word_1_364' title='bbox 939 4427 1028 4483; x_wconf 85' lang='lat' dir='ltr'><strong>certe</strong></span> <span class='ocrx_word' id='word_1_365' title='bbox 1042 4421 1273 4502; x_wconf 87' lang='lat' dir='ltr'><strong>refrigerasset.</strong></span> 
     </span>
    </p>

    <p class='ocr_par' dir='ltr' id='par_1_15' title="bbox 489 4504 1663 4590">
     <span class='ocr_line' id='line_1_43' title="bbox 489 4504 1663 4590; baseline 0.004 -22"><span class='ocrx_word' id='word_1_366' title='bbox 489 4505 551 4568; x_wconf 84' lang='lat' dir='ltr'><strong>Sed</strong></span> <span class='ocrx_word' id='word_1_367' title='bbox 566 4506 693 4586; x_wconf 88' lang='lat' dir='ltr'><strong>Gaspar</strong></span> <span class='ocrx_word' id='word_1_368' title='bbox 708 4506 827 4579; x_wconf 90' lang='lat' dir='ltr'><strong>Velius,</strong></span> <span class='ocrx_word' id='word_1_369' title='bbox 843 4505 1011 4585; x_wconf 91' lang='lat' dir='ltr'><strong>quondam</strong></span> <span class='ocrx_word' id='word_1_370' title='bbox 1029 4511 1107 4566; x_wconf 85' lang='lat' dir='ltr'><strong>tuae</strong></span> <span class='ocrx_word' id='word_1_371' title='bbox 1127 4506 1339 4585; x_wconf 83' lang='lat' dir='ltr'><strong>benignitatis</strong></span> <span class='ocrx_word' id='word_1_372' title='bbox 1357 4504 1531 4580; x_wconf 86' lang='lat' dir='ltr'><strong>alumnus,</strong></span> <span class='ocrx_word' id='word_1_373' title='bbox 1556 4530 1663 4590; x_wconf 91' lang='lat' dir='ltr'><strong>quum</strong></span> 
     </span>
    </p>

    <p class='ocr_par' dir='ltr' id='par_1_16' title="bbox 404 4587 1663 4669">
     <span class='ocr_line' id='line_1_44' title="bbox 404 4587 1663 4669; baseline 0.003 -16"><span class='ocrx_word' id='word_1_374' title='bbox 404 4619 434 4668; x_wconf 79' lang='lat'><strong>15</strong></span> <span class='ocrx_word' id='word_1_375' title='bbox 447 4590 638 4652; x_wconf 88' lang='lat' dir='ltr'><strong>Caesaream</strong></span> <span class='ocrx_word' id='word_1_376' title='bbox 661 4590 822 4669; x_wconf 88' lang='lat' dir='ltr'><strong>synodum</strong></span> <span class='ocrx_word' id='word_1_377' title='bbox 844 4589 932 4669; x_wconf 89' lang='lat' dir='ltr'><strong>apud</strong></span> <span class='ocrx_word' id='word_1_378' title='bbox 954 4587 1119 4668; x_wconf 89' lang='lat' dir='ltr'><strong>Spirenses</strong></span> <span class='ocrx_word' id='word_1_379' title='bbox 1140 4589 1298 4650; x_wconf 89' lang='lat' dir='ltr'><strong>indictam</strong></span> <span class='ocrx_word' id='word_1_380' title='bbox 1321 4594 1436 4668; x_wconf 92' lang='lat' dir='ltr'><strong>petens</strong></span> <span class='ocrx_word' id='word_1_381' title='bbox 1459 4590 1580 4654; x_wconf 88' lang='lat' dir='ltr'><strong>obiter</strong></span> <span class='ocrx_word' id='word_1_382' title='bbox 1602 4614 1663 4656; x_wconf 86' lang='lat' dir='ltr'><strong>nos</strong></span> 
     </span>
    </p>
   </div>
   <div class='ocr_carea' id='block_1_8' title="bbox 671 4704 1432 4772">
    <p class='ocr_par' dir='ltr' id='par_1_17' title="bbox 671 4704 1432 4772">
     <span class='ocr_line' id='line_1_45' title="bbox 671 4704 1432 4772; baseline -0.003 -15"><span class='ocrx_word' id='word_1_383' title='bbox 671 4708 746 4758; x_wconf 78' lang='lat'><strong>2607.</strong></span> <span class='ocrx_word' id='word_1_384' title='bbox 764 4709 806 4770; x_wconf 90' lang='grc'><strong>58.</strong></span> <span class='ocrx_word' id='word_1_385' title='bbox 824 4709 919 4757; x_wconf 74' lang='grc' dir='ltr'>πιστῶν</span> <span class='ocrx_word' id='word_1_386' title='bbox 929 4707 1042 4772; x_wconf 77' lang='lat' dir='ltr'><strong>scripsit</strong></span> <span class='ocrx_word' id='word_1_387' title='bbox 1053 4706 1087 4757; x_wconf 90' lang='lat' dir='ltr'><strong>P.</strong></span> <span class='ocrx_word' id='word_1_388' title='bbox 1098 4705 1130 4759; x_wconf 81' lang='lat' dir='ltr'><strong>S.</strong></span> <span class='ocrx_word' id='word_1_389' title='bbox 1142 4706 1239 4757; x_wconf 73' lang='lat' dir='ltr'><strong>Allan:</strong></span> <span class='ocrx_word' id='word_1_390' title='bbox 1258 4708 1360 4770; x_wconf 78' lang='grc' dir='ltr'>πηστῶν</span> <span class='ocrx_word' id='word_1_391' title='bbox 1367 4704 1432 4756; x_wconf 81' lang='lat' dir='ltr'><strong>MS.</strong></span> 
     </span>
    </p>
   </div>
   <div class='ocr_carea' id='block_1_9' title="bbox 449 4838 1662 5038">
    <p class='ocr_par' dir='ltr' id='par_1_18' title="bbox 449 4838 1662 5038">
     <span class='ocr_line' id='line_1_46' title="bbox 483 4838 1662 4910; baseline -0.014 -19"><span class='ocrx_word' id='word_1_392' title='bbox 483 4842 558 4891; x_wconf 78' lang='lat'><strong>2608.</strong></span> <span class='ocrx_word' id='word_1_393' title='bbox 579 4856 602 4890; x_wconf 91' lang='lat'><strong>1.</strong></span> <span class='ocrx_word' id='word_1_394' title='bbox 621 4841 763 4906; x_wconf 84' lang='lat' dir='ltr'><strong>Amyclas]</strong></span> <span class='ocrx_word' id='word_1_395' title='bbox 777 4841 865 4905; x_wconf 79' lang='lat' dir='ltr'><strong>Adcp.</strong></span> <span class='ocrx_word' id='word_1_396' title='bbox 878 4841 936 4890; x_wconf 84' lang='lat'><strong>801.</strong></span> <span class='ocrx_word' id='word_1_397' title='bbox 1107 4855 1147 4904; x_wconf 84' lang='lat'><strong>14.</strong></span> <span class='ocrx_word' id='word_1_398' title='bbox 1163 4839 1271 4901; x_wconf 86' lang='lat' dir='ltr'><strong>Velius]</strong></span> <span class='ocrx_word' id='word_1_399' title='bbox 1300 4838 1350 4888; x_wconf 84' lang='lat' dir='ltr'><strong>See</strong></span> <span class='ocrx_word' id='word_1_400' title='bbox 1376 4838 1453 4904; x_wconf 85' lang='lat' dir='ltr'><strong>Epp.</strong></span> <span class='ocrx_word' id='word_1_401' title='bbox 1483 4854 1567 4906; x_wconf 82' lang='lat'>²517·</span> <span class='ocrx_word' id='word_1_402' title='bbox 1598 4859 1662 4910; x_wconf 48' lang='lat'>35¹1,</span> 
     </span>
     <span class='ocr_line' id='line_1_47' title="bbox 449 4906 1206 5038; baseline -0.028 -63"><span class='ocrx_word' id='word_1_403' title='bbox 449 4906 624 5038; x_wconf 35' lang='grc' dir='ltr'><strong>Νωῖἒθλέἆςι]</strong></span> <span class='ocrx_word' id='word_1_404' title='bbox 641 4909 733 4958; x_wconf 82' lang='lat' dir='ltr'><strong>Anon.</strong></span> <span class='ocrx_word' id='word_1_405' title='bbox 754 4908 833 4974; x_wconf 84' lang='lat' dir='ltr'><strong>apud</strong></span> <span class='ocrx_word' id='word_1_406' title='bbox 852 4908 939 4959; x_wconf 86' lang='lat' dir='ltr'><strong>Arist.</strong></span> <span class='ocrx_word' id='word_1_407' title='bbox 957 4908 1021 4958; x_wconf 68' lang='lat' dir='ltr'><strong>Est.</strong></span> <span class='ocrx_word' id='word_1_408' title='bbox 1072 4920 1206 4972; x_wconf 82' lang='lat' dir='ltr'><strong>2543·1n·</strong></span> 
     </span>
    </p>
   </div>
   <div class='ocr_carea' id='block_1_10' title="bbox 0 0 2054 5900">
    <p class='ocr_par' dir='ltr' id='par_1_19' title="bbox 0 0 2054 5900">
     <span class='ocr_line' id='line_1_48' title="bbox 0 0 2054 5900; baseline 0 0"><span class='ocrx_word' id='word_1_409' title='bbox 0 0 2054 5900; x_wconf 95' lang='lat' dir='ltr'><strong> </strong></span> 
     </span>
    </p>
   </div>
  </div>
 </body>
</html>
