4042 5900
299 673 394 756 2483]
636 672 692 736 ro
714 672 906 737 invntus
926 672 1162 739 Auuoums
1433 675 1494 735 257

299 834 365 894 tari
377 834 498 912 potius.
542 832 687 894 Rursum
706 833 763 894 vbi
784 834 989 913 contemplor
1008 835 1110 895 istum
1128 835 1275 895 animum
1288 839 1359 894 tam
1373 832 1494 913 simpli·

299 918 381 977 citer
394 917 591 995 pendentem
605 916 647 977 da
660 922 744 977 nutu
759 915 889 990 Christi,
908 923 943 978 at
957 917 1001 978 ad
1015 936 1126 978 omnes
1145 917 1242 979 huius
1256 918 1345 977 vitae
1361 918 1495 978 iniurias

299 1005 463 1079 paratum,
485 1018 551 1061 non
572 1018 704 1079 possum
722 1006 756 1061 te
775 1019 841 1061 non
860 1000 994 1061 beatum
1009 1001 1161 1061 iudicare.
1205 1000 1303 1061 Varia
1316 1005 1395 1061 sunt
1408 1001 1494 1061 enim
1509 1020 1540 1069 15

299 1083 534 1161 martyriorum
544 1102 671 1161 genera,
682 1085 969 1163 necinpostremis
980 1084 1169 1145 habendum
1178 1084 1329 1156 arbitror,
1339 1084 1367 1143 si
1377 1084 1495 1162 quisin

299 1166 483 1227 istiusmodi
505 1165 662 1227 molestiis
681 1168 800 1227 mentis
814 1166 1089 1245 tranquillitatem
1106 1172 1295 1228 constanter
1315 1167 1496 1227 seruauerit

299 1269 402 1328 vsque
416 1249 459 1310 ad
473 1255 658 1310 extremum
670 1248 820 1311 halitum.
857 1248 1030 1311 Grauiores
1040 1252 1204 1311 cruciatus
1214 1250 1362 1311 fortassis
1373 1249 1497 1310 habent

299 1333 411 1405 eculei,
434 1333 491 1393 sed
511 1331 682 1393 breuiores.
726 1332 774 1393 Ac
791 1332 858 1394 fere
881 1332 920 1394 fit
938 1339 979 1394 vt
995 1334 1123 1412 ingenia
1139 1333 1284 1394 feliciora
1304 1333 1496 1413 corpuscula

300 1417 480 1476 sortiantur
508 1415 727 1477 imbecilliora.
772 1415 903 1489 Quanta
926 1417 978 1478 hic
1002 1418 1153 1496 protinus
1177 1416 1403 1495 inaequmtas,
1425 1421 1496 1477 tam
1510 1436 1543 1472 20

300 1501 440 1579 impares
453 1504 589 1560 naturae
603 1498 646 1559 ad
660 1518 755 1578 pares
768 1499 898 1579 adigere
911 1499 1061 1562 labores?
1082 1499 1215 1579 perinde
1229 1501 1323 1578 quasi
1336 1500 1454 1561 bouem
1462 1505 1497 1560 at

300 1602 421 1661 agnum
446 1582 561 1643 eodem
586 1582 726 1643 inclusos
747 1583 823 1661 iugo
844 1583 945 1644 ducas
966 1583 1009 1644 ad
1031 1583 1200 1644 arandum.
1244 1582 1347 1663 Atqui
1365 1588 1498 1662 poterat

300 1685 404 1744 agnus
419 1665 520 1726 alium
535 1666 576 1726 de
590 1685 624 1726 se
638 1666 792 1746 praebere
806 1685 912 1727 vsum.
956 1665 1001 1727 Ilt
1016 1665 1105 1727 haud
1119 1667 1186 1728 scio
1199 1686 1243 1729 an
1257 1668 1394 1746 piscium
1413 1686 1496 1740 esus,

300 1750 429 1821 ieiunia,
445 1748 583 1827 vigiliae,
603 1749 755 1821 solitudo,
772 1755 808 1810 et
826 1750 854 1809 si
874 1748 955 1828 quid
975 1748 1067 1810 aliud
1087 1755 1139 1810 est
1159 1755 1341 1823 externum,
1363 1751 1499 1811 minima

300 1851 376 1912 pars
401 1833 445 1892 sit
467 1832 700 1893 molestiarum.
744 1830 807 1893 Sed
829 1834 864 1892 in
889 1832 1050 1912 plerisque
1072 1833 1222 1912 gregibus
1246 1839 1324 1894 sunt
1346 1832 1497 1912 dilemur,
1511 1852 1544 1901 ²5

300 1914 486 1995 praefracti,
501 1917 630 1988 morosi,
644 1915 779 1994 quidam
793 1917 893 1976 etiam
907 1934 1025 1995 parum
1039 1917 1110 1977 sani
1129 1917 1255 1995 capitis,
1269 1935 1310 1977 ax
1328 1916 1499 1978 leuissimis

300 2001 394 2077 nugis
420 2000 519 2059 mirae
544 2000 726 2059 excitantes
750 1998 944 2078 tragoedias,
970 2019 1012 2060 ex
1035 1999 1132 2060 rebus
1154 1999 1248 2060 nihili
1273 2001 1499 2061 contentiones

301 2081 523 2142 amarulentae
544 2083 763 2161 suscipientes.
806 2082 854 2142 Ac
875 2082 943 2143 fere
962 2082 1001 2143 fit
1021 2090 1069 2155 vt,
1092 2101 1158 2161 quo
1178 2084 1316 2161 quisque
1337 2083 1499 2144 indoctior

301 2165 527 2244 stupidiorqua
546 2171 606 2238 est,
626 2164 688 2226 hoc
709 2166 743 2225 in
764 2165 828 2227 isto
849 2166 938 2227 vitae
955 2167 1111 2227 instituto
1131 2165 1234 2245 pluris
1253 2165 1424 2239 habeatur,
1446 2172 1498 2228 tu·

301 2248 409 2309 midus
423 2247 543 2309 fiducia
557 2249 821 2321 ceremoniarum,
835 2254 871 2310 at
884 2249 981 2310 alieni
995 2249 1129 2329 spiritus
1148 2251 1278 2328 iniquus
1297 2250 1498 2310 aestimator.
1512 2267 1546 2317 30

302 2331 392 2392 Haec
408 2331 491 2392 farre
506 2333 677 2411 patienter,
693 2350 767 2392 cum
782 2332 832 2393 his
847 2333 933 2393 tueri
947 2352 1060 2413 paoem
1074 2339 1110 2394 et
1123 2332 1399 2411 tranquillitatem
1410 2352 1498 2393 men·

302 2416 355 2486 tis,
371 2414 515 2476 arbitror
529 2416 674 2475 omnium
688 2434 757 2476 esse
771 2415 994 2477 difficilimum.

345 2497 416 2559 Risi
437 2517 541 2577 nuper
562 2498 731 2559 cuiusdam
753 2499 847 2559 istius
868 2499 990 2560 ordinis
1012 2498 1187 2579 querelam,
1207 2499 1264 2577 qui
1283 2498 1447 2560 scribebat
1465 2518 1500 2560 sa

302 2581 374 2642 dira
387 2583 515 2661 perpeti
529 2580 571 2641 ob
586 2581 793 2660 quorundam
811 2581 952 2643 fratrum
971 2582 1138 2643 inuidiam.
1182 2581 1406 2661 Expectabam
1428 2602 1499 2661 gra·

303 2684 377 2725 uem
395 2664 482 2725 illius
496 2664 638 2725 inuidiae
653 2684 794 2726 causam.
828 2664 914 2738 Quid
928 2671 965 2727 tu
981 2671 1159 2745 expectas?
1191 2664 1297 2726 Causa
1314 2672 1395 2738 erat,
1411 2666 1499 2744 quod
1513 2681 1546 2734 35

303 2750 338 2808 in
355 2749 487 2808 sinistro
504 2748 603 2809 choro
616 2749 758 2828 primum
778 2747 914 2809 haberet
933 2749 1051 2822 locum,
1070 2748 1158 2827 quod
1176 2747 1308 2809 honoris
1324 2749 1422 2810 multi
1438 2748 1501 2809 sibi

304 2830 732 2976 pogiusdebpricredepant.
769 2831 931 2977 Fortaspis
945 2833 1058 2976 inm}
1069 2831 1221 2976 slodpllitio
1232 2832 1315 2928 tales
1325 2850 1391 2976 nton
1402 2837 1500 2905 sunt;

304 2934 338 2975 sc
376 2934 402 2976 s1
416 2934 477 2975 sun
498 2933 623 2993 ‚quum
654 2933 746 2995 uper
760 2933 869 2976 omma
904 2934 1013 2977 uearrs
1057 2934 1078 2976 u
1092 2934 1128 2977 ca
1152 2934 1239 2977 mem
1261 2934 1340 2995 spm
1356 2933 1404 2989 us,
1425 2934 1500 2977 con·

304 2998 370 3058 fido
395 3005 429 3058 te
454 2999 539 3059 inter
563 2998 678 3060 beatos
701 3005 863 3078 martyres
891 3018 958 3060 non
985 2999 1134 3060 infimum
1163 2999 1271 3060 locum
1299 2998 1500 3060 habiturum.

305 3081 447 3142 Mundus
461 3081 653 3143 iamdudum
667 3081 801 3155 abortit,
816 3082 949 3162 quando
963 3083 1006 3143 sit
1027 3082 1161 3143 vitalem
1181 3088 1314 3162 partum
1333 3082 1502 3143 aediturus
1514 3101 1548 3151 40

304 3165 421 3225 nescio.
476 3165 644 3226 Hactenus
672 3165 752 3226 mihi
780 3184 897 3245 parum
925 3166 1072 3227 arrident
1099 3167 1273 3246 prooemia.
1325 3163 1389 3227 Sed
1416 3166 1502 3226 viuit

304 3247 462 3320 Christus,
483 3267 602 3309 arcano
625 3267 684 3310 suo
706 3248 840 3310 consilio
863 3268 975 3310 scenas
1003 3269 1111 3311 rerum
1135 3249 1353 3311 humanamm
1379 3255 1500 3328 tempe·
1536 3271 1540 3277 ·

305 3351 390 3393 rans.
434 3329 586 3392 Ceterum
608 3333 798 3411 priusquam
819 3333 894 3393 huic
916 3331 1048 3394 fabulae
1071 3333 1304 3412 catastrophen
1325 3331 1429 3393 addat
1448 3332 1502 3393 illa

305 3415 474 3494 choragus,
492 3413 573 3474 mihi
594 3415 682 3477 vitae
704 3415 888 3495 peragenda
904 3421 956 3476 est
973 3415 1096 3489 fabula,
1117 3416 1199 3477 adeo
1220 3415 1419 3477 domicilium
1440 3415 1502 3476 hoc

305 3499 406 3559 animi
425 3498 552 3558 ruinam
570 3498 753 3571 minitatur,
776 3518 842 3560 non
863 3499 996 3578 perinde
1018 3498 1061 3560 ob
1079 3500 1204 3560 senium
1223 3518 1262 3559 ac
1279 3498 1502 3560 valetudinem
1515 3517 1548 3569 45

306 3601 405 3660 quam
415 3580 457 3641 ob
467 3580 578 3641 taedia
586 3581 914 3643 virulentissimarum
922 3583 1222 3662 sycophantiamm,
1232 3581 1352 3661 quibus
1362 3583 1503 3662 impetor

305 3664 349 3725 ab
361 3670 501 3742 vtraque
510 3670 621 3743 parte:
641 3684 780 3745 quarum
791 3665 896 3727 altera
904 3665 1027 3727 multos
1036 3665 1137 3726 habet
1148 3685 1209 3746 pro
1222 3664 1398 3727 Catholicis
1412 3684 1502 3726 caco·

305 3749 405 3826 lycos,
421 3747 526 3808 altera
540 3766 600 3826 pro
613 3748 807 3827 euangelicis
817 3748 1030 3828 dysangelos3
1048 3767 1162 3828 precor
1172 3755 1211 3810 vt
1225 3749 1377 3810 dominus
1391 3767 1504 3810 omncs

306 3831 445 3909 refingat
459 3831 493 3891 in
507 3850 599 3891 suam
614 3831 759 3910 gloriam.

349 3914 466 3974 Aestas
487 3915 633 3993 superior
653 3919 728 3975 tota
748 3914 815 3976 fem
835 3915 930 3976 nobis
949 3914 1015 3976 fuit
1029 3915 1156 3988 sterilis,
1171 3916 1251 3976 dum
1265 3934 1341 3976 cum
1355 3915 1422 3975 alui
1437 3921 1502 3976 tor-
1516 3934 1550 3984 5ο

307 3997 459 4069 minibus,
474 4016 551 4058 mox
566 4017 642 4059 cum
656 3998 727 4060 diro
738 3998 902 4060 luctamur
912 4003 1126 4079 apostemate.
1164 3998 1328 4078 Hybemis
1339 3997 1505 4059 mensibus

308 4080 456 4140 dedimus
471 4080 570 4141 libros
583 4081 899 4161 apophthegmatum
915 4102 981 4155 sex,
996 4088 1032 4143 et
1045 4083 1348 4144 commentariolum
1362 4083 1397 4142 in
1415 4080 1503 4142 Psal-

308 4183 398 4224 mum
428 4164 540 4223 xxxiii.
583 4164 636 4225 Ad
665 4184 748 4243 opus
775 4164 816 4225 de
844 4166 971 4227 ratione
999 4165 1213 4227 concionandi
1240 4166 1348 4226 noluit
1376 4165 1505 4225 animus

308 4246 509 4319 incalescere,
524 4247 710 4326 frequenter
723 4268 744 4309 a
758 4267 810 4309 me
824 4248 1027 4310 sollicitatus.
1065 4249 1224 4310 Dominus
1238 4248 1400 4309 exhilaret
1413 4248 1503 4327 spiri·

310 4337 382 4390 tum
396 4335 501 4402 tuum,
516 4330 620 4392 frater
633 4338 668 4393 et
682 4333 785 4393 amice
799 4332 834 4392 in
847 4332 980 4394 domino
999 4331 1195 4393 charissime.
1238 4330 1374 4393 Caetera
1388 4349 1503 4410 cogno·
1517 4350 1549 4400 55

309 4432 377 4473 sces
391 4432 432 4473 ex
447 4412 562 4474 Carolo
577 4414 762 4476 Vtenhouio
776 4417 941 4476 communi
954 4417 1069 4476 amico.

351 4495 450 4576 Apud
464 4496 659 4577 Friburgum
673 4498 838 4578 Brisgoiae
853 4497 902 4559 Id.
918 4498 1021 4578 April.
1037 4515 1208 4561 uxama

679 4620 720 4672 57.
739 4607 847 4659 Datum
858 4615 922 4659 onte
932 4607 1011 4674 apud
1022 4608 1086 4659 odd.
1099 4607 1136 4658 N.

317 4701 325 4704 γ
352 4701 363 4704 ⁴
392 4701 443 4801 ⁷5qu
460 4700 605 4804 {ybernie
618 4776 623 4787 .
639 4777 644 4788 .
660 4777 666 4790 .
679 4752 721 4806 54.
739 4740 918 4804 sollicitatus]
930 4741 972 4792 cl.
985 4741 1061 4807 Epp.
1074 4754 1149 4805 2442.
1162 4755 1237 4806 4-14,
1250 4752 1325 4806 ²473·
1337 4750 1413 4804 44-5.
