4042 5900
386 678 481 756 2379]
722 675 777 740 ΤΟ
798 675 1043 740 GERMANUS
1064 675 1252 740 BRIXIUS
1543 678 1584 738 35

385 836 444 915 qui
472 836 517 897 ob
541 834 713 897 Budaeum
742 842 778 898 et
805 836 947 897 Badium
970 836 1085 898 eadem
1114 836 1231 898 charta
1258 836 1446 899 nominatos
1471 842 1584 898 tantas

386 919 578 980 excitarunt
605 919 732 993 turbas,
761 925 800 981 vt
829 920 898 981 eius
921 939 998 981 vere
1026 925 1156 980 πανικοῦ
1180 918 1311 997 θορύβου
1335 939 1456 993 rumor,
1479 919 1585 981 veluti
1599 934 1647 984 180

388 1002 609 1064 tinnientibus
629 1002 816 1064 Dodonaeis
838 1002 1012 1075 lebetibus,
1028 1022 1087 1083 per
1104 1010 1269 1082 vtranque
1290 1001 1510 1076 Germaniam,
1525 1022 1584 1082 per

389 1086 615 1159 Brabantiam,
638 1104 697 1165 per
718 1086 862 1159 Italiam,
886 1086 1027 1166 denique
1057 1088 1092 1147 in
1120 1087 1225 1166 ipsam
1251 1087 1372 1165 regiam
1396 1087 1583 1148 dimanarit.

388 1168 520 1230 Scilicet
534 1169 596 1230 hoc
611 1175 683 1230 erat
697 1171 786 1249 regia
800 1170 986 1249 cognitione
1000 1170 1145 1250 dignum,
1161 1169 1333 1231 Budaeum
1342 1189 1411 1230 esse
1426 1170 1584 1231 collatum

388 1272 465 1313 cum
480 1251 594 1313 Badio.
637 1252 763 1314 Passim
779 1252 967 1314 volitabant
981 1253 1057 1314 illae
1072 1254 1268 1315 vanissimae
1286 1272 1392 1326 voces,
1408 1253 1585 1315 ‘Erasmus

389 1336 518 1397 inuidet
531 1335 694 1409 Budaeo’,
710 1336 886 1397 ‘Erasmus
901 1337 1007 1398 voluit
1023 1336 1134 1397 vlcisci
1148 1336 1320 1397 Budaeum
1331 1337 1349 1396 ⁹.
1392 1336 1495 1397 Natio
1508 1334 1583 1398 Gal·
1600 1351 1647 1413 185

389 1419 497 1480 lorum
519 1419 619 1500 vulgo
638 1420 703 1480 iam
724 1419 802 1481 olim
819 1419 905 1482 male
927 1419 1031 1493 audit,
1046 1421 1191 1500 stuporis
1212 1439 1250 1481 ac
1267 1419 1414 1481 leuitatis
1434 1421 1584 1481 nomine:

389 1521 490 1582 quam
504 1504 693 1583 opinionem
707 1522 835 1582 semper
849 1509 986 1564 conatus
1001 1523 1074 1564 sum
1089 1503 1246 1576 refellere,
1265 1522 1332 1564 non
1348 1502 1390 1564 ob
1412 1502 1505 1564 aliud
1523 1504 1586 1564 nisi

389 1585 480 1665 quod
494 1604 568 1646 eam
582 1605 643 1666 pro
656 1585 831 1648 falsissima
849 1587 1012 1648 ducerem.
1056 1586 1178 1647 Verum
1198 1585 1267 1647 fore
1287 1593 1327 1647 vt
1344 1586 1387 1647 ob
1406 1605 1475 1646 rem
1492 1586 1587 1647 nihili

389 1670 477 1731 inter
491 1670 580 1729 viros
599 1669 746 1731 eruditos
765 1675 835 1732 tam
854 1670 1027 1731 inhumani
1042 1669 1208 1731 tumultus
1225 1671 1397 1743 orirentur,
1413 1688 1454 1730 ne
1468 1668 1587 1731 Catoni

390 1751 524 1831 quidem
543 1771 634 1813 eram
651 1752 845 1815 crediturus.
890 1751 985 1825 Quod
1006 1753 1142 1814 tandem
1165 1752 1248 1814 illud
1269 1752 1456 1831 exemplum
1476 1759 1537 1825 est,
1552 1754 1586 1813 in
1602 1781 1650 1828 190

390 1835 518 1897 Budaei
539 1835 663 1897 scilicet
687 1837 837 1914 gratiam,
860 1836 1051 1897 scurrilibus
1076 1837 1333 1916 epigrammatiis
1365 1838 1434 1897 eius
1463 1835 1586 1897 famam

390 1921 558 1991 incessere,
569 1920 626 1997 qui
640 1917 810 1980 Budaeum
826 1925 879 1981 tot
894 1920 985 1980 libris
999 1919 1117 1980 aeditis
1131 1921 1355 1980 amantissime
1369 1919 1466 1980 simul
1481 1926 1516 1981 et
1530 1919 1587 1981 ho·

390 2001 673 2063 notificentissime
694 2003 915 2082 praedicasset
937 2009 973 2064 et
996 2002 1225 2082 praedicaret?
1254 2002 1316 2063 Hic
1340 2003 1420 2063 mihi
1442 2002 1588 2082 prodibit

390 2084 588 2165 elephantus
602 2085 737 2148 Indicus
752 2086 810 2165 qui
823 2086 959 2165 negligit
973 2086 1101 2147 culices.
1134 2085 1223 2146 Atei
1238 2086 1300 2147 tibi
1309 2085 1473 2164 proferam
1488 2088 1586 2146 versi·

390 2168 565 2230 ficatcrum
580 2170 724 2241 nomina,
740 2169 868 2231 nollent
882 2168 930 2230 illi
945 2189 1005 2249 pro
1020 2169 1179 2231 culicibus
1193 2169 1315 2230 haberi.
1604 2197 1651 2247 195

433 2249 499 2313 Sed
512 2252 717 2313 condonetur
735 2253 898 2332 gregariis,
913 2254 941 2313 si
962 2253 1042 2332 quid
1063 2254 1097 2313 in
1118 2252 1251 2331 publico
1274 2252 1422 2313 tumultu
1444 2252 1587 2331 delique·

391 2341 481 2396 runt.
518 2334 581 2396 Vbi
602 2341 676 2396 tum
697 2335 906 2397 dormiebant
924 2336 1045 2414 γνήσιοι
1059 2336 1186 2397 Budaei
1205 2337 1310 2409 amici,
1326 2337 1384 2415 qui
1405 2335 1589 2397 inconditos

391 2419 515 2480 leuium
539 2418 811 2481 homunculorum
833 2426 944 2480 motus
965 2424 1231 2498 compescerent?
1263 2438 1341 2480 nam
1362 2420 1502 2480 fortasse
1524 2420 1588 2480 Bu-

391 2501 495 2562 daeus
508 2501 715 2582 grauioribus
731 2503 873 2581 negociis
894 2504 1044 2564 intentus
1065 2502 1146 2563 nihil
1168 2503 1285 2564 horum
1307 2503 1414 2563 sciuit.
1457 2502 1589 2581 Alioqui

391 2586 420 2645 si
442 2584 523 2646 haec
544 2586 642 2646 sciuit
664 2606 724 2647 nec
750 2586 898 2648 cohibuit
924 2586 1088 2657 Budaeus,
1112 2605 1178 2665 quo
1202 2586 1311 2647 colore
1335 2585 1479 2647 tueberis
1502 2586 1590 2647 illius
1603 2614 1653 2649 200

391 2668 568 2729 candorem
583 2675 618 2729 et
633 2668 842 2747 probitatem,
858 2671 916 2748 qui
929 2689 1046 2749 passus
1061 2671 1105 2731 sit
1123 2669 1185 2730 hoc
1200 2668 1270 2730 fieri
1284 2670 1318 2729 in
1333 2671 1485 2741 amicum,
1501 2668 1590 2748 quod

392 2771 454 2832 ego
468 2770 535 2813 non
550 2771 623 2812 sum
638 2771 754 2832 passus
768 2752 838 2813 fieri
852 2753 886 2813 in
901 2753 1003 2814 Ieum
1016 2753 1167 2814 hostem?
1189 2752 1296 2826 Quum
1306 2753 1393 2813 enim
1402 2752 1541 2814 Iouanii
1552 2759 1590 2814 vt

391 2854 497 2915 quum
521 2836 663 2897 maxime
685 2835 829 2898 ferueret
853 2836 1033 2915 tragoedia,
1054 2854 1173 2914 meque
1197 2836 1333 2897 absente
1357 2837 1422 2896 mei
1444 2835 1590 2897 fautores

393 2917 523 2980 schedis
551 2937 589 2980 ac
618 2917 768 2981 ludibriis
797 2920 831 2980 in
860 2919 954 2981 illum
983 2919 1192 2992 insultarent,
1214 2918 1411 2981 denunciaui
1440 2919 1592 2981 omnibus

392 3003 609 3076 inimicitiam,
633 3004 660 3063 si
688 3010 860 3083 pergerent
890 3023 942 3064 me
970 3003 1094 3064 talibus
1116 3004 1249 3083 ineptiis
1273 3003 1417 3064 inuidiae
1442 3003 1590 3075 obiicere,
1605 3030 1653 3080 205

393 3104 567 3165 meamque
582 3086 754 3147 victoriam
768 3086 983 3148 illiberalibus
998 3086 1095 3148 factis
1109 3086 1293 3149 obscurare.
1316 3086 1401 3147 Eam
1416 3087 1590 3166 epistolam

393 3169 475 3230 iussi
497 3187 556 3248 per
580 3169 730 3231 Viuetem
755 3189 774 3231 9
802 3170 960 3232 cathedra
988 3171 1120 3231 recitari
1147 3170 1336 3249 publicitus.
1381 3170 1454 3231 Hoc
1482 3189 1591 3231 meum

392 3253 521 3313 factum
536 3252 670 3331 quidam
685 3253 817 3333 indigue
831 3253 974 3315 ferentes
989 3259 1193 3314 recesserunt
1204 3253 1246 3314 ab
1262 3254 1415 3314 amicitia.
1436 3253 1593 3314 Similiter

393 3355 498 3415 quum
526 3334 682 3397 Germani
709 3337 824 3416 ingens
852 3337 1068 3416 epistolarum
1097 3336 1253 3397 volumen
1278 3338 1444 3398 misissent
1473 3336 1592 3415 quibus

393 3419 667 3500 proscindebatur
688 3419 782 3493 leus,
798 3421 856 3481 vix
875 3440 942 3482 vna
963 3419 1111 3481 alteraue
1132 3419 1219 3481 lecta
1234 3420 1384 3499 epistola,
1400 3419 1592 3481 fasciculum
1606 3447 1655 3484 210

393 3502 489 3565 More
503 3502 626 3563 tradidi
639 3503 863 3582 premendum.
886 3503 991 3565 Nemo
1005 3502 1173 3565 nesciebat
1183 3503 1262 3581 quid
1271 3510 1450 3565 mereretur
1463 3522 1591 3565 amaru·

393 3585 498 3647 lentis
512 3585 570 3646 lei
581 3607 588 3658 ;
610 3586 668 3647 sed
683 3587 751 3666 ipsc
762 3587 865 3648 malui
876 3588 1038 3648 rationem
1048 3586 1168 3647 habere
1179 3586 1259 3665 quid
1270 3586 1400 3648 deceret
1408 3587 1591 3647 Erasmum.

393 3668 436 3730 Id
458 3669 526 3728 siue
548 3667 609 3729 hoc
631 3670 834 3744 animosam,
857 3670 946 3749 quod
967 3670 1090 3731 nollem
1111 3671 1256 3731 externis
1277 3671 1328 3730 vti
1349 3670 1475 3731 viribus
1495 3690 1536 3731 ne
1558 3672 1593 3730 in

393 3752 525 3813 hostem
545 3751 687 3830 quidem,
703 3751 847 3815 ciuilitas
861 3760 954 3826 erat;
977 3755 1047 3814 siue
1068 3773 1109 3814 ne
1128 3753 1333 3832 petulantiae
1350 3753 1537 3833 exemplum
1558 3755 1593 3814 in

395 3854 507 3896 meum
522 3834 682 3896 recideret
696 3842 807 3916 caput,
822 3838 1018 3916 prudentiae
1033 3842 1114 3898 erat.
1161 3836 1224 3898 Hic
1239 3841 1353 3916 specta
1367 3843 1494 3915 quanto
1508 3837 1593 3898 alius
1607 3862 1656 3912 215

396 3918 517 3980 fuerim
531 3919 566 3979 in
580 3917 753 3980 Budaeum
768 3938 869 3998 quam
891 3921 926 3981 in
940 3939 992 3982 me
1007 3921 1111 3981 leus:
1133 3926 1169 3980 et
1183 3925 1296 3982 tamen
1311 3919 1400 3998 quod
1414 3921 1448 3980 in
1464 3920 1594 3981 hostem

393 4001 579 4083 professum
598 4001 669 4062 fieri
688 4021 805 4082 passus
825 4023 892 4065 non
910 4023 993 4076 sum,
1008 4003 1071 4066 hoc
1092 4004 1189 4066 amici
1214 4003 1352 4064 Budaici
1372 4010 1537 4082 putarunt
1557 4005 1593 4064 in

397 4104 450 4146 me
464 4084 663 4146 faciendum.
707 4086 837 4148 Rursus
853 4086 910 4147 vbi
925 4088 1094 4166 tragoedia
1110 4105 1177 4148 non
1192 4087 1274 4148 leuis
1289 4093 1406 4147 exorta
1419 4088 1537 4148 fuisset
1558 4089 1592 4148 in

397 4168 581 4230 Martinum
601 4169 771 4249 Dorpium,
786 4171 821 4231 in
841 4189 939 4249 quem
961 4171 1184 4250 Hieronymus
1203 4169 1371 4230 Buslidius
1392 4190 1430 4230 ac
1450 4170 1594 4232 Thomas

566 4300 622 4349 197·
641 4285 851 4338 indormiebent
862 4287 899 4338 N.
974 4303 1032 4352 213.
1050 4288 1176 4338 externis
1188 4287 1231 4337 N:
1249 4288 1383 4338 extremis
1394 4287 1425 4338 J.

430 4423 488 4474 181.
506 4421 678 4483 Dodonaeis]
690 4423 741 4475 See
753 4423 970 4489 up.1o3o.14n.
1056 4435 1112 4484 207.
1131 4421 1335 4486 perViuetem]
1348 4421 1386 4472 Ol
1399 4422 1457 4472 this
1468 4420 1595 4472 incident

430 4489 540 4551 189-90.
569 4505 605 4540 119
633 4488 735 4541 Catoni
762 4489 889 4555 quidem]
921 4489 972 4539 See
1022 4489 1102 4539 there
1113 4503 1235 4553 appears
1246 4495 1278 4538 to
1289 4489 1325 4538 be
1336 4504 1373 4538 119
1384 4489 1467 4540 other
1477 4493 1563 4538 11999.

394 4560 484 4621 Adae.
497 4559 572 4622 3461.
1057 4569 1114 4614 209.
1132 4555 1276 4616 Gennani]
1289 4554 1340 4604 See
1352 4555 1406 4620 Ep.
1418 4556 1478 4615 998.
1490 4558 1553 4605 oen.

431 4638 489 4688 191.
508 4622 807 4690 epigrammatiis1800
824 4622 879 4688 up.
895 4635 969 4684 2027.
1056 4635 1113 4670 211.
1131 4620 1221 4683 Mero]
1236 4620 1363 4687 Perhaps
1380 4623 1410 4671 in
1428 4622 1500 4686 Aug.
1521 4633 1594 4682 1520,

395 4697 458 4744 2611,
1022 4688 1103 4738 when
1110 4687 1594 4753 Erasmuswaswritingtossngland

429 4773 489 4823 203.
499 4755 971 4819 absente]Erasmusmadeseveral
1021 4755 1111 4805 about
1122 4755 1193 4812 Lee;
1211 4756 1247 4805 cf.
1260 4754 1314 4820 Ep.
1330 4767 1507 4816 111915-91.

394 4826 712 4890 visitatcAntwerpin
725 4838 797 4885 1519.
1056 4835 1114 4881 219.
1132 4821 1287 4883 Buslidius]
1322 4821 1398 4871 Ptol.
1432 4821 1468 4870 de
1502 4820 1595 4873 Vocht

429 4908 489 4958 204.
507 4892 618 4942 schedis
637 4907 670 4943 ac
687 4890 827 4951 ludibriis]
844 4888 895 4940 See
915 4889 969 4954 Ep.
1022 4887 1121 4951 kindly
1137 4888 1255 4937 informs
1271 4903 1317 4937 me
1334 4887 1403 4937 'that
1419 4887 1500 4937 there
1516 4888 1541 4938 is
1557 4904 1595 4940 119

398 4964 473 5011 1961.
486 4971 565 5022 59511.
1021 4955 1091 5004 such
1108 4954 1193 5004 letter
1208 4960 1240 5005 19
1257 4954 1336 5018 Dorp
1353 4954 1383 5003 in
1400 4953 1450 5004 the
1467 4954 1595 5005 Brussels

431 5030 490 5078 206.
509 5025 670 5092 epistolem]
683 5024 742 5076 Not
753 5027 864 5075 extant.
1021 5021 1079 5072 MS.
1098 5023 1229 5085 15676-7:
1247 5020 1595 5086 lorwhichseeEp.244⁸.
