4042 5900
445 652 508 713 402
772 649 971 714 LETTERS
991 650 1048 714 OF
1067 650 1286 717 ERASMUS
1574 659 1634 736 [159

445 810 580 884 iudicat,
590 812 617 871 si
626 811 961 891 opumacdignitatis,
971 811 1091 891 quibus
1099 811 1186 873 inter
1194 811 1396 878 Polonicae
1404 817 1636 897 geutisprocaa

447 895 657 974 praecipuum
672 901 764 956 tenet
777 893 894 968 locum,
906 914 962 955 eos
973 896 1141 975 parauerit
1149 894 1328 972 haeredes,
1339 900 1417 961 nisi
1428 903 1561 963 etruria
1569 902 1636 962 mhi

446 977 539 1038 bonis
551 984 623 1039 tum
638 977 817 1057 locupletes
827 978 1016 1052 reddiderit,
1028 983 1101 1039 tum
1112 978 1294 1057 expolitos.
1343 981 1428 1045 Nec
1440 985 1530 1046 enim
1543 984 1588 1045 ille
1598 984 1637 1044 ali

446 1061 579 1121 videtur
601 1063 746 1140 parentis
768 1081 886 1122 munus
909 1060 953 1122 ad
969 1060 1103 1141 plenum
1126 1060 1258 1136 obiisse,
1284 1065 1357 1126 nisi
1385 1068 1638 1146 quemadmodm

399 1166 432 1214 35
445 1146 557 1223 genuit
571 1163 716 1224 corpora,
732 1145 781 1205 ita
792 1144 896 1222 lingat
906 1149 941 1205 et
951 1145 1087 1217 animos,
1099 1144 1188 1206 haud
1197 1146 1354 1225 ignauis,
1370 1148 1471 1212 hanc
1482 1151 1638 1213 esoemelic

445 1246 514 1288 rem
528 1227 667 1288 hominis
678 1234 816 1306 partem,
832 1227 915 1288 hanc
930 1247 1000 1288 esse
1014 1228 1221 1308 praecipuam
1236 1228 1402 1293 hominis
1418 1237 1639 1313 possesdm

445 1310 502 1371 Vir
523 1312 608 1371 enim
631 1312 704 1391 pius
725 1330 791 1372 non
813 1317 883 1372 tam
905 1310 966 1371 sibi
988 1330 1048 1371 vos
1067 1310 1195 1384 educat,
1214 1331 1324 1391 quam
1343 1313 1498 1379 Christo
1519 1326 1552 1380 at
1572 1317 1639 1397 Pap

444 1392 539 1467 Quod
553 1413 612 1455 vos
629 1395 751 1473 genuit,
771 1400 910 1455 naturae
929 1400 998 1455 est:
1021 1394 1110 1473 quod
1124 1413 1183 1455 vos
1196 1402 1299 1457 curat
1317 1400 1453 1462 statim
1469 1421 1490 1463 e
1504 1403 1640 1463 nutriam

444 1478 516 1537 sinu
537 1497 690 1557 egressos,
713 1477 947 1538 honestissimis
964 1476 1141 1557 disciplinis
1162 1476 1382 1554 imbuendos,
1409 1503 1520 1547 verae
1538 1486 1641 1566 pictatis

397 1583 431 1633 40
443 1566 511 1621 est:
534 1560 726 1639 prudentiae
748 1580 826 1622 vero
846 1561 935 1639 quod
952 1560 996 1621 ad
1015 1560 1096 1621 haec
1115 1560 1311 1623 Anselmum
1336 1564 1564 1645 Ephorinum
1580 1569 1640 1630 dela

442 1644 536 1722 gerit,
562 1645 668 1704 virum
693 1645 890 1723 integritate,
911 1643 1097 1723 prudentia,
1119 1642 1192 1716 fide,
1214 1644 1391 1722 doctrina,
1423 1652 1641 1732 vigilantiaque

443 1745 516 1786 cum
531 1728 644 1806 primis
659 1733 844 1806 spectatum
859 1733 894 1787 et
908 1727 1126 1807 exploratum.
1166 1726 1238 1800 Quo
1251 1729 1429 1794 nimirum
1446 1737 1561 1797 acrius
1572 1735 1641 1797 vobi

442 1811 631 1871 enitendum
652 1818 703 1871 est
723 1830 773 1884 ne,
796 1830 897 1888 quum
917 1811 1028 1872 omnia
1046 1810 1090 1871 ad
1112 1810 1308 1873 felicitatem
1334 1818 1572 1897 suppeditata
1586 1821 1642 1891 sint

442 1894 504 1972 ipsi
521 1893 615 1954 vobis
632 1895 709 1972 ipsis
728 1893 868 1955 defuisse
886 1893 1071 1955 videamini.
1115 1894 1234 1973 Magne
1253 1894 1296 1956 de
1314 1898 1435 1973 vobis,
1453 1902 1501 1964 de
1521 1911 1556 1965 te
1574 1922 1642 1984 prae·

395 1999 428 2049 45
442 1978 564 2050 sertim,
593 1977 733 2037 Ioannes
761 1977 896 2050 Bonere,
925 1978 1113 2056 expectatio
1145 1983 1206 2038 est.
1264 1977 1469 2045 Declarant
1504 1985 1567 2048 hoc
1592 1993 1642 2047 uu

441 2060 566 2121 multae
585 2061 767 2140 principum
786 2061 930 2121 virorum
951 2059 994 2120 ad
1015 2078 1068 2121 me
1089 2059 1212 2133 literae,
1235 2062 1365 2139 quibus
1389 2067 1553 2131 indolem
1571 2077 1644 2131 tum

440 2143 520 2203 mihi
534 2143 706 2221 diligenter
719 2143 967 2204 commendant:
990 2144 1024 2204 in
1044 2144 1156 2223 primis
1173 2142 1436 2223 prudentissimi
1459 2156 1552 2232 regis
1568 2153 1643 2233 Sigia

440 2226 564 2299 muudi,
587 2226 662 2287 dein
684 2227 964 2288 ornatissimorum
984 2226 1170 2306 praesulum
1194 2225 1434 2293 Cracouiensis
1461 2242 1502 2297 et
1529 2236 1644 2298 Plocco·

440 2310 493 2382 sis,
515 2309 684 2370 clarissimi
705 2310 767 2369 viri
791 2309 1016 2389 christophori
1039 2329 1060 2370 a
1084 2308 1333 2389 Schydlouuitz,
1355 2311 1552 2381 Sarmatici
1572 2321 1645 2400 regni

393 2416 428 2465 50
440 2392 619 2454 Praefecti:
643 2412 682 2453 ue
697 2394 762 2454 iam
782 2412 1032 2454 commemorem
1045 2392 1247 2454 Antoninum
1264 2395 1456 2474 medicum,
1474 2409 1514 2464 et
1530 2403 1645 2466 Iustum

440 2475 539 2555 Regis
564 2496 584 2536 a
609 2477 750 2548 secretis,
777 2477 937 2555 dignitate
962 2475 1095 2555 quidem
1120 2476 1296 2550 inferiores,
1319 2480 1385 2541 sed
1412 2482 1644 2549 beneuolenn'n

439 2579 543 2639 pares.
585 2559 780 2638 Intelligunt
794 2561 880 2620 enim
896 2579 994 2638 regna
1008 2560 1106 2621 nullis
1121 2561 1321 2621 ornamentis
1341 2564 1476 2629 melius
1497 2570 1644 2642 decorari,

439 2662 538 2721 quam
553 2643 632 2703 viris
646 2643 827 2704 eruditione
842 2643 1082 2722 prudentiaque
1097 2642 1385 2723 praecellentibus.
1424 2649 1536 2715 Hanc
1552 2655 1646 2716 laudis

438 2733 566 2805 partem
588 2745 653 2787 nou
675 2727 783 2786 minus
804 2725 909 2786 ambit
930 2746 986 2787 rex
1009 2726 1107 2788 huius
1128 2727 1202 2787 aeui
1223 2746 1334 2805 regum
1361 2732 1646 2809 prudentissimus

392 2832 424 2882 55
438 2829 537 2888 quam
556 2815 608 2871 tot
627 2829 668 2870 ex
686 2809 837 2870 hostibus
858 2810 1003 2870 victoriis
1021 2809 1213 2871 delectatur.
1257 2810 1303 2871 Et
1319 2810 1501 2880 hactenus
1520 2822 1645 2900 quidem

437 2899 491 2954 sat
517 2892 655 2954 feliciter
684 2893 801 2954 studiis
828 2892 969 2955 effloruit
997 2900 1108 2955 vestra
1136 2891 1308 2967 Sarmatia,
1334 2901 1374 2957 et
1405 2900 1435 2960 si
1469 2906 1561 2982 quid
1584 2912 1646 2969 ent

436 2978 569 3037 natiuae
588 2977 737 3048 feritatis,
753 2978 945 3038 commercio
964 2975 1133 3037 literarum
1150 2978 1251 3038 exuit.
1295 2976 1360 3039 Sed
1385 2980 1484 3046 bona
1507 3007 1587 3069 spes
1604 2996 1646 3052 est

436 3059 515 3133 fore,
537 3067 575 3121 vt
595 3060 655 3121 hoc
673 3066 939 3121 ornamentorum
958 3079 1073 3138 genere
1093 3080 1166 3121 cum
1185 3059 1333 3138 qualibet
1351 3067 1502 3144 regione
1526 3081 1646 3135 certare

436 3143 555 3216 valeat,
579 3145 769 3223 praesertim
794 3142 897 3204 ductu
920 3144 1136 3222 auspiciisque
1161 3142 1358 3222 Sigismundi
1383 3152 1479 3229 regis
1504 3156 1646 3230 iunioris,

389 3239 423 3286 60
436 3228 492 3304 qui
510 3233 639 3306 praeter
655 3226 735 3287 alias
753 3229 894 3287 virtutes
911 3226 1084 3287 excellenti
1099 3227 1247 3306 Principe
1266 3227 1383 3306 dignas
1403 3237 1556 3313 optimis
1575 3261 1646 3321 quo.

436 3329 499 3388 que
514 3310 616 3370 literis
631 3329 700 3370 sese
714 3329 813 3389 regno
828 3316 934 3389 parat.

477 3393 597 3454 Verum
609 3393 806 3454 exhortandi
816 3394 932 3472 gratia,
947 3393 1095 3453 nonnihil
1109 3399 1144 3454 et
1155 3399 1253 3455 antea
1262 3395 1461 3475 scripsimus
1474 3405 1556 3478 tibi,
1569 3415 1605 3469 et
1618 3410 1647 3470 in

435 3478 747 3555 posterum,quoties
757 3476 891 3537 dabitur
900 3478 1194 3556 occasio,scripturi
1203 3497 1323 3538 sumus.
1348 3478 1648 3565 Nuncquocaloer

435 3559 568 3638 aliquod
579 3560 748 3632 addamus,
759 3561 902 3620 currenti
911 3560 997 3631 licet,
1009 3560 1153 3620 Terentii
1163 3558 1353 3622 Comoedias
1365 3561 1535 3632 Bonerici
1547 3578 1646 3637 nomi·

388 3657 421 3715 65
434 3643 484 3702 nis
496 3645 639 3722 auspicio
651 3643 779 3722 prodire
791 3642 964 3716 voluimus,
976 3642 1034 3703 sed
1045 3644 1151 3704 multo
1162 3663 1262 3722 quam
1273 3649 1373 3705 antea
1384 3645 1539 3716 fuerunt
1551 3661 1647 3720 casti.

433 3727 582 3804 gatiores.
628 3726 699 3787 Hoc
715 3733 753 3786 vt
771 3726 897 3798 vellem,
913 3727 1022 3787 effecit
1036 3732 1095 3787 tua
1109 3725 1327 3805 Stanislaique
1342 3726 1511 3797 Glandini
1528 3740 1648 3803 famuli

434 3811 483 3869 tui
495 3809 685 3881 dexteritas,
701 3811 757 3888 qui
766 3809 860 3870 uobis
870 3811 1033 3871 interdum
1043 3810 1170 3888 aliquot
1180 3830 1293 3872 menas
1301 3817 1372 3871 tam
1382 3811 1540 3881 feliciter
1552 3845 1648 3905 agere

433 3893 554 3965 soletis,
571 3900 609 3953 vt
623 3901 657 3953 et
672 3895 899 3965 imitationem,
914 3894 1065 3973 primum,
1081 3900 1120 3954 vt
1134 3895 1183 3954 ait
1198 3893 1326 3967 Fabius,
1342 3895 1377 3954 in
1388 3904 1510 3975 pueris
1522 3906 1648 3988 ingenii

432 3977 570 4055 signum,
585 3984 619 4037 et
634 3978 822 4036 memoriam
838 3977 1049 4037 vehementer
1060 3976 1308 4050 admirarentur,
1320 3979 1521 4062 quicunque
1533 3993 1647 4054 nobis.

387 4084 419 4134 70
432 4079 506 4120 cum
516 4059 718 4139 spectabant.
759 4059 834 4120 Non
843 4080 883 4120 ex
896 4060 961 4120 alio
970 4061 1126 4138 scriptore
1137 4061 1252 4122 melius
1261 4062 1397 4122 discitur
1407 4062 1569 4135 Romani
1582 4096 1646 4137 ser.

432 4145 536 4204 monis
547 4145 682 4223 puritas,
695 4163 753 4204 nec
768 4151 818 4204 est
833 4143 916 4204 alius
931 4144 1018 4204 lectu
1033 4143 1212 4217 iucundior,
1227 4151 1287 4206 aut
1300 4164 1482 4225 puerorum
1499 4154 1648 4235 ingeniis

431 4227 715 4288 accommodatior.
759 4226 931 4288 Caeterum
954 4227 989 4287 id
1013 4226 1197 4306 praestabit
1221 4227 1377 4307 Ephorini
1403 4245 1647 4318 praeceptoris

431 4310 620 4384 dexteritas,
636 4317 675 4371 vt
689 4317 724 4371 et
738 4310 780 4370 ad
796 4311 1016 4388 eloquentiam
1031 4310 1123 4371 etad
1137 4330 1243 4371 mores
1260 4312 1304 4371 sit
1318 4309 1417 4371 vtilis.
1465 4315 1645 4389 Quemad.

430 4393 564 4454 modum
589 4395 674 4454 enim
700 4393 786 4455 bona
811 4394 1004 4473 prudentiae
1027 4413 1103 4472 pars
1124 4400 1175 4454 est
1202 4413 1296 4455 nosse
1320 4394 1428 4455 varios
1454 4397 1645 4470 hominum

385 4499 416 4549 75
430 4496 536 4537 mores
553 4484 588 4537 et
604 4478 777 4556 ingenium,
799 4479 848 4538 ita
862 4478 1015 4538 decorum
1036 4483 1071 4537 et
1088 4479 1245 4538 tractatio
1264 4477 1452 4551 affectuum,
1473 4486 1538 4561 qui
1561 4509 1645 4554 cum

462 4615 504 4668 46.
523 4610 632 4671 literae]
655 4611 715 4661 The
738 4610 836 4661 letters
861 4613 891 4661 of
915 4612 997 4678 Sigis-
1116 4611 1242 4673 Iustum]
1264 4611 1383 4671 Decius;
1408 4627 1455 4663 see
1479 4615 1542 4684 Ep.
1573 4640 1643 4693 ¹393

428 4678 538 4728 mund1
550 4678 615 4742 (Ep.
625 4680 702 4738 2520)
711 4677 769 4726 and
777 4677 919 4728 Tomiczki
931 4679 997 4745 (Ep.
1048 4678 1152 4729 introd.

429 4745 896 4806 assrlareextant,butn0tthose
908 4745 938 4795 of
949 4747 998 4796 the
1082 4759 1124 4808 59.
1143 4745 1314 4810 sigismundi
1335 4782 1342 4795 .
1363 4781 1370 4795 .
1391 4781 1399 4795 .
1419 4745 1557 4817 iunioris]
1585 4759 1642 4812 800

428 4812 529 4876 bishop
544 4811 573 4861 of
588 4811 674 4861 Plock
686 4811 813 4871 (Oricius)
825 4811 882 4860 and
893 4811 957 4861 Chr.
970 4813 999 4862 of
1050 4812 1105 4877 Ep.
1118 4825 1193 4877 2554.
1206 4826 1267 4876 37n.

428 4878 649 4942 Schydlowyetz.
1081 4882 1124 4929 66.
1142 4879 1287 4941 Glandini]
1315 4878 1451 4945 Aychlsr;
1486 4896 1539 4936 see
1574 4891 1638 4960 Ep,

461 4958 501 5005 5ο.
520 4944 709 5005 Antoninum]
762 4943 910 5007 Physician
966 4950 998 4996 to
1048 4945 1231 5010 2545introd.

427 5010 908 5076 Tomiczki;sceEp.1602introd.
1081 5014 1124 5064 68.
1142 5013 1259 5077 Fabius]
1269 5013 1341 5066 Ina.
1353 5013 1398 5066 Or.
1412 5028 1435 5065 1.
1447 5028 1473 5079 3.
1487 5029 1512 5066 r.
