4042 5900
305 657 401 740 2465]
612 655 668 719 TO
689 654 944 720 AUGUSTINH
965 654 1194 719 STEUCHUS
1435 658 1496 718 223

305 816 471 897 imputari.
515 815 669 877 Eiusdem
699 814 774 877 libri
803 834 872 896 cap.
898 816 976 876 xvii.
1003 835 1099 896 super
1123 815 1203 876 haec
1226 816 1338 889 verba,
1363 814 1496 895 Absque

305 901 397 979 virga
418 899 538 971 Aaron,
553 899 667 960 scribis
688 898 730 961 ab
752 898 955 977 Hieronymo
976 900 1131 959 omissum
1153 899 1334 978 quoderat
1355 901 1497 961 maxime

304 984 530 1055 necessarium,
555 989 591 1043 et
613 983 831 1044 substitutum
857 981 945 1061 quod
970 983 1091 1061 partim
1114 988 1186 1043 erat
1209 1002 1496 1061 superuacaneum,
1509 992 1559 1052 ⁶55

306 1068 428 1146 partim
446 1065 576 1128 falsum.
621 1066 775 1139 Rursum,
790 1084 861 1146 cap.
879 1066 967 1126 xviii.
1012 1064 1115 1126 Omne
1136 1066 1226 1144 quod
1245 1086 1287 1127 ex
1307 1071 1396 1139 voto,
1416 1066 1496 1127 dicis

307 1149 486 1211 Hebraicae
510 1150 599 1210 vocis
624 1150 858 1229 proprietatem
883 1148 999 1210 melius
1023 1167 1210 1227 expressam
1235 1168 1256 1210 a
1280 1147 1496 1229 Septuaginta

305 1253 405 1312 quam
426 1232 467 1294 ab
485 1232 697 1311 Hieronymo.
735 1232 917 1302 Praeterea,
937 1251 1008 1311 cap.
1029 1233 1129 1292 xxiiii.
1167 1232 1277 1293 Homo
1292 1234 1385 1293 cuius
1399 1232 1494 1293 obtu-

305 1323 398 1377 ratus
417 1321 468 1376 est
488 1315 610 1389 oculus,
626 1316 683 1388 ais,
699 1315 935 1393 Hieronymum
955 1316 1092 1375 vertisse
1109 1314 1285 1387 diuersum,
1302 1315 1496 1376 obturatum

305 1418 365 1478 pro
379 1405 540 1478 apertum,
555 1405 590 1460 et
608 1399 734 1458 miraris
748 1398 961 1476 quamobrem
975 1417 1042 1459 non
1063 1404 1194 1458 secutus
1209 1400 1252 1459 sit
1270 1397 1494 1478 Septuaginta.
1508 1414 1559 1462 666

304 1481 368 1543 Sed
393 1482 445 1543 hic
470 1488 638 1560 vtcunque
661 1482 874 1560 patrocinaris
900 1480 1111 1559 Hieronymo,
1137 1481 1268 1561 culpam
1291 1483 1437 1543 reiiciens
1461 1483 1495 1542 in

305 1566 463 1638 librarios,
473 1566 530 1644 qui
544 1564 917 1644 particulamomiserint
928 1565 1134 1643 negatiuam3
1157 1564 1247 1643 quod
1261 1565 1382 1626 lemma
1393 1584 1495 1643 quum

305 1651 349 1710 sit
372 1648 535 1727 frigidum,
557 1648 658 1708 habet
682 1653 795 1709 tamen
819 1647 944 1726 aliquid
967 1646 1145 1708 ciuilitatis.
1190 1647 1310 1709 Verum
1336 1647 1414 1709 alibi
1437 1667 1494 1729 po·

306 1738 394 1792 teras
409 1731 456 1791 illi
473 1730 690 1809 probabiliore
705 1731 811 1792 colore
825 1731 1033 1811 patrocinari.
1077 1730 1129 1791 Ad
1144 1730 1234 1804 haec,
1249 1731 1495 1793 Deuteronomii

305 1834 377 1893 cap.
396 1815 508 1875 xxviii.
530 1833 626 1893 super
647 1814 737 1887 haec,
752 1813 945 1875 Illuuiarum
965 1814 1190 1888 secundarum,
1208 1815 1257 1875 ita
1276 1816 1345 1875 sine
1363 1815 1495 1878 honoris
1508 1829 1558 1888 665

303 1898 506 1977 praefatione
534 1897 685 1976 loqueris,
710 1895 945 1971 ‘Quamobrem
974 1898 1068 1977 longe
1093 1917 1114 1958 a
1136 1899 1277 1959 veritate
1303 1903 1416 1959 nostra
1440 1898 1493 1959 de·

304 1981 406 2042 clinat
424 1980 574 2042 aeditio’.
618 1980 664 2041 At
683 1980 767 2041 hanc
787 1980 983 2042 seditionem
1001 1982 1035 2041 in
1056 1980 1197 2041 solidum
1214 1980 1361 2042 vindicas
1381 1981 1494 2042 Hiero·

303 2084 413 2143 nymo,
440 2070 479 2124 vt
501 2063 553 2124 hic
578 2083 644 2124 non
668 2065 771 2144 possis
794 2065 845 2123 vti
868 2065 1010 2124 criminis
1033 2063 1257 2125 translatione.
1300 2063 1347 2124 At
1369 2070 1495 2142 quanto

303 2149 407 2208 satius
422 2154 493 2208 erat
507 2148 605 2209 fateri
624 2146 708 2208 hanc
725 2147 920 2208 seditionem
941 2147 984 2207 ab
1002 2146 1074 2207 aliis
1092 2147 1221 2226 aliquot
1243 2147 1321 2208 locis
1342 2149 1493 2208 immuta·

303 2237 384 2303 tam,
400 2230 489 2310 quod
503 2236 542 2291 vt
555 2236 626 2291 erat
642 2230 768 2292 ciuilius
782 2250 858 2309 erga
873 2230 1120 2309 Hieronymum,
1132 2232 1180 2291 ita
1194 2250 1272 2292 vero
1286 2232 1419 2311 propius
1433 2236 1493 2292 est.
1507 2245 1559 2306 ⁶70

303 2313 469 2393 Siquidem
484 2313 606 2375 aeditio
621 2313 824 2375 Psalmorum
845 2333 886 2374 ex
903 2313 1066 2374 Hebraico
1085 2332 1151 2374 non
1173 2313 1314 2374 habetur
1329 2314 1443 2375 eadem
1461 2316 1495 2375 in

303 2397 454 2458 omnibus
468 2397 642 2458 codicibus.
686 2396 815 2457 Alicubi
830 2396 943 2457 scribis
957 2396 1050 2457 illum
1065 2397 1209 2457 omisisse
1220 2397 1390 2475 quaedam,
1406 2397 1495 2476 quod

303 2481 432 2560 fugeret
446 2482 663 2553 iterationem,
678 2499 781 2558 quum
795 2485 895 2541 antea
909 2480 1047 2540 luissent
1062 2486 1324 2542 commemorata.
1361 2480 1407 2542 At
1421 2482 1495 2560 quis

303 2564 364 2625 hoc
391 2565 468 2623 iuris
490 2564 637 2643 permisit
662 2564 898 2643 scripturarum
921 2564 1101 2643 interpreti,
1121 2569 1160 2623 vt
1181 2563 1283 2624 addat
1305 2563 1494 2643 adimatque

302 2647 391 2726 quod
406 2647 466 2707 sibi
481 2647 634 2707 videtur?
1507 2660 1557 2722 675

345 2730 417 2790 Iam
443 2729 522 2791 mibi
548 2730 623 2790 vide
649 2736 732 2808 quot
756 2729 940 2791 rationibus
965 2735 1098 2809 poteras
1123 2731 1363 2791 sanctissimum
1387 2732 1493 2792 virum

302 2833 466 2874 excusare.
497 2812 674 2893 Exemplar
688 2813 776 2891 quod
791 2819 948 2892 sequutus
962 2818 1014 2873 est
1028 2812 1256 2891 Hieronymus,
1272 2833 1362 2874 secus
1377 2814 1494 2875 habuit

302 2916 403 2976 quam
426 2897 552 2958 codices
575 2894 798 2977 Septuaginta.
845 2896 916 2958 Hoc
939 2897 1151 2958 immutatum
1174 2902 1226 2959 est
1247 2916 1267 2958 a
1292 2896 1408 2970 sciolis,
1433 2897 1493 2959 hoc

302 2981 466 3042 adiectum
481 2987 533 3041 est
552 3000 573 3041 a
592 2981 739 3041 studioso
756 2981 920 3059 quopiam,
936 2979 997 3041 hoc
1016 2980 1125 3041 verbis
1140 2980 1314 3053 diuersum,
1329 3000 1363 3041 re
1383 2987 1494 3042 tamen

302 3063 388 3125 idem
403 3071 471 3125 est:
495 3064 555 3124 hoc
571 3065 597 3124 si
612 3063 776 3124 diuersum
790 3070 851 3135 est,
866 3064 957 3142 pium
972 3063 1073 3124 habet
1087 3083 1227 3124 sensum.
1506 3076 1557 3124 680

345 3146 373 3206 Ε
388 3147 501 3208 multis
516 3165 631 3227 pauca,
647 3147 789 3226 exempli
804 3165 911 3219 causa,
926 3147 1091 3226 decerpsi:
1117 3166 1218 3226 quum
1240 3149 1326 3208 enim
1346 3147 1403 3208 illa
1421 3167 1492 3227 per·

302 3249 472 3304 currerem,
487 3249 553 3291 non
568 3231 633 3290 ista
647 3230 853 3308 quaerebam.
883 3227 947 3292 Sed
961 3231 995 3291 in
1009 3230 1061 3290 his
1075 3231 1203 3309 quoties
1217 3230 1327 3304 libere,
1337 3251 1377 3292 ne
1386 3230 1493 3291 dicam

301 3314 426 3386 acerbe,
442 3314 594 3374 dissentis
607 3333 627 3374 a
642 3318 738 3374 tanto
753 3314 834 3386 viro,
849 3332 925 3374 cum
939 3315 1009 3375 eius
1024 3332 1123 3393 opera
1137 3313 1304 3392 praedicas
1325 3314 1493 3375 ecclesiam

302 3417 322 3458 a
337 3404 390 3458 tot
404 3397 566 3458 erroribus
580 3396 780 3458 liberatam?
812 3396 858 3458 At
873 3397 979 3476 qualis
996 3397 1051 3457 ille
1066 3396 1222 3457 liberator
1241 3403 1300 3470 est,
1316 3399 1374 3476 qui
1394 3399 1493 3459 toties

301 3482 369 3560 ipse
380 3480 667 3541 labensecclesiam
678 3480 851 3542 induxitin
861 3486 1024 3542 errorem?
1047 3477 1153 3553 Quam
1164 3499 1242 3541 vero
1252 3500 1317 3541 non
1328 3481 1494 3559 religiosus
1506 3490 1556 3551 685

301 3565 469 3644 interpres,
491 3565 548 3642 qui
569 3565 603 3625 in
625 3563 743 3625 diuinis
765 3563 995 3636 voluminibus,
1016 3581 1155 3641 quorum
1177 3570 1274 3624 autor
1293 3570 1345 3625 est
1363 3564 1494 3627 diuinus

301 3647 355 3708 ille
367 3648 509 3726 spiritus,
519 3647 581 3707 sibi
592 3649 757 3726 permittit
772 3648 891 3709 addere
906 3653 1039 3727 praeter
1052 3648 1290 3720 necessitatem,
1302 3652 1336 3708 et
1351 3647 1493 3709 adimere

301 3731 390 3809 quod
405 3751 425 3792 a
440 3731 556 3810 spiritu
572 3737 686 3791 sancto
701 3732 845 3811 positum
860 3735 934 3791 est?
967 3729 1147 3802 Postremo,
1159 3730 1287 3808 quoties
1302 3731 1336 3791 in
1351 3730 1493 3809 hisquae

301 3815 561 3888 commemoraui,
568 3816 748 3876 versionem
758 3813 972 3893 Septuaginta
981 3813 1125 3893 praefers
1133 3812 1427 3892 Hieronymienae?
1448 3814 1493 3875 Et

300 3898 428 3958 miraris
460 3898 548 3976 quod
584 3917 645 3977 ego
675 3898 796 3960 alicubi
824 3896 994 3958 maluerim
1027 3897 1119 3975 sequi
1150 3895 1365 3976 Septuaginta
1393 3909 1557 3975 quamcco

299 3987 445 4042 nostram
461 3980 680 4042 aeditionemi

333 4122 392 4180 656.
411 4119 466 4168 Vbi
489 4119 534 4168 hic
557 4120 735 4169 reuerentia?
763 4126 826 4184 post
849 4118 953 4169 falsum
975 4117 1039 4168 add.
1062 4117 1093 4167 J.
1201 4120 1261 4181 659.
1279 4117 1411 4169 videlicet
1431 4126 1494 4182 post

299 4185 444 4235 diuersum
460 4185 523 4236 odd.
541 4186 572 4235 J.
673 4189 732 4236 660.
750 4186 789 4236 sit
805 4191 945 4252 sequutus
957 4184 988 4234 J.
1089 4186 1149 4235 662.
1167 4185 1314 4235 omiserint
1330 4185 1494 4250 negatiuam

298 4252 515 4316 particulamJ.
616 4251 1085 4312 ceconomobromazouared.
1187 4252 1493 4317 668.Ata:proinJ.

298 4321 358 4382 671.
377 4319 518 4369 Hebraico
529 4337 561 4368 a:
580 4319 720 4369 Hebraico
730 4321 853 4370 veritate
865 4319 895 4369 J.
997 4321 1057 4381 675.
1075 4318 1129 4369 sibi
1143 4334 1196 4369 cm.
1208 4318 1240 4368 J.
1342 4317 1371 4368 Si
1382 4334 1494 4384 semper

299 4384 491 4435 omittendum
502 4391 577 4436 esset
588 4385 666 4450 quod
677 4386 706 4436 in
718 4387 804 4436 sacris
815 4386 1006 4437 voluminibus
1018 4386 1062 4435 bis
1073 4385 1186 4444 dicitur,
1198 4400 1285 4450 quam
1296 4385 1388 4435 multa
1398 4385 1493 4436 forent

298 4452 807 4570 'mpimmgggmdfflff'f
863 4451 1262 4570 bfflhebau'qpeusbabeffltg.
1317 4454 1492 4568 67698.ta1q:nqn

298 4535 394 4568 om..
532 4535 624 4569 .s1a:
704 4534 798 4569 er.
944 4535 980 4569 en
1086 4535 1261 4569 rum..
1377 4531 1398 4567 1.
1484 4537 1490 4569 :

298 4586 382 4634 Exc.
450 4587 508 4648 683.
527 4586 706 4635 cumeiusc:
725 4585 847 4636 cuiusJ.
914 4587 973 4636 686.
991 4534 1139 4636 diuinlsa:
1157 4585 1284 4636 sacrisJ.

331 4723 391 4781 653.
410 4735 471 4784 cap.
485 4719 555 4780 xvii]
566 4723 592 4769 6.
605 4718 656 4783 Op.
669 4718 748 4770 Omu.
760 4720 779 4768 i.
793 4732 867 4782 1570.
952 4721 1013 4782 665.
1031 4734 1093 4784 cap.
1113 4719 1213 4781 xxviii]
1233 4731 1275 4782 57.
1296 4718 1347 4782 Op.
1369 4719 1447 4769 Omn.
1471 4719 1490 4769 i.

331 4789 390 4849 656.
414 4801 477 4850 cap.
503 4786 583 4847 xviii]
610 4800 650 4850 14.
673 4785 724 4850 Op.
747 4785 825 4837 Ome.
849 4787 868 4836 i.
920 4788 995 4849 17⁶¹·

300 4867 375 4915 1571.
954 4852 1064 4912 689-90.
1082 4852 1123 4903 Et
1137 4851 1258 4913 miraris]
1274 4851 1310 4901 In
1326 4851 1376 4901 the
1389 4850 1492 4903 Contra

332 4920 391 4981 658.
411 4935 472 4984 cap.
497 4918 588 4980 xxiiii]
613 4933 653 4982 15.
674 4918 725 4982 Op.
749 4918 827 4970 Omn.
852 4920 870 4970 i.
921 4919 1353 4982 mcroecsqswadometindcoeoe
1364 4919 1491 4984 prefixed

300 4990 379 5038 1661).
921 4985 1084 5037 tobisfinal
1094 4986 1201 5037 edition
1212 4986 1243 5036 oi
1254 4985 1304 5036 the
1315 4985 1384 5036 Now
1392 4985 1490 5037 Teate·
