4042 5900
677 671 738 733 388
1002 669 1203 733 LETTERS
1223 668 1280 732 OF
1300 666 1507 732 ERASMUS
1621 682 1626 690 ·

676 831 853 908 irrequieto
874 830 995 904 animo,
1019 830 1149 909 ingenio
1173 828 1268 891 vafro
1292 834 1327 927 et
1349 827 1483 908 perfido.
1527 826 1640 903 Quod
1665 830 1801 893 facile«

676 914 785 987 hendi,
804 913 885 974 dum
906 914 992 975 circa
1012 912 1206 994 principalia
1227 914 1347 974 scrinia
1367 931 1525 974 versarer.
1575 912 1683 975 Deus
1708 934 1801 995 parci

675 1016 772 1076 quem
788 998 816 1057 si
833 1003 912 1058 ante
927 1016 992 1059 .xx.
1007 1016 1113 1057 annos
1132 1016 1150 1057 e
1170 997 1255 1057 viuis
1277 996 1449 1075 rapuisset,
1469 996 1560 1057 inter
1585 998 1801 1060 monarchas

675 1079 881 1142 Christianae
909 1090 963 1141 sat
994 1080 1086 1153 bene,
1116 1081 1192 1151 scio,
1221 1080 1438 1141 conuenisset.
1481 1079 1593 1141 Plane
1630 1081 1801 1143 furiarum

630 1186 663 1221 20
676 1163 817 1236 satelles,
832 1164 912 1224 dum
927 1164 1064 1225 viueret.
1108 1162 1183 1224 Non
1197 1162 1316 1224 dubito
1331 1164 1410 1241 quin
1428 1163 1473 1222 sis
1489 1182 1736 1243 responsurus
1754 1166 1801 1246 dig

675 1248 732 1326 qui
751 1248 785 1307 in
804 1245 961 1319 Sorbona,
976 1247 1069 1308 fonte
1089 1247 1193 1307 totius
1212 1247 1426 1326 ignorantiae,
1441 1245 1538 1307 nobis
1555 1256 1787 1327 pepererunt

675 1330 810 1392 stralem
824 1330 1143 1392 determinationem.

717 1412 837 1475 Caesar
850 1413 893 1473 ad
907 1414 1128 1493 Epiphaniam
1142 1413 1317 1475 transtulit
1333 1413 1467 1475 comitia
1486 1411 1754 1494 Ratisponam;
1778 1435 1801 1497 q

675 1497 902 1576 processerint,
926 1516 978 1558 me
1001 1497 1077 1570 illie,
1102 1496 1200 1558 modo
1222 1517 1243 1558 a
1265 1516 1339 1576 rege
1361 1495 1415 1557 vel
1437 1497 1506 1557 eius
1529 1515 1675 1560 summo
1700 1519 1801 1563 canes

629 1603 661 1651 25
676 1581 878 1653 Tridentino,
893 1586 933 1641 vt
949 1587 1042 1659 puto,
1058 1586 1196 1641 vocatus
1215 1580 1317 1652 fuero,
1340 1578 1475 1640 habebis
1493 1579 1537 1640 ad
1558 1584 1716 1658 quaeuis
1741 1603 1801 1645 ma

674 1671 819 1742 votaque
840 1671 900 1724 tua
921 1683 981 1744 pro
1002 1663 1090 1724 virili
1111 1681 1184 1724 mea
1202 1670 1368 1743 paratum.
1410 1661 1534 1735 Quanti
1553 1668 1590 1724 te
1613 1668 1753 1729 merito
1771 1668 1801 1729 ia

675 1767 795 1809 nouere
810 1746 916 1808 multi.
959 1746 1130 1821 Quantum
1144 1746 1207 1807 tibi
1220 1746 1358 1808 debeam
1373 1764 1542 1824 nunquam
1557 1747 1741 1813 soluendo
1755 1751 1801 1813 iul

675 1832 813 1910 ingenue
827 1849 977 1909 agnosco,
993 1849 1069 1891 cum
1083 1836 1219 1909 propter
1233 1830 1423 1891 memoriam
1437 1827 1596 1890 auunculi
1618 1834 1692 1893 mei
1715 1834 1785 1896 abs

675 1914 1139 1986 obliuionevindicatam‚tum
1149 1914 1290 1974 nominis
1298 1914 1400 1973 etiam
1408 1914 1472 1973 mei
1481 1913 1663 1975 honestam
1674 1920 1801 1979 mentia

628 2020 662 2069 30
715 1997 769 2058 Ad
783 1997 980 2058 Rhenanum
996 1995 1174 2075 aliquando
1189 1997 1372 2075 scripturus
1387 1995 1488 2074 (quod
1502 1996 1589 2056 enim
1603 2015 1628 2057 a
1640 2005 1678 2059 te
1695 2020 1801 2081 respo

674 2082 802 2160 exigam
827 2100 892 2141 non
923 2080 1003 2140 sinit
1031 2080 1149 2159 pudor)
1177 2080 1291 2160 paucis
1320 2098 1372 2139 me
1400 2078 1591 2140 admonebis
1624 2081 1672 2143 de
1704 2085 1801 2147 redd

673 2163 861 2225 litterarum
876 2163 1070 2225 Tridentini.
1114 2162 1200 2224 Nam
1216 2162 1284 2223 ida
1298 2181 1350 2222 me
1364 2162 1468 2223 irater
1484 2162 1675 2242 intelligere
1694 2170 1801 2248 cupit

674 2248 703 2307 si
717 2247 900 2308 Tridentini
914 2247 1010 2308 fauor
1024 2253 1059 2308 et
1074 2245 1288 2307 beneficentia
1303 2265 1470 2324 nunquam
1486 2247 1583 2325 periit
1597 2248 1704 2311 iuxta
1723 2251 1801 2333 Pol:

674 2335 861 2402 mutuum,
877 2329 1088 2408 prouerbium
1104 2329 1261 2390 ‘honores
1275 2334 1409 2389 mutant
1423 2347 1529 2390 mores
1540 2330 1557 2402 ’,
1573 2335 1614 2389 vt
1630 2333 1689 2392 cui
1705 2333 1801 2396 olim,

628 2437 660 2487 35
674 2415 708 2474 in
728 2432 823 2492 grege
844 2419 931 2473 esset
952 2412 1269 2474 Maximilianeorum
1291 2411 1559 2484 consiliariorum,
1579 2413 1698 2492 opella
1723 2437 1801 2480 mea

673 2497 774 2558 fuerit
788 2516 855 2557 non
869 2497 1085 2568 mediocriter,
1100 2502 1213 2556 tamen
1227 2502 1360 2575 gratum
1374 2495 1454 2555 mihi
1468 2495 1569 2555 fuerit
1586 2502 1621 2556 te
1643 2500 1715 2560 mei
1739 2521 1801 2563 am

673 2580 822 2660 pauculis
844 2580 952 2640 verbis
975 2580 1161 2640 meminisse
1182 2580 1213 2639 in
1236 2577 1324 2640 calce
1345 2578 1503 2658 epistolae
1524 2583 1619 2651 tuae3
1654 2599 1744 2644 nam
1770 2606 1801 2647 or

674 2683 756 2742 quos
771 2670 810 2723 tu
824 2682 926 2735 amas,
943 2661 997 2722 ille
1012 2662 1123 2724 fouere
1137 2662 1269 2741 gaudet.
1313 2661 1428 2722 Seruet
1443 2668 1477 2723 te
1492 2661 1590 2734 Deus,
1605 2664 1669 2740 qui
1690 2666 1801 2730 indui

674 2746 866 2807 beneficium
881 2745 1036 2807 ecclesiae
1052 2765 1129 2806 suae
1144 2745 1251 2806 voluit
1265 2746 1463 2825 impotentes
1478 2744 1551 2806 illos
1565 2745 1746 2824 sophistas
1764 2759 1801 2814 te

628 2856 661 2905 40
674 2830 756 2891 illud
771 2829 907 2890 tandem
921 2848 1073 2890 euomere
1088 2830 1187 2890 virus.

716 2913 854 2993 Raptim
865 2912 1086 2993 Argentorati,
1096 2932 1137 2974 ex
1145 2911 1282 2974 aedibus
1291 2912 1537 2992 praepositurae
1547 2911 1590 2973 ad
1601 2911 1738 2978 Diuum
1754 2919 1801 2983 Pe

674 2997 849 3070 Iuniorem,
865 2997 918 3057 die
932 3014 1032 3058 xxm.
1048 2996 1226 3058 Nouembr.
1242 3013 1412 3057 unnxxr.

1308 3079 1398 3139 Tuus
1413 3081 1554 3140 seruitor
1568 3079 1683 3142 Iacob.
1702 3082 1801 3167 Spieg

718 3236 725 3250 .
743 3236 750 3249 .
768 3236 774 3249 .
792 3189 846 3249 ino
860 3195 895 3249 et
910 3190 961 3249 vti
975 3189 1065 3268 patri
1079 3187 1215 3249 colendo
1234 3187 1368 3248 domino
1387 3187 1427 3248 D.
1443 3188 1619 3264 <Era>smo
1639 3187 1801 3255 Roterod

628 3274 661 3326 45
675 3271 878 3334 Christianae
893 3273 1028 3351 pietatis
1042 3273 1278 3351 propugnatori
1292 3272 1459 3342 acerrim0,
1475 3272 1742 3352 synceriorisque
1762 3278 1801 3339 th

675 3357 745 3436 giae
760 3356 922 3416 adsertori
936 3362 971 3416 et
985 3355 1066 3416 forti
1081 3363 1115 3416 et
1129 3361 1273 3416 strenuo.

917 3676 1065 3758 2573a⁵ar
1113 3671 1219 3736 Fsou
1235 3669 1388 3736 munau
1406 3667 1627 3734 Gocururus.

715 3807 807 3862 Basle
819 3807 884 3862 MS.
898 3808 1035 3863 Goelenii
1048 3808 1207 3879 Epistulae
1221 3823 1248 3875 5.
1559 3881 1589 3936 N
1607 3806 1770 3937 Loutssain.

1511 3897 1547 3950 23
1590 3898 1681 3936 ovem
1707 3901 1744 3938 er
1760 3902 1801 3955 15

936 4010 993 4071 [An
1005 4011 1124 4076 original
1136 4011 1229 4069 letter,
1242 4011 1403 4076 autograph
1415 4009 1613 4075 throughout]

718 4126 877 4188 Ssavruu
891 4125 1078 4205 plurimam.
1122 4126 1279 4187 Animum
1291 4132 1387 4187 tuum
1402 4127 1437 4186 in
1454 4127 1580 4205 optima
1593 4131 1628 4186 et
1642 4127 1801 4192 studioru

676 4230 772 4271 verae
786 4211 921 4289 pietatis
935 4229 1035 4270 causa
1050 4229 1176 4290 semper
1190 4210 1348 4271 hactenus
1363 4211 1534 4282 inuictum,
1546 4209 1667 4288 quique
1682 4209 1717 4268 in
1729 4213 1801 4274 adu

675 4313 741 4354 non
756 4294 854 4355 modo
868 4312 935 4354 non
950 4293 1168 4366 succubuerit,
1183 4294 1240 4354 sed
1255 4294 1289 4354 in
1303 4293 1372 4354 dies
1385 4292 1530 4372 singulos
1549 4294 1744 4372 apparuerit
1764 4316 1801 4358 m

709 4495 783 4544 2572.
814 4509 854 4557 23·
884 4494 1085 4559 Ratisponam]
1114 4493 1165 4544 See
1193 4494 1248 4559 Ep.
1300 4494 1391 4544 which
1409 4492 1520 4558 Spiegel
1541 4492 1669 4543 received
1691 4508 1730 4543 on
1755 4510 1790 4559 ²7

677 4575 750 4624 2540·
763 4565 808 4610 6n.
1302 4575 1382 4624 ¹5313
1401 4576 1446 4611 see
1458 4561 1512 4625 Ep.
1526 4574 1601 4622 ²590·
1614 4574 1673 4624 ²·4·

711 4629 752 4677 28.
770 4628 915 4689 auunculi]
950 4627 1141 4692 Wimpieling.
1190 4628 1250 4677 The
1334 4642 1410 4690 41·²·
1433 4627 1552 4677 aedibus
1576 4664 1582 4676 .
1609 4664 1615 4677 .
1639 4664 1646 4676 .
1670 4626 1801 4679 Iuniorer

676 4695 817 4744 reference
837 4695 860 4743 is
877 4700 910 4744 ιο
929 4695 979 4744 the
996 4695 1161 4744 Encomium
1178 4693 1249 4743 Sele·
1300 4693 1404 4758 college
1426 4693 1457 4744 oi
1479 4694 1583 4759 priests
1607 4693 1743 4744 attached
1770 4701 1801 4746 to

676 4761 896 4825 stadii,seeEp.
910 4774 1059 4823 305·171¹¹·
1301 4761 1407 4809 church
1432 4760 1463 4810 oi
1486 4760 1527 4810 St.
1552 4761 1636 4811 Peter
1657 4765 1689 4809 at
1711 4759 1801 4812 Strasl

710 4841 752 4890 33.
771 4827 914 4891 Polydori]
929 4828 960 4877 P.
973 4827 1076 4891 Vergil,
1090 4827 1177 4890 Δάας.
1191 4839 1248 4889 207.
1301 4826 1389 4877 called
1403 4827 1481 4891 Jung
1494 4827 1536 4877 St.
1554 4828 1639 4878 Peter
1654 4832 1687 4876 ιο
1702 4825 1801 4893 distin,

710 4907 750 4957 37.
769 4894 905 4958 epistolae
921 4895 999 4955 tuae]
1016 4895 1151 4944 Erasmus
1162 4901 1250 4943 wrote
1301 4894 1325 4943 it
1336 4893 1549 4944 iromaaimilar
1555 4893 1612 4944 and
1619 4892 1696 4944 older
1703 4893 1801 4945 found:

676 4961 748 5011 both
766 4966 797 5010 to
817 4960 937 5025 spiegel,
956 4962 1014 5011 and
1038 4967 1069 5011 ιο
1091 4960 1153 5010 Clas
1174 4975 1249 5010 com·
1300 4960 1382 5010 thena
1404 4960 1553 5011 dedicated
1574 4966 1607 5011 tc
1629 4959 1671 5011 St.
1694 4959 1788 5010 Peter.

676 5026 941 5093 mendingSpiegeh
957 5027 1057 5078 letters
1065 5028 1128 5089 (not
1135 5028 1249 5088 extant)
1300 5041 1360 5078 owe
1371 5026 1430 5077 this
1440 5027 1624 5078 iniormation
1634 5032 1666 5077 tc
1677 5026 1725 5076 Dr.
1738 5025 1800 5078 Rot
