4042 5900
496 658 558 721 aas
821 655 1021 719 usrrsss
1042 654 1098 718 ou
1119 653 1325 717 asssuus
1599 655 1693 733 [1531

495 824 611 900 genter
631 817 882 880 commendatus
902 837 961 898 per
981 815 1106 896 Regem
1127 814 1373 878 Ferdinandum
1394 814 1577 877 venerabili
1597 814 1697 877 huius

496 902 587 964 vrbis
601 903 827 982 magistratui:
850 902 907 980 qui
930 900 1010 962 mihi
1033 919 1094 962 sua
1113 904 1231 979 sponte
1252 897 1446 960 detulerunt
1458 918 1556 960 veum
1576 898 1696 960 harum

467 987 637 1062 medium,
663 1005 746 1064 quas
766 986 933 1046 exstruxit
956 985 997 1045 D.
1023 984 1164 1045 Iacobus
1186 982 1393 1062 Villingerus,
1412 983 1486 1062 piae
1507 983 1696 1056 memoriae,

495 1071 606 1150 parati
628 1070 729 1130 etiem
752 1069 931 1130 maioribus
953 1068 1066 1129 officiis
1088 1068 1251 1128 honorare
1275 1086 1337 1137 me,
1360 1066 1388 1126 si
1408 1084 1526 1145 passus
1546 1066 1695 1127 fuissem.

496 1153 568 1214 Has
588 1153 685 1214 aedes
707 1158 780 1213 tum
799 1157 1001 1232 occuparant
1023 1149 1217 1213 Ottomarus
1239 1150 1420 1221 Luscinius,
1439 1154 1475 1210 et
1488 1147 1697 1228 Augustinus

497 1235 629 1309 Murius,
644 1236 812 1314 quondam
826 1235 1029 1297 ecclesiastes
1037 1234 1194 1296 Basileus.
1224 1234 1305 1295 Mihi
1318 1253 1394 1295 cum
1408 1233 1460 1293 his
1474 1233 1574 1294 cessit
1584 1232 1699 1312 aliqua

497 1338 583 1399 pars.
628 1320 709 1380 Post
730 1324 806 1380 octo
822 1319 891 1379 fere
910 1337 1039 1379 menses
1060 1318 1217 1397 migrauit
1240 1317 1374 1389 Marius,
1396 1316 1563 1396 deditque,
1586 1322 1628 1377 vt
1648 1318 1698 1377 ait

454 1403 678 1475 10Luscinius,
693 1402 834 1463 florenos
848 1402 942 1475 duos,
957 1401 1126 1462 ciuilitatis
1144 1401 1260 1480 gratia.
1304 1400 1474 1461 Luscinius
1487 1400 1614 1461 mansit
1627 1399 1696 1461 diu.

497 1486 578 1566 Ego,
600 1504 642 1546 ne
663 1486 792 1547 viderer
813 1484 964 1558 inciuilis,
979 1504 1041 1565 pro
1056 1489 1109 1545 tot
1127 1484 1196 1545 iere
1215 1484 1393 1556 mensibus,
1408 1491 1491 1562 quot
1512 1483 1566 1544 hic
1583 1488 1698 1562 egerat

498 1569 631 1641 Marius,
646 1570 719 1629 misi
734 1568 920 1631 honorabili
933 1568 1068 1629 domino
1078 1568 1119 1628 D.
1132 1566 1308 1629 Vdalricho
1323 1567 1470 1628 Tribuno
1484 1566 1590 1647 plebis
1604 1585 1696 1628 coro-

498 1658 596 1714 netos
624 1658 777 1731 quatuor,
806 1657 937 1733 prester
964 1671 1004 1712 ea
1032 1671 1117 1730 queo
1146 1652 1362 1712 insumseram
1390 1651 1425 1711 in
1453 1649 1551 1711 huius
1577 1649 1698 1712 domus

499 1736 689 1808 necessaria,
705 1755 744 1796 ee
758 1735 913 1796 redibant
926 1735 969 1795 ad
982 1746 1010 1810 5.
1028 1740 1211 1795 coronatos.

454 1843 485 1892 1⁵
540 1819 722 1897 Aliquanto
740 1825 825 1897 post,
848 1819 934 1878 circe
952 1818 1098 1879 netelem
1113 1816 1244 1891 Christi,
1260 1816 1427 1878 Tribunus
1440 1836 1499 1897 per
1513 1816 1698 1878 Henricum

498 1901 698 1964 Glareanum
713 1903 821 1981 coepit
835 1920 929 1981 agere
943 1902 984 1962 de
999 1900 1213 1961 conducenda
1232 1907 1305 1962 tota
1325 1900 1434 1973 domo,
1449 1920 1515 1961 vna
1529 1919 1605 1961 cum
1619 1920 1699 1961 area

498 1986 635 2066 quedre,
650 2004 734 2064 quae
748 1991 799 2046 est
813 1991 890 2064 post
903 1984 1019 2057 aedes3
1042 1983 1226 2063 significans
1241 2003 1275 2045 se
1289 2003 1384 2063 posse
1398 1983 1506 2045 locere
1520 1983 1556 2044 in
1569 2002 1698 2045 anuum

499 2071 617 2150 viginti
631 2069 772 2130 florenis.
817 2068 986 2147 Respondi
1007 2073 1042 2128 et
1059 2086 1117 2146 per
1138 2066 1336 2128 Glareanum
1356 2072 1391 2127 et
1405 2068 1537 2145 scripto,
1553 2068 1581 2127 si
1595 2066 1700 2129 vidue

499 2174 568 2215 non
582 2153 730 2214 horreret
745 2171 864 2214 nomen
879 2152 1052 2221 locatriois,
1068 2169 1120 2211 me
1134 2149 1229 2210 focile
1244 2150 1401 2211 daturum
1417 2150 1591 2212 duodecim
1605 2170 1698 2213 coro·

454 2262 487 2299 κο
500 2243 606 2309 natos,
621 2236 720 2297 modo
734 2236 852 2297 domus
869 2234 949 2295 mihi
971 2234 1158 2294 traderetur
1177 2233 1298 2295 libere:
1321 2240 1488 2294 caeterum
1507 2234 1698 2295 Luscinium

500 2340 568 2381 non
588 2319 730 2380 libenter
748 2338 924 2389 cessurum,
946 2337 1006 2379 nec
1029 2336 1080 2378 me
1101 2317 1185 2377 velle
1204 2337 1279 2378 cum
1299 2336 1466 2396 quoquam
1487 2317 1698 2391 contendere,

500 2404 633 2465 minime
648 2422 726 2463 vero
741 2420 816 2462 cum
830 2402 991 2462 Luscinio.
1033 2400 1215 2479 Aliquanto
1229 2406 1306 2481 post
1319 2401 1429 2462 denuo
1443 2401 1517 2461 misi
1537 2401 1698 2480 scriptum

501 2488 545 2549 ed
561 2487 602 2548 D.
618 2486 811 2559 Tribunum,
827 2491 940 2565 aperte
954 2490 1083 2546 testans
1101 2485 1249 2545 animum
1268 2503 1387 2558 meum,
1403 2484 1461 2544 illo
1476 2484 1603 2562 quadro
1616 2484 1700 2545 mihi

501 2590 569 2632 non
587 2589 657 2630 esse
676 2589 769 2649 opus.
813 2569 865 2629 Ibi
880 2567 1068 2629 Smotzerus
1086 2572 1122 2628 et
1136 2566 1192 2628 alii
1209 2567 1378 2628 habebant
1391 2587 1503 2646 equos,
1518 2567 1565 2627 ibi
1584 2586 1698 2648 opera

455 2677 488 2726 25
502 2655 625 2715 bantur
645 2653 732 2714 febri
753 2652 882 2731 lignarii
900 2658 935 2712 et
949 2651 1110 2730 lapidarii,
1125 2670 1208 2729 quos
1222 2671 1283 2731 ego
1297 2651 1418 2712 nollem
1432 2650 1603 2731 expellere.
1633 2649 1700 2713 Sed

502 2739 530 2799 si
544 2738 630 2798 hanc
644 2737 778 2798 domum
795 2736 876 2797 mihi
895 2734 1019 2795 fuceret
1036 2733 1182 2807 liberam,
1198 2739 1270 2796 tum
1286 2736 1314 2795 si
1334 2739 1573 2814 proponeretur
1591 2752 1701 2813 aeque

502 2839 634 2893 merces,
665 2838 909 2899 responsurum,
938 2818 1070 2891 nollem,
1100 2836 1144 2878 an
1172 2817 1300 2878 vellem.
1344 2817 1417 2880 Hoc
1445 2818 1606 2897 scriptum
1634 2817 1700 2879 sibi

502 2905 650 2967 seruauit
662 2903 703 2965 D.
720 2903 893 2964 Tribunus.

544 2988 652 3062 Quum
674 2986 755 3048 nihil
776 2986 867 3047 aliud
889 2987 1053 3048 diceretur
1073 3006 1094 3045 a
1115 2985 1271 3059 Tribuno,
1291 2985 1472 3047 arbitratus
1492 3005 1565 3047 sum
1578 3004 1632 3047 me
1646 2984 1701 3047 hic

457 3072 653 3143 3ohabitare
676 3090 715 3131 ee
738 3071 876 3144 ratione,
900 3089 967 3148 qua
989 3068 1130 3130 antehac
1154 3068 1351 3143 habitatam,
1374 3069 1435 3130 hoc
1455 3075 1515 3142 est,
1538 3070 1609 3130 sine
1630 3069 1700 3131 vllo

502 3161 610 3236 pecto,
632 3160 827 3233 exspectans
850 3155 877 3214 si
899 3153 979 3232 quid
1001 3151 1091 3213 aliud
1112 3152 1328 3214 denunciaret
1349 3153 1389 3214 D.
1410 3153 1586 3214 Tribunus.
1631 3151 1700 3214 Sub

503 3238 654 3317 hyemem
675 3239 784 3317 coepit
805 3239 943 3316 migrare
965 3236 1136 3296 Luscinius
1157 3237 1192 3296 in
1213 3236 1348 3297 domum
1363 3236 1533 3297 cuiusdam
1547 3235 1699 3310 Abbatis‚

503 3321 618 3383 relicta
641 3328 753 3383 tamen
779 3321 831 3381 hic
860 3321 1005 3381 maxima
1029 3325 1124 3399 parte
1153 3319 1373 3399 supellectilis,
1398 3327 1433 3379 et
1458 3319 1606 3398 quotidie
1634 3319 1701 3381 huc

503 3407 680 3478 ventitans,
697 3405 789 3466 velut
804 3406 839 3465 in
853 3404 938 3464 binis
953 3403 1107 3464 habitans
1122 3403 1267 3464 aedibus.
1311 3401 1378 3463 Sub
1394 3403 1544 3481 hyemem
1559 3402 1701 3463 abstulit

458 3509 490 3560 3⁵
504 3488 571 3549 lere
592 3494 700 3549 totam
721 3487 975 3569 supellectilem3
998 3486 1033 3547 id
1051 3486 1108 3546 vbi
1125 3487 1280 3559 viderem,
1298 3486 1365 3546 adii
1380 3485 1555 3558 hominem,
1571 3483 1700 3547 ‘Serio’

505 3573 640 3650 inquam
656 3578 761 3632 ‘nunc
777 3571 938 3650 migras'?
980 3569 1146 3643 Arridens,
1162 3570 1290 3630 annuit.
1334 3569 1482 3631 Tandem
1497 3587 1573 3630 cum
1587 3568 1700 3630 edmo-

504 3675 625 3729 nerem,
642 3656 669 3715 si
680 3655 855 3716 molestum
869 3673 936 3715 non
950 3660 1046 3726 esset,
1062 3659 1101 3713 vt
1115 3653 1212 3714 alicui
1232 3653 1379 3713 traderet
1393 3653 1512 3726 claues,
1527 3672 1594 3731 quo
1608 3651 1701 3714 locus

504 3744 616 3819 posset
640 3739 781 3818 purgari,
806 3739 833 3797 si
856 3737 954 3798 modo
979 3736 1014 3797 id
1033 3737 1103 3797 sine
1125 3737 1225 3815 ipsius
1247 3736 1455 3798 incommodo
1478 3736 1548 3796 fieri
1569 3740 1700 3815 posset;

504 3823 672 3884 contraxit
694 3841 737 3894 se,
760 3822 995 3901 responditque
1017 3840 1051 3881 se
1072 3826 1149 3900 post
1166 3821 1308 3881 reditum
1326 3840 1367 3880 ex
1381 3819 1610 3899 Argentoratis
1625 3838 1701 3880 cum

458 3927 493 3977 4⁰
505 3905 652 3966 Tribuno
667 3905 751 3965 velle
773 3905 872 3983 loqui.
917 3904 997 3966 Post
1012 3904 1090 3964 haec
1106 3903 1208 3964 verba
1228 3903 1269 3964 de
1293 3903 1450 3976 olauibus,
1471 3922 1512 3964 ne
1531 3902 1702 3964 videretur

504 3989 674 4069 migrando
689 3989 740 4049 ius
760 4008 856 4048 suum
875 3989 1037 4059 amittere,
1056 3987 1189 4065 reliquit
1208 3987 1296 4065 quod
1316 3993 1486 4065 supererat
1506 3985 1701 4048 recularum.

505 4072 627 4134 Totum
641 4092 709 4133 vna
722 4077 837 4151 sporta
851 4071 1002 4150 componi
1016 4075 1158 4149 poterat.

547 4155 655 4230 Quum
674 4155 821 4226 redisset,
844 4174 957 4214 rursus
978 4155 1028 4233 egi
1048 4153 1089 4214 de
1103 4153 1261 4226 clauibus,
1278 4172 1346 4214 non
1360 4161 1399 4213 vt
1413 4153 1604 4225 conductor,
1619 4152 1703 4213 nihil

504 4241 592 4301 enim
606 4240 716 4300 minus
731 4237 929 4318 suspicabar,
946 4238 1002 4298 sed
1018 4236 1138 4298 blande
1155 4242 1191 4297 et
1208 4238 1362 4316 precario,
1378 4257 1452 4298 cum
1471 4236 1521 4296 his
1537 4237 1702 4316 exceptio·

459 4341 492 4393 45
506 4323 612 4396 nibus,
635 4323 662 4382 si
684 4321 718 4382 id
743 4321 792 4381 illi
814 4320 1024 4381 commodum
1045 4328 1140 4394 esset,
1163 4340 1286 4399 suoque
1308 4322 1377 4381 iure
1400 4321 1556 4381 incolumi
1578 4325 1701 4399 posset.

505 4406 613 4467 Multa
627 4406 871 4484 tergiuersatus,
886 4405 978 4465 venit
996 4405 1031 4463 in
1050 4403 1269 4483 colloquium:
1291 4403 1459 4483 praefatus
1478 4423 1561 4476 sum,
1577 4404 1604 4463 si
1618 4404 1704 4464 citra

507 4509 603 4551 suum
614 4487 857 4549 incommodum
869 4486 971 4548 vellet
985 4487 1065 4547 mihi
1079 4507 1118 4549 ea
1129 4489 1163 4548 in
1173 4507 1208 4548 re
1219 4487 1404 4566 gratificari,
1414 4487 1482 4548 lore
1493 4491 1683 4567 pergratum
1694 4508 1702 4560 ;

885 4636 927 4685 23,
940 4623 982 4682 28,
995 4636 1037 4685 31.
1050 4624 1092 4683 81,
1104 4638 1146 4687 94.
1165 4623 1199 4674 D.
1212 4638 1265 4673 om.
1278 4621 1322 4673 0².

541 4759 566 4808 8.
584 4757 700 4818 Marius]
712 4755 827 4820 SesEp.
841 4769 905 4818 23²¹
918 4755 1024 4806 introd.
1130 4756 1221 4806 heroi
1232 4756 1283 4806 the
1294 4754 1552 4806 AustrianCouneil
1563 4755 1703 4806 atEnsis·

541 4838 583 4887 23.
601 4824 649 4874 illo
655 4822 775 4888 quadro]
783 4822 842 4872 scil.
851 4822 970 4873 thearsa
975 4822 1081 4887 quadra
1131 4823 1255 4880 heim,he
1262 4824 1333 4887 kept
1341 4838 1359 4871 a
1366 4823 1447 4871 claim
1455 4837 1532 4885 upon
1540 4821 1584 4871 his
1592 4822 1703 4872 reader-

508 4891 539 4941 of
549 4891 578 4941 ll.
593 4895 683 4953 16-17.
1130 4888 1195 4954 sbip
1207 4891 1236 4938 in
1248 4889 1301 4938 lew
1312 4895 1344 4938 at
1356 4889 1500 4952 Freiburg.

541 4972 583 5020 24.
601 4954 1080 5019 Smotzerus]SeeEp.·1922introd.
1164 4969 1205 5019 34.
1224 4955 1283 5005 Sub
1304 4955 1446 5019 hyemem]
1468 4954 1528 5004 The
1550 4954 1652 5005 winter
1673 4956 1705 5006 of

508 5024 654 5088 Although
665 5024 701 5074 he
709 5038 767 5072 was
775 5022 874 5073 atthis
885 5022 954 5072 time
965 5037 983 5072 a
994 5037 1080 5073 mem·
1133 5035 1257 5085 15²9·30·
