4042 5900
446 625 508 686 452
792 621 991 685 uarraes
1013 621 1069 685 or
1089 619 1313 685 summus
1574 624 1631 702 [ru

446 803 521 846 eum
532 783 738 863 praesentiae
750 780 871 844 Christi
881 781 1017 844 modum
1028 799 1126 860 quem
1137 779 1252 842 solnm
1270 800 1455 862 negamus
1470 782 1633 844 tuanen'n

446 865 641 947 exigendum
669 865 796 945 pridem
821 864 988 945 scripsisti,
1014 870 1053 925 vt
1076 882 1136 925 nec
1164 866 1331 944 agnoscis
1364 884 1453 928 eum
1478 865 1523 928 ab
1543 864 1635 927 eud

384 973 434 1024 270
447 949 628 1022 delinitum,
643 955 810 1027 uteunque
829 947 914 1010 nolis
932 954 966 1010 te
986 949 1026 1009 iis
1044 948 1245 1027 coniungere
1261 949 1328 1027 qui
1348 967 1439 1010 eum
1454 949 1635 1031 oppugnnt'.

447 1033 511 1095 Hic
524 1052 594 1112 ego,
605 1032 652 1093 mi
666 1031 800 1105 Bucere,
812 1031 960 1093 desidero
971 1037 1065 1093 tuam
1079 1029 1172 1091 illam
1186 1032 1456 1109 synceritatem
1467 1052 1565 1113 qnam
1575 1031 1636 1093 mii

447 1118 546 1179 toties
565 1115 731 1196 praedicas
750 1120 851 1194 atque
868 1115 970 1176 etiam
989 1114 1124 1176 deieras.
1167 1112 1268 1187 Quur
1289 1134 1370 1177 non
1389 1117 1549 1178 nominas
1565 1115 1637 1177 locun

447 1202 481 1261 in
506 1218 572 1279 quc
596 1200 662 1260 ista
685 1199 808 1278 scripta
833 1204 937 1259 sunt?
980 1197 1021 1258 In
1047 1195 1206 1277 Epistolis
1235 1196 1403 1260 Floridis
1436 1219 1543 1262 vnnm
1564 1198 1639 1261 loen

447 1284 583 1364 repperi,
598 1282 633 1343 in
648 1301 714 1361 quo
733 1281 800 1343 tale
814 1280 972 1361 quiddam
986 1280 1070 1354 dico,
1085 1280 1128 1341 ab
1145 1279 1261 1342 idiotis
1283 1300 1363 1344 non
1383 1302 1465 1345 esse
1481 1282 1639 1364 exigmdu

385 1391 433 1442 27⁵
446 1366 612 1446 quomodo
632 1367 667 1427 in
687 1365 895 1426 Eucharistia
916 1365 961 1425 sit
982 1382 1100 1444 corpus
1124 1362 1284 1437 Domini;
1322 1366 1392 1427 sed
1420 1365 1527 1442 addo,
1547 1385 1585 1428 an
1602 1365 1641 1426 nt

446 1452 519 1595 {u
532 1531 969 1613 rr..
989 1447 1643 1614 ..tami

447 1618 491 1679 ad
504 1615 701 1678 cutbertum
716 1614 935 1676 Tunstallum.
978 1613 1052 1675 Mea
1067 1613 1168 1675 verba
1186 1614 1233 1674 sic
1253 1612 1412 1677 habent.
1463 1617 1537 1679 ‘De
1549 1616 1644 1679 esen

447 1701 540 1761 ristia
568 1699 664 1779 prisci
692 1697 837 1778 religiose
865 1697 995 1777 loquuti
1023 1702 1119 1770 sunt;
1155 1696 1303 1758 fortasse
1335 1718 1384 1760 ne
1418 1719 1518 1763 nnnc
1544 1700 1645 1781 quida

385 1797 435 1847 280
446 1782 617 1845 euidenter
637 1781 787 1843 definiuit
808 1780 988 1858 (Ecclesia)
1007 1779 1173 1860 quomodo
1193 1780 1238 1841 sit
1259 1780 1314 1841 ibi
1335 1800 1487 1864 corpus,
1509 1784 1571 1847 snb
1589 1784 1647 1845 aeri

448 1865 602 1928 dentibus
626 1885 669 1926 an
692 1865 754 1926 sub
780 1884 858 1925 vero
882 1883 967 1943 pane
980 1864 998 1926 ’.
1042 1863 1106 1925 Hic
1130 1862 1261 1942 appello
1287 1870 1396 1927 tuam
1422 1869 1649 1934 conscientian

448 1950 589 2011 Bucere:
611 1948 758 2010 declarat
776 1948 828 2009 hie
847 1947 939 2009 locus
958 1966 1010 2009 me
1030 1947 1072 2009 de
1085 1946 1297 2008 Eucharistia
1319 1948 1420 2010 idem
1445 1952 1574 2014 sentire
1585 1948 1650 2030 qual

448 2054 507 2095 vos
521 2033 668 2094 docetis?
711 2030 880 2092 Addubitc
894 2031 935 2093 de
955 2030 1143 2092 delinitione
1159 2028 1307 2103 ecclesie,
1326 2032 1394 2094 sed
1418 2032 1489 2096 hec
1509 2035 1652 2097 dubitatis

448 2136 508 2198 pro
526 2116 745 2177 fundamento
764 2114 866 2175 habet
885 2113 950 2175 illic
971 2133 1041 2175 esse
1063 2132 1177 2174 verum
1194 2131 1320 2192 corpus
1341 2114 1567 2180 dominicum
1581 2119 1652 2180 ium

385 2216 435 2277 285
448 2200 678 2262 substantiam.
722 2198 767 2259 Et
788 2197 850 2259 hoc
871 2196 969 2259 credo
993 2202 1153 2277 sequutus
1171 2194 1437 2275 Scripturarum
1462 2200 1652 2280 Ecclesiaqur

448 2284 672 2354 autoritatem,
698 2300 758 2342 nec
786 2299 932 2360 unquam
960 2281 1074 2360 scripsi
1098 2279 1264 2341 diuersum
1289 2298 1413 2360 neque
1446 2286 1553 2347 sensi
1595 2283 1654 2357 Qui

448 2373 560 2428 autem
575 2366 679 2426 nescit
692 2364 735 2425 ab
750 2363 895 2425 Ecclesia
909 2363 1080 2426 definitum
1094 2364 1128 2424 in
1141 2381 1226 2441 pane
1239 2372 1455 2429 consecrato
1469 2386 1547 2430 essa
1561 2385 1655 2431 niun

448 2450 580 2512 Domini
601 2467 728 2528 eorpus,
750 2449 784 2508 in
807 2448 885 2509 vino
906 2466 1021 2508 verum
1042 2446 1255 2526 sanguinem?
1298 2445 1345 2507 Id
1369 2468 1430 2511 me
1455 2470 1533 2513 non
1555 2452 1656 2532 fugin

448 2532 595 2595 declarat
619 2550 809 2611 responsum
835 2530 875 2591 de
901 2530 1013 2592 libello
1037 2527 1289 2609 oecolampadii.
1337 2528 1391 2592 Et
1422 2532 1485 2596 hic
1518 2535 1657 2597 videlicet

385 2618 517 2697 rccagis
542 2616 623 2677 mihi
646 2615 769 2695 gratias
793 2614 836 2675 cb
860 2614 988 2694 egregia
1009 2615 1044 2673 in
1068 2612 1236 2674 ecclesiam
1260 2613 1400 2677 merita.
1448 2616 1512 2679 An
1538 2618 1600 2680 hcc
1617 2623 1658 2680 cst

448 2719 551 2761 vnum
565 2719 607 2760 ex
620 2697 686 2759 illis
700 2697 875 2777 praeclaris
889 2698 1038 2758 meritis?
1081 2695 1115 2758 si
1131 2714 1198 2758 non
1214 2696 1366 2775 exigeret
1381 2699 1548 2775 ecclesia,
1562 2700 1658 2764 vocari

448 2789 580 2863 poterat
599 2783 633 2843 in
651 2781 928 2842 deliberationem.
971 2779 1069 2841 Nunc
1086 2778 1173 2840 idem
1191 2778 1299 2839 iacere
1318 2798 1393 2842 non
1408 2788 1468 2844 est
1490 2785 1658 2866 integrum

448 2867 521 2928 Iam
542 2865 627 2945 finge
648 2864 715 2926 tale
737 2863 894 2942 quiddam
916 2863 996 2924 mihi
1017 2862 1153 2935 dictum,
1175 2861 1264 2941 quod
1285 2861 1320 2921 in
1341 2865 1469 2927 animo
1495 2886 1658 2948 nunquan

448 2952 522 3025 fuit,
545 2951 572 3011 si
591 2969 656 3011 non
678 2955 729 3010 est
750 2947 955 3027 exigendum,
977 2967 1063 3026 quur
1083 2965 1143 3007 vos
1164 2945 1269 3007 tantis
1290 2943 1512 3012 clamoribus
1537 2953 1659 3033 exigitis

386 3056 435 3105 295
449 3034 588 3096 alteram
609 3036 762 3113 partem?
804 3030 837 3092 Si
859 3031 1072 3110 reliquissetis
1093 3031 1127 3090 in
1144 3029 1260 3102 medio,
1283 3029 1443 3093 mitiores
1463 3033 1659 3097 fuimentin

450 3118 527 3181 orbe
542 3116 716 3187 tumultus,
731 3121 766 3176 et
781 3114 874 3193 longe
890 3114 999 3194 plures
1014 3113 1178 3174 haberetis
1196 3118 1415 3191 symmystas.
1463 3115 1560 3180 Sunt
1579 3119 1656 3181 enim

450 3201 583 3282 plurimi
597 3200 664 3279 qui,
680 3218 781 3278 quum
797 3205 906 3259 cetera
920 3198 973 3258 vel
990 3197 1131 3277 probent
1145 3195 1197 3257 vel
1211 3195 1329 3268 ierant,
1345 3214 1367 3254 a
1383 3216 1480 3276 pane
1497 3207 1618 3264 tamen
1629 3208 1658 3263 et

450 3284 549 3345 calice
570 3290 681 3345 vestro
702 3281 912 3343 abhorreant.
957 3280 1021 3342 Sed
1045 3280 1232 3360 largiamur,
1255 3277 1288 3338 id
1310 3279 1406 3357 quod
1429 3282 1659 3355 falsissimum,

450 3367 647 3447 decerpere
668 3366 840 3426 Dominico
861 3365 1029 3425 internos
1051 3364 1234 3435 conuenire,
1255 3380 1335 3422 num
1358 3366 1528 3441 protinus
1551 3387 1658 3430 varum

388 3472 438 3521 300
450 3458 501 3512 est
520 3470 579 3511 vos
601 3449 682 3510 nihil
704 3448 926 3529 dogmatizare
947 3448 1010 3508 nisi
1031 3466 1095 3526 que
1116 3465 1176 3526 ego
1197 3445 1320 3506 doceo?
1364 3444 1414 3507 Et
1435 3466 1506 3526 que
1526 3451 1660 3513 tandem

451 3540 530 3596 sunt
548 3533 605 3594 illa
622 3552 685 3612 que
707 3533 741 3592 in
763 3551 815 3592 me
836 3551 896 3593 nec
918 3551 977 3592 ros
999 3530 1147 3610 probatis
1169 3548 1227 3590 nec
1246 3529 1337 3608 ipoet
1380 3525 1420 3590 Si
1443 3531 1490 3594 da
1514 3534 1660 3597 moribus

451 3618 601 3696 loqueris,
628 3615 708 3677 nihil
734 3614 824 3675 aliud
849 3634 948 3694 quam
974 3614 1138 3675 hominem
1165 3630 1310 3673 measse
1335 3611 1515 3690 profiteor.
1563 3616 1599 3679 Si
1624 3617 1660 3678 da

451 3700 671 3780 dogmatibus,
693 3718 714 3759 a
736 3699 829 3759 vobis
850 3698 1000 3759 excusari
1020 3697 1101 3758 mihi
1123 3714 1201 3757 sane
1218 3694 1420 3756 inuidiosum
1439 3704 1508 3772 est,
1531 3699 1659 3763 landari

451 3784 651 3845 inuidiosius.
696 3782 834 3843 Interim
853 3782 922 3842 sine
942 3781 1006 3842 fine
1027 3780 1136 3852 audio,
1156 3779 1233 3851 Nos,
1253 3797 1321 3840 nos.
1366 3775 1402 3839 si
1425 3784 1588 3846 omnium
1608 3803 1659 3846 ore

390 3867 602 3946 30510queris,
625 3866 706 3927 nihil
726 3865 889 3926 ineusauit
906 3864 1087 3937 Huttenus,
1107 3862 1189 3924 nihil
1210 3860 1308 3934 Otho,
1328 3860 1412 3922 nihil
1435 3862 1658 3948 Nouimagns,

452 3950 534 4013 nihil
553 3950 727 4011 Lutherus.
773 3948 905 4027 Alioqui
924 3948 1031 4020 aliter,
1046 3948 1163 4026 inquis,
1178 3945 1362 4025 apologiam
1380 3945 1657 4012 instituissemus

452 4034 552 4109 Quasi
567 4053 645 4094 vero
664 4053 703 4094 ea
717 4053 783 4094 non
797 4032 897 4093 fuerit
912 4032 992 4092 satis
1011 4030 1170 4092 aculeata.
1214 4028 1259 4090 Et
1279 4029 1459 4090 sitantum
1476 4031 1659 4095 valuerunt

451 4117 541 4198 apud
556 4136 615 4178 vos
635 4136 746 4196 preces
765 4117 872 4177 nescio
889 4133 1030 4193 quorum
1049 4113 1209 4175 inferioris
1225 4110 1418 4175 Germaniae
1432 4117 1478 4174 vt
1493 4121 1568 4177 tam
1586 4135 1657 4197 pro

452 4203 553 4263 lixam
578 4220 617 4261 ac
641 4219 713 4261 mea
736 4200 900 4261 sententia
925 4197 1038 4278 pulcre
1065 4198 1236 4260 dentatam
1265 4194 1423 4256 scriberes
1452 4198 1657 4280 apologiam,

389 4309 439 4360 310
452 4285 599 4365 qualium
620 4285 765 4345 virorum
781 4282 902 4362 quibus
920 4282 1068 4361 epistolis
1085 4286 1184 4362 putas
1198 4299 1251 4341 me
1265 4277 1422 4340 solicitari
1436 4285 1480 4340 vt
1494 4284 1657 4345 acerrime

452 4369 611 4447 stringam
626 4368 660 4428 in
675 4385 734 4428 vos
745 4366 863 4428 calami
878 4384 1077 4442 mucronem.
1108 4364 1179 4437 His,
1191 4381 1254 4441 que
1268 4361 1330 4422 tibi
1341 4360 1504 4423 videntur
1515 4367 1655 4437 atrocis,

452 4452 558 4513 diluta
584 4451 738 4512 videntur
766 4469 804 4510 ac
830 4447 952 4510 mollia.
995 4447 1064 4508 Nec
1091 4465 1165 4508 raro
1193 4444 1346 4506 verberor
1373 4445 1537 4507 conuiciis
1563 4447 1657 4528 quod

452 4535 621 4596 vobiscum
644 4533 757 4595 videar
779 4531 943 4594 colludere
965 4531 1074 4591 verius
1094 4549 1194 4609 quam
1215 4545 1369 4608 pugnare.
1412 4525 1448 4589 Si
1469 4529 1556 4591 mihi
1583 4551 1654 4612 per·

896 4663 955 4712 311.
973 4649 1126 4699 micrcnem
1137 4646 1200 4697 MS.

453 4810 545 4915 sili
556 4792 970 4926 ebnffifflillffaiw
981 4805 1023 4841 ’θ’
1073 4792 1272 4918 ‘'fflino]
1284 4851 1434 4912 amnem
1452 4866 1500 4904 ιω
1514 4852 1572 4920 sp.
1588 4868 1653 4921 1405

486 4931 544 4991 289.
562 4944 606 4979 rea
646 4928 740 4990 nsum]
757 4926 808 4978 See
825 4925 1024 4991 Ep.1636in·
1075 4921 1177 4973 intrcd.

452 4997 543 5055 trcd.;
561 4994 597 5046 ci.
633 4995 701 5060 pist.
716 4993 950 5055 chauderiaco„
966 4991 1023 5041 LB.
