4042 5900
393 679 488 756 2530]
761 673 1227 739 rouassuusscuurs
1527 673 1590 738 aas

435 835 535 897 Breui
549 834 734 897 videbimus
748 854 814 915 quo
828 835 964 898 inclinet
978 854 1030 897 res
1041 834 1248 914 Euangelica.
1284 832 1317 896 Si
1329 834 1453 897 bellum
1464 835 1589 897 exoria-
1602 861 1636 899 20

393 925 459 991 tur,
475 938 534 998 ego
548 937 615 981 non
629 919 664 979 in
678 924 827 999 tempore
841 920 905 980 emi
918 918 1064 981 domum.
1108 919 1227 997 Magno
1241 937 1317 979 cum
1336 918 1426 979 vitae
1444 917 1589 999 periculo

393 1004 533 1082 migraui
557 1008 592 1063 et
616 1000 755 1064 subinde
777 1008 900 1081 egroto.
944 1001 1059 1064 Vbiuis
1081 1008 1194 1063 autem
1217 1003 1328 1063 viuere
1351 1001 1464 1063 malim
1489 1019 1588 1080 quam

392 1085 455 1158 hic,
470 1086 532 1147 nisi
546 1093 676 1164 cogeret
689 1086 876 1147 necessitas.

434 1167 613 1248 Sperabam
635 1167 785 1230 Cesarem
806 1168 926 1229 isthinc
949 1168 1112 1230 maturius
1134 1169 1352 1249 repetiturum
1374 1167 1587 1248 Hispaniam3

393 1252 459 1325 sed,
482 1258 521 1312 vt
542 1251 648 1325 video,
670 1251 817 1314 nondum
839 1250 923 1313 fluis.
968 1251 1057 1314 Bene
1077 1250 1162 1325 vale,
1184 1250 1356 1331 singularis
1377 1251 1490 1325 amice,
1512 1271 1587 1313 cum
1601 1278 1632 1327 25

393 1354 494 1396 vxorc
508 1354 546 1396 ac
561 1334 671 1396 liberis
685 1342 720 1397 et
733 1334 885 1397 omnibus
900 1335 963 1396 tibi
976 1334 1093 1397 charis.

434 1417 585 1498 Friburgi
600 1434 628 1495 3.
644 1417 712 1480 Cal.
728 1416 891 1496 Septemb.
910 1431 999 1495 1531.

433 1502 614 1581 Postquam
626 1501 684 1563 hec
695 1502 899 1581 scripseram,
908 1506 1070 1563 venerunt
1080 1500 1190 1563 littere
1201 1506 1279 1563 tuae
1290 1500 1431 1580 scriptae
1443 1501 1498 1563 xii.
1510 1500 1588 1562 Iulii

391 1604 456 1664 que
477 1586 677 1646 mentionem
696 1584 824 1646 faciunt
842 1585 1050 1647 conditorum
1069 1604 1154 1664 quae
1173 1584 1264 1646 misit
1280 1583 1468 1657 Lusitanus,
1483 1602 1586 1663 quan·

391 1687 491 1747 quam
506 1688 545 1729 ea
559 1667 782 1747 Hieronymus
796 1667 943 1729 nondum
958 1668 1094 1747 aceepit.
1137 1667 1179 1729 In
1197 1667 1248 1729 his
1266 1666 1386 1728 litteris
1405 1673 1484 1729 sunt
1502 1686 1587 1747 quae
1600 1695 1634 1746 ³0

392 1770 458 1812 uon
473 1751 628 1830 intelligo.
672 1752 735 1813 Per
749 1749 921 1824 Quirinum
938 1752 1091 1812 miseram
1110 1751 1284 1832 epistolam
1304 1751 1394 1812 Petri
1412 1750 1539 1829 Aegidii
1552 1757 1588 1812 ct

391 1835 536 1895 eiusdem
565 1833 796 1914 syngrapham,
826 1853 892 1913 qua
920 1834 1110 1896 testabatur
1138 1853 1172 1895 se
1204 1853 1262 1913 per
1293 1833 1446 1895 Licinum
1477 1853 1586 1895 meum

391 1919 552 1998 accepisse
569 1918 701 1979 nomine
720 1919 884 1997 pensionis
903 1916 1127 1980 Gurtraceusis
1146 1923 1280 1979 centum
1300 1923 1336 1978 et
1357 1918 1426 1978 xvii
1446 1916 1586 1978 florenos

391 2021 465 2061 cum
481 2001 609 2080 aliquot
623 2001 765 2063 etuleris.
809 2001 892 2062 Eam
906 2001 1081 2081 epistolam
1096 2007 1131 2062 et
1149 1999 1371 2080 syngrapham
1390 2001 1418 2061 si
1436 2000 1500 2062 tibi
1519 2019 1586 2062 uon

390 2084 531 2146 tradidit
558 2083 722 2158 Quirinus,
751 2085 818 2164 egit
845 2084 1051 2158 nebulonem,
1080 2090 1120 2145 vt
1147 2084 1181 2144 in
1213 2083 1328 2145 multis
1358 2083 1452 2145 illum
1482 2084 1586 2163 egisse
1598 2110 1631 2163 35

390 2168 544 2247 suspicor.
588 2167 634 2229 Et
655 2174 728 2228 tum
750 2167 802 2228 hic
822 2167 929 2229 adhuc
947 2167 1050 2248 perdo
1066 2167 1238 2229 duodecim
1255 2166 1411 2229 florenos:
1433 2186 1512 2228 nam
1526 2167 1585 2228 tri·

390 2252 483 2329 ginta
504 2250 709 2312 debebantur
730 2270 830 2331 supra
850 2258 993 2313 centum.
1038 2250 1100 2312 Vbi
1119 2257 1198 2312 sunt
1217 2250 1318 2330 igitur
1337 2249 1385 2311 illi
1402 2256 1534 2311 centum
1551 2257 1586 2312 et

391 2340 458 2394 tres
483 2333 597 2394 floreni
622 2340 768 2412 questu
793 2339 1050 2395 commemoras?
1092 2332 1177 2407 Quid
1202 2333 1330 2396 dederit
1354 2332 1489 2407 Quirino
1512 2353 1586 2395 mea

391 2417 472 2478 nihil
496 2417 605 2479 refert.
648 2415 785 2496 Scripsit
807 2417 850 2478 ad
874 2437 925 2479 me
948 2437 982 2478 se
1007 2417 1068 2478 tibi
1092 2436 1165 2478 eam
1190 2418 1361 2497 mcuniam
1385 2436 1583 2478 numerasse.

390 2500 435 2560 Et
449 2500 535 2561 forte
549 2502 615 2561 iam
630 2502 827 2562 numerauit.
1597 2529 1631 2578 40

432 2584 648 2662 Nequaquam
664 2583 781 2645 dubito
795 2582 835 2645 de
850 2582 914 2645 fide
929 2590 998 2656 tua,
1014 2583 1072 2644 sed
1090 2584 1118 2645 si
1137 2583 1217 2663 quid
1236 2583 1298 2644 tibi
1320 2590 1380 2644 aut
1401 2583 1481 2644 mihi
1502 2584 1584 2644 acci·

389 2666 484 2739 derit,
499 2667 540 2727 lis
554 2673 640 2728 esset
654 2667 742 2727 iuter
755 2666 898 2728 heredes.
941 2666 1016 2728 Imo
1030 2668 1098 2747 ipse
1113 2667 1221 2728 nescio
1236 2666 1315 2745 quid
1331 2666 1462 2728 habeas.
1506 2665 1585 2740 Quis

389 2756 502 2811 autem
517 2748 576 2810 dat
590 2750 753 2830 repetenti
772 2751 842 2811 sine
862 2750 1059 2831 syngrapha,
1074 2756 1109 2812 et
1128 2752 1220 2812 cuius
1239 2749 1374 2811 modum
1393 2749 1461 2829 ipse
1480 2750 1585 2811 nescit

389 2834 446 2913 qui
502 2834 569 2894 titi

431 2853 520 2979 Pppri
535 2916 661 2996 Aegidii
675 2916 841 2996 ingenium
859 2935 926 2978 uon
945 2936 1079 2998 possum
1099 2916 1180 2980 satis
1200 2916 1320 2979 mirari.
1364 2915 1476 2979 Toties
1494 2915 1583 2997 flagi·
1596 2943 1630 2997 45

390 3002 478 3061 teuit
502 3021 523 3061 a
548 3019 600 3062 me
628 3001 854 3078 quietantiam,
880 3019 982 3080 quum
1012 3001 1093 3063 mihi
1120 3020 1290 3080 nunquam
1316 2999 1452 3063 soluerit
1476 3007 1583 3062 totam

390 3102 562 3144 summam.
599 3083 684 3157 Feci,
695 3090 730 3145 et
740 3085 865 3163 gratias
874 3085 950 3164 egit.
987 3084 1141 3146 Timebat
1154 3104 1195 3146 ne
1208 3104 1250 3147 ex
1261 3083 1409 3164 epistolis
1418 3102 1583 3146 mouerem

389 3167 437 3227 illi
459 3167 560 3240 litem,
582 3185 684 3245 quum
707 3167 764 3228 illa
784 3167 923 3247 epistola
947 3186 1015 3247 qua
1038 3167 1226 3230 testabatur
1250 3173 1414 3247 quantum
1437 3167 1583 3241 haberet,

389 3249 541 3311 habuerit
569 3250 709 3311 sedecim
737 3250 876 3311 vulnera
903 3270 944 3312 ex
973 3250 1172 3331 perfossione
1199 3250 1386 3331 graphiarii.
1429 3249 1505 3311 Nou
1532 3257 1584 3312 est

388 3333 601 3430 metuendum
616 3352 657 3394 ne
668 3334 719 3394 vir
734 3333 788 3395 ille
802 3333 973 3413 decoquat.
1003 3333 1135 3414 Gryneo
1149 3339 1184 3395 et
1199 3333 1344 3396 Bebellic
1358 3354 1438 3396 caue
1449 3353 1490 3396 ue
1501 3332 1583 3395 fidas
1596 3360 1630 3410 50

388 3436 535 3477 mmmm.

430 3499 575 3560 Rursum
604 3499 688 3572 vale,
716 3498 833 3562 Schete
860 3501 963 3562 amice
991 3501 1189 3563 charissime.
1233 3499 1418 3562 Memineris
1447 3501 1583 3562 Petrum

388 3582 560 3661 Aegidium
585 3582 703 3644 debere
725 3588 858 3644 centum
883 3589 918 3645 et
940 3584 1172 3663 septemdecim
1196 3583 1334 3646 florenos
1357 3603 1432 3645 cum
1455 3583 1584 3663 aliquot

387 3667 530 3728 stuleris.

430 3774 568 3854 Egregie
582 3774 653 3835 viro
667 3774 805 3837 Erasmo
820 3772 939 3837 Scheto
953 3774 1162 3855 negociatori.
1207 3775 1423 3854 Antwerpiae.
1596 3777 1628 3828 5⁵
1684 3783 1688 3790 ·

664 4117 764 4180 2531.
811 4113 864 4180 Το
880 4112 1069 4181 Boumscr
1086 4114 1306 4181 unsaros.

426 4258 519 4314 Basle
531 4257 596 4314 MS.
613 4257 681 4314 AN.
695 4259 756 4315 111.
773 4273 817 4328 15.
832 4272 879 4330 73.
1314 4261 1506 4333 (Freiburg.)

425 4335 461 4399 Q·
479 4350 522 4404 14·
1271 4336 1544 4408 <Summer1531·>

422 4461 478 4521 [An
490 4459 608 4525 original
620 4460 714 4519 letter,
726 4461 888 4578 autographi
905 4460 1100 4527 throughout:
1118 4461 1169 4514 the
1185 4461 1395 4514 addresssheet
1412 4464 1437 4515 is
1454 4464 1580 4531 missing.

388 4527 417 4578 It
428 4543 496 4591 may
507 4528 630 4592 perhaps
642 4528 677 4578 be
689 4527 788 4593 placed
797 4527 850 4579 int
870 4526 1058 4579 esummerol
1071 4541 1082 4577 r
1086 4542 1133 4593 531
1146 4530 1229 4580 when
1237 4530 1374 4581 Erasmus
1382 4545 1440 4581 was
1448 4531 1582 4598 thinking

387 4592 737 4726 {lpyugpgngogppilm's
759 4594 972 4654 lether-inlus,
995 4594 1125 4646 Leonard
1148 4595 1251 4656 Fucbs.
1269 4604 1301 4648 at
1318 4597 1508 4664 Neuenburg3
1534 4613 1582 4650 see

420 4827 495 4876 2530.
513 4828 555 4877 28.
573 4825 681 4889 littere]
692 4827 747 4893 Ep.
761 4840 835 4891 2511.
1043 4840 1086 4892 49.
1103 4827 1233 4891 vulnera]
1244 4829 1287 4881 Cf.
1299 4829 1355 4896 Ep.
1367 4832 1442 4881 21⁶0.
1457 4844 1513 4882 ιη.

421 4906 462 4953 29.
480 4893 671 4956 conditorum]
687 4894 739 4946 flea
754 4894 809 4960 Ep.
821 4907 896 4958 2511.
909 4896 959 4946 28-
1008 4907 1084 5022 &pg
1096 4894 1245 5026 ἓξὲξ.
1263 4896 1339 4962 Epp.
1354 4897 1429 4958 2558.
1443 4909 1486 4961 45,
1504 4909 1580 4963 2574.

387 4973 462 5090 ³³31.
480 5025 559 5078 ress
567 5026 738 5093 ieamer.
746 5027 801 5094 cp.
811 5041 886 5094 2403.
893 5031 957 5094 6411.
