4042 5900
392 671 489 751 2367]
753 670 1232 736 roomnurssmosr
1553 674 1591 734 17

392 834 526 912 tuisque
548 832 700 894 omnibns
721 832 825 894 indies
842 852 960 913 eugere
981 832 1171 906 contendas,
1187 837 1297 894 tecum
1316 834 1386 912 ipse
1405 838 1535 894 certans
1552 838 1592 893 vt

392 915 541 996 quotidie
556 916 675 996 teipso
690 916 804 977 melior
814 916 945 978 euodes.
967 914 1170 996 singularem
1181 922 1274 978 tuem
1284 936 1361 995 erge
1371 917 1590 995 mepietetem

392 999 510 1061 lubens
531 998 712 1073 exosculor,
726 1000 829 1061 enimi
850 1000 902 1061 tui
921 1000 1141 1079 gratissimam
1158 998 1367 1061 voluntatem
1389 999 1588 1078 amplector:

392 1084 529 1145 temetsi
543 1084 570 1144 si
585 1083 666 1162 quid
680 1083 859 1145 officiorum
873 1083 907 1143 in
922 1083 1138 1144 clarissimum
1146 1089 1317 1163 parentem
1329 1089 1423 1145 tuum
1435 1081 1589 1162 impendi,

392 1166 447 1228 ille
470 1166 728 1228 cumulatissime
753 1165 913 1245 rependit.
957 1165 1053 1239 Quod
1072 1167 1201 1227 etiamsi
1223 1167 1331 1227 minus
1347 1172 1434 1227 esset
1451 1165 1588 1238 fectum,

392 1256 506 1312 temen
521 1249 601 1310 hese
616 1249 771 1329 voluptas
786 1268 886 1328 quem
899 1269 941 1310 ex
956 1255 1016 1311 tuo
1029 1249 1181 1329 profectu
1189 1251 1292 1329 cepio,
1302 1251 1364 1311 iste
1374 1256 1453 1311 tuus
1461 1249 1590 1310 enimus

390 1339 530 1414 perotus
542 1334 645 1394 etiem
659 1334 694 1393 in
708 1352 798 1394 meos
811 1351 976 1412 reponem,
991 1334 1019 1393 si
1032 1332 1100 1394 fors
1122 1333 1185 1394 tibi
1204 1334 1306 1394 serius
1323 1334 1494 1412 continget
1508 1331 1615 1401 refe-5

391 1416 486 1477 rendi
499 1416 642 1478 incultos
661 1434 761 1495 quem
781 1416 863 1477 mihi
881 1418 970 1477 vites
991 1415 1074 1489 finis,
1089 1416 1170 1477 mihi
1190 1435 1250 1496 pro
1267 1416 1464 1496 amplissime
1484 1414 1590 1476 relete

391 1501 500 1580 gretie
513 1505 574 1561 est.
618 1499 669 1560 Ee
689 1505 823 1561 tentum
842 1499 933 1579 opud
950 1518 1003 1560 me
1018 1506 1141 1561 crescet
1156 1506 1319 1579 quantum
1334 1505 1372 1561 tu
1387 1498 1589 1579 pulcerrimis

390 1585 517 1663 coeptis
531 1584 598 1644 tuis
612 1582 768 1644 adieceris
781 1583 982 1643 incrementi.

434 1665 531 1740 Quod
551 1666 653 1727 serius
675 1667 742 1727 tuis
766 1665 947 1745 respondeo
970 1666 1100 1739 litteris,
1125 1666 1265 1728 eduerss
1286 1665 1444 1727 valetudo
1466 1664 1532 1726 fuit
1555 1665 1588 1725 in

391 1769 501 1823 csuss,
517 1769 602 1828 quse
616 1769 670 1810 me
685 1754 759 1811 tote
772 1755 900 1810 sestete
915 1749 1135 1810 discrucieuit.
1158 1748 1253 1822 Quod
1268 1768 1355 1811 nunc
1369 1750 1470 1809 etiem
1481 1750 1589 1809 minus
1601 1756 1636 1804 60

390 1834 542 1913 opposite
563 1832 752 1912 respondeo,
775 1834 810 1893 in
835 1852 935 1894 ceuse
958 1838 1010 1894 est
1033 1833 1123 1911 quod
1145 1833 1318 1913 epistolem
1340 1838 1444 1905 tuem,
1469 1833 1504 1892 in
1527 1832 1589 1893 hoo

390 1918 569 2014 sepositum
584 1922 623 1977 vt
637 1915 837 2013 simulatque
851 1916 986 1977 deretur
1001 1917 1108 1978 ocium
1123 1917 1361 1996 responderem,
1371 1916 1515 2012 nancisci
1522 1934 1589 1975 non

389 1998 1069 2163 tiit..ie¹¹i.itt¹ztffititis
1084 1998 1589 2162 mettim?

390 2174 457 2240 tur,
473 2166 588 2229 Cerole
607 2166 655 2227 fili
672 2165 878 2228 charissime:
902 2166 995 2227 Idem
1018 2168 1203 2246 coniugium
1223 2172 1320 2228 tuum
1335 2166 1417 2227 bene
1430 2165 1588 2226 fortunet.
1602 2174 1635 2236 ⁶5

433 2250 533 2330 Apud
547 2250 742 2329 Friburgum
757 2250 923 2329 Brisgoiee
937 2250 966 2311 8.
983 2249 1092 2312 Celen.
1109 2248 1291 2330 septembr.
1307 2249 1404 2311 Anno
1418 2265 1577 2310 usum.

650 2452 798 2536 2368„„
843 2446 896 2513 Το
912 2447 1100 2513 Bosmscu
1117 2446 1335 2513 Amsssmm

428 2570 522 2626 Besle
533 2569 598 2625 MS.
612 2569 681 2624 AN.
695 2569 756 2624 111.
773 2583 816 2636 15.
833 2584 877 2635 19.
1337 2567 1494 2639 Freiburg.

426 2646 463 2711 Q.
478 2649 525 2701 62.
1281 2644 1317 2697 28
1331 2644 1454 2714 August
1469 2657 1551 2711 1530.

424 2765 483 2826 [An
499 2763 616 2829 originsl
633 2764 727 2822 letter,
739 2762 900 2827 eutogreph
918 2762 1104 2829 throughout.
1138 2762 1199 2813 The
1216 2763 1363 2827 year-dete
1379 2762 1404 2813 is
1420 2762 1590 2828 sufficiently

386 2831 542 2883 confirmed
554 2831 593 2895 by
604 2831 654 2881 thc
664 2830 818 2891 contente]

433 2938 464 3002 S.
481 2939 516 3001 P.
561 2938 673 2999 Zesius
687 2936 877 2999 conciliauit
891 2936 954 2997 tibi
969 2937 1110 2998 nominis
1127 2935 1411 2999 immortalitatem
1427 2935 1538 2999 sedito
1552 2936 1589 2998 li·

389 3023 488 3085 bello.
519 3020 647 3100 Siquid
663 3040 715 3082 me
730 3022 811 3082 scire
829 3020 929 3094 voles,
944 3026 1005 3081 eut
1020 3019 1132 3082 Simon
1146 3027 1266 3093 noster,
1282 3039 1340 3100 per
1354 3020 1441 3081 hunc
1456 3021 1587 3082 scribet.

388 3107 456 3169 Sed
477 3108 526 3167 ite
546 3105 653 3185 pingit
674 3110 714 3165 vt
738 3122 804 3164 non
827 3103 934 3165 multo
956 3103 1085 3165 fecilius
1107 3103 1213 3183 legem
1235 3103 1322 3165 illius
1344 3105 1467 3183 scripte
1488 3122 1587 3183 quem

389 3191 483 3253 dicte
493 3189 647 3269 percipio.
677 3187 782 3248 Amici
791 3186 889 3247 eulici
903 3193 1026 3266 cogunt
1041 3206 1100 3248 nos
1112 3188 1163 3248 hic
1175 3188 1316 3260 haerere,
1327 3186 1404 3248 lieet
1420 3189 1531 3248 enimo
1540 3207 1587 3249 re·

388 3274 552 3352 fregnnte.
582 3271 680 3333 Cesar
695 3270 816 3331 bonam
831 3270 957 3349 hyemis
972 3277 1100 3351 portem
1116 3271 1248 3333 videtur
1258 3276 1392 3331 noturus
1406 3272 1441 3331 in
1455 3269 1587 3332 Germe·
1601 3305 1617 3355 5

390 3359 458 3418 nie.
482 3356 617 3417 Vtinem
626 3353 764 3415 feliciter
779 3355 906 3415 omnio!
930 3353 1019 3414 Bene
1034 3353 1117 3415 vele.

433 3439 593 3518 Friburgi.
611 3452 629 3515 5
645 3437 712 3499 Cel.
729 3436 895 3517 Septemb.
912 3450 1003 3513 1530.

1168 3520 1323 3601 Agnoscis
1337 3540 1472 3583 menum
1487 3522 1546 3583 tui.

433 3621 561 3684 Clariss.
578 3621 641 3682 LL.
657 3621 841 3702 professori,
856 3620 1027 3682 Boniiecio
1041 3619 1267 3683 Amerbochio.
1284 3620 1441 3683 Besileee.

661 3796 760 3857 2369.
808 3791 915 3857 Fron
931 3790 1085 3858 066621)
1102 3789 1320 3858 Gocnrmns.

431 3913 525 3969 Besle
537 3913 602 3968 MS.
618 3912 756 3967 Goclenii
769 3912 930 3985 Epistolse
943 3932 970 3984 4.
1303 3991 1321 4044 8
1334 3915 1495 4045 ἓουνιῖἰιι.

1285 4006 1301 4044 2
1363 4007 1441 4061 ugus
1471 4005 1552 4060 1530.

425 4100 484 4161 [An
495 4098 613 4164 original
625 4097 719 4156 letter,
731 4099 893 4164 eutcgreph
905 4099 1091 4164 throughout.
1126 4100 1186 4150 The
1201 4099 1268 4151 dete
1283 4101 1308 4151 is
1322 4101 1475 4151 confirmed
1490 4102 1591 4167 hythe

389 4168 533 4219 reference
546 4172 577 4217 to
588 4165 639 4215 the
650 4165 717 4215 Diet
728 4165 759 4214 oi
770 4166 942 4232 Augsburg.]

433 4272 466 4336 S.
483 4274 519 4335 P.
549 4271 754 4333 Incredibilis
769 4278 820 4333 est
835 4273 887 4333 hio
903 4273 1072 4335 hominum
1087 4275 1274 4353 expectatio
1290 4275 1330 4335 de
1344 4277 1436 4336 exitu
1451 4295 1589 4338 conuen-

771 4399 847 4449 2367.
865 4402 908 4449 66.
927 4400 1012 4450 Anno
1023 4400 1075 4450 «ΙΝ
1083 4419 1089 4450 :
1108 4417 1161 4451 cm.
1173 4400 1211 4451 K.

427 4568 502 4618 2367.
515 4569 558 4617 62.
571 4566 968 4633 sepositem10i.Ep.2315.9.
1054 4567 1129 4617 2368.
1150 4581 1207 4617 1-2.
1225 4567 1329 4629 libello]
1348 4568 1478 4632 Defensio
1495 4569 1590 4619 nouis

425 4639 469 4697 65.
486 4633 649 4698 coniugium
657 4634 828 4695 tuum]This
837 4641 969 4685 sentence
1020 4634 1093 4685 dms
1103 4634 1216 4699 egeinst
1228 4635 1259 4684 P.
1268 4634 1393 4685 Stelleoi
1400 4634 1591 4700 OrlesnsOEp.

391 4717 484 4753 seems
500 4706 531 4751 to
547 4699 638 4764 impiy
649 4701 715 4751 thet
732 4702 782 4751 the
798 4701 864 4766 boy,
876 4716 940 4752 now
951 4717 969 4751 e
1020 4714 1095 4750 2210.
1105 4703 1179 4762 21n),
1190 4702 1334 4766 Freiburg,
1343 4702 1390 4752 Jo.
1400 4701 1500 4761 Faber,
1510 4714 1590 4765 253ο;

392 4771 447 4820 few
459 4767 577 4819 months
588 4781 657 4817 over
670 4781 699 4816 12
713 4769 770 4828 (see
781 4768 837 4833 Ep.
849 4782 915 4831 2623
928 4768 969 4818 in-
1021 4768 1091 4818 with
1099 4768 1400 4832 pretecetoBoniiece,
1409 4781 1424 4830 5
1434 4770 1507 4834 Aug.
1517 4781 1590 4832 1530.

392 4835 491 4894 trud),
507 4849 565 4884 wes
576 4833 668 4884 either
678 4834 794 4899 elreedy
805 4834 926 4885 married
938 4849 970 4884 or
1055 4849 1080 4884 2.
1098 4833 1205 4897 Simon]
1217 4834 1373 4899 Gryneeus.

392 4903 484 4953 about
498 4907 529 4952 to
544 4901 595 4950 be:
614 4906 647 4950 st
662 4916 700 4951 en
716 4917 787 4952 even
803 4902 903 4952 eerlier
918 4917 970 4966 ege
1056 4914 1080 4963 3.
1098 4902 1202 4966 pingit]
1218 4901 1269 4952 See
1284 4901 1339 4966 Ep.
1358 4903 1431 4964 1657.
1449 4916 1516 4965 13n;
1533 4900 1592 4952 end

392 4969 466 5020 then
483 4968 550 5018 thet
570 4974 602 5018 et
623 4968 715 5018 which
735 4969 780 5018 his
798 4969 894 5019 iether
913 4968 971 5018 hed
1023 4968 1067 5018 ior
1078 4968 1128 5018 the
1138 4967 1216 5018 word
1227 4969 1263 5018 oi.
1276 4968 1331 5032 Ep.
1343 4981 1419 5031 2352.
1432 4982 1490 5032 325.

393 5034 516 5087 married
528 5037 586 5096 (see
597 5036 653 5100 Ep.
665 5049 698 5099 79
709 5035 836 5097 intrudi.
1055 5051 1081 5100 4.
1099 5035 1145 5085 hic
1156 5035 1282 5096 haerere]
1293 5033 1336 5086 Cf.
1349 5036 1404 5101 Ep.
1418 5040 1494 5100 2366.
1509 5051 1569 5097 ron.

427 5132 505 5183 4522
982 5115 1002 5163 ⁰
