<?xml version="1.0" encoding="UTF-8"?>
<!DOCTYPE html PUBLIC "-//W3C//DTD XHTML 1.0 Transitional//EN"
    "http://www.w3.org/TR/xhtml1/DTD/xhtml1-transitional.dtd">
<html xmlns="http://www.w3.org/1999/xhtml" xml:lang="en" lang="en">
 <head>
  <title>
</title>
<meta http-equiv="Content-Type" content="text/html;charset=utf-8" />
  <meta name='ocr-system' content='tesseract 3.04.00' />
  <meta name='ocr-capabilities' content='ocr_page ocr_carea ocr_par ocr_line ocrx_word'/>
</head>
<body>
  <div class='ocr_page' id='page_1' title='image "./opusepistolarum02garrgoog_0342.png"; bbox 0 0 4042 5900; ppageno 0'>
   <div class='ocr_carea' id='block_1_1' title="bbox 517 612 1729 695">
    <p class='ocr_par' dir='ltr' id='par_1_1' title="bbox 517 612 1729 695">
     <span class='ocr_line' id='line_1_1' title="bbox 517 612 1729 695; baseline 0 -18"><span class='ocrx_word' id='word_1_1' title='bbox 517 617 578 677; x_wconf 78' lang='lat'><strong>306</strong></span> <span class='ocrx_word' id='word_1_2' title='bbox 863 612 1062 676; x_wconf 82' lang='lat' dir='ltr'>LETTERS</span> <span class='ocrx_word' id='word_1_3' title='bbox 1084 612 1140 676; x_wconf 78' lang='lat' dir='ltr'><strong>OF</strong></span> <span class='ocrx_word' id='word_1_4' title='bbox 1160 612 1365 679; x_wconf 84' lang='lat' dir='ltr'>ERASMUS</span> <span class='ocrx_word' id='word_1_5' title='bbox 1627 619 1729 695; x_wconf 85' lang='lat'>[1531</span> 
     </span>
    </p>
   </div>
   <div class='ocr_carea' id='block_1_2' title="bbox 455 772 1729 2766">
    <p class='ocr_par' dir='ltr' id='par_1_2' title="bbox 455 772 1729 1850">
     <span class='ocr_line' id='line_1_2' title="bbox 517 772 1729 852; baseline 0.002 -19"><span class='ocrx_word' id='word_1_6' title='bbox 517 774 611 845; x_wconf 88' lang='lat' dir='ltr'><strong>ticus,</strong></span> <span class='ocrx_word' id='word_1_7' title='bbox 641 773 780 834; x_wconf 89' lang='lat' dir='ltr'><strong>Ioannes</strong></span> <span class='ocrx_word' id='word_1_8' title='bbox 812 772 1040 852; x_wconf 85' lang='lat' dir='ltr'><strong>Marquardus,</strong></span> <span class='ocrx_word' id='word_1_9' title='bbox 1068 773 1265 835; x_wconf 86' lang='lat' dir='ltr'><strong>clarissimus</strong></span> <span class='ocrx_word' id='word_1_10' title='bbox 1297 775 1348 834; x_wconf 86' lang='lat' dir='ltr'><strong>vir</strong></span> <span class='ocrx_word' id='word_1_11' title='bbox 1375 772 1533 852; x_wconf 81' lang='lat' dir='ltr'>Georgius</span> <span class='ocrx_word' id='word_1_12' title='bbox 1564 772 1729 847; x_wconf 79' lang='lat' dir='ltr'><strong>Boemus,</strong></span> 
     </span>
     <span class='ocr_line' id='line_1_3' title="bbox 516 854 1729 937; baseline 0.002 -21"><span class='ocrx_word' id='word_1_13' title='bbox 516 856 646 935; x_wconf 88' lang='lat' dir='ltr'><strong>aliique</strong></span> <span class='ocrx_word' id='word_1_14' title='bbox 689 854 797 929; x_wconf 83' lang='lat' dir='ltr'><strong>Quare</strong></span> <span class='ocrx_word' id='word_1_15' title='bbox 817 876 858 918; x_wconf 88' lang='lat' dir='ltr'><strong>ex</strong></span> <span class='ocrx_word' id='word_1_16' title='bbox 878 862 968 917; x_wconf 88' lang='lat' dir='ltr'><strong>certa</strong></span> <span class='ocrx_word' id='word_1_17' title='bbox 987 876 1067 918; x_wconf 86' lang='lat' dir='ltr'><strong>voce</strong></span> <span class='ocrx_word' id='word_1_18' title='bbox 1086 856 1328 918; x_wconf 89' lang='lat' dir='ltr'><strong>cauillationem</strong></span> <span class='ocrx_word' id='word_1_19' title='bbox 1347 856 1478 937; x_wconf 88' lang='lat' dir='ltr'><strong>appello</strong></span> <span class='ocrx_word' id='word_1_20' title='bbox 1495 856 1590 935; x_wconf 91' lang='lat' dir='ltr'><strong>quod</strong></span> <span class='ocrx_word' id='word_1_21' title='bbox 1605 863 1644 918; x_wconf 91' lang='lat' dir='ltr'><strong>te</strong></span> <span class='ocrx_word' id='word_1_22' title='bbox 1659 876 1729 918; x_wconf 88' lang='lat' dir='ltr'><strong>non</strong></span> 
     </span>
     <span class='ocr_line' id='line_1_4' title="bbox 455 938 1728 1037; baseline -0.001 -34"><span class='ocrx_word' id='word_1_23' title='bbox 455 966 505 1018; x_wconf 79' lang='lat'><strong>7³0</strong></span> <span class='ocrx_word' id='word_1_24' title='bbox 517 938 665 1011; x_wconf 85' lang='lat' dir='ltr'><strong>laudans,</strong></span> <span class='ocrx_word' id='word_1_25' title='bbox 681 939 794 1018; x_wconf 89' lang='lat' dir='ltr'><strong>quod&#39;</strong></span> <span class='ocrx_word' id='word_1_26' title='bbox 785 958 818 1000; x_wconf 88' lang='lat' dir='ltr'><strong>m</strong></span> <span class='ocrx_word' id='word_1_27' title='bbox 832 959 984 1019; x_wconf 86' lang='lat' dir='ltr'><strong>procaces</strong></span> <span class='ocrx_word' id='word_1_28' title='bbox 999 939 1159 1019; x_wconf 87' lang='lat' dir='ltr'><strong>quosdam</strong></span> <span class='ocrx_word' id='word_1_29' title='bbox 1173 946 1209 1002; x_wconf 94' lang='lat' dir='ltr'><strong>et</strong></span> <span class='ocrx_word' id='word_1_30' title='bbox 1225 939 1407 1001; x_wconf 87' lang='lat' dir='ltr'><strong>Luteranos</strong></span> <span class='ocrx_word' id='word_1_31' title='bbox 1426 939 1594 1037; x_wconf 76' lang='lat' dir='ltr'><strong>quaedam</strong></span> <span class='ocrx_word' id='word_1_32' title='bbox 1611 940 1728 1002; x_wconf 89' lang='lat' dir='ltr'><strong>desto·</strong></span> 
     </span>
     <span class='ocr_line' id='line_1_5' title="bbox 516 1021 1726 1103; baseline 0.002 -20"><span class='ocrx_word' id='word_1_33' title='bbox 516 1022 681 1095; x_wconf 88' lang='lat' dir='ltr'><strong>machaus,</strong></span> <span class='ocrx_word' id='word_1_34' title='bbox 697 1021 903 1084; x_wconf 77' lang='lat' dir='ltr'><strong>Germaniam</strong></span> <span class='ocrx_word' id='word_1_35' title='bbox 918 1024 1143 1102; x_wconf 86' lang='lat' dir='ltr'><strong>vituperarim.</strong></span> <span class='ocrx_word' id='word_1_36' title='bbox 1186 1023 1258 1085; x_wconf 92' lang='lat' dir='ltr'><strong>Hoc</strong></span> <span class='ocrx_word' id='word_1_37' title='bbox 1273 1025 1394 1085; x_wconf 82' lang='lat' dir='ltr'>crimen</span> <span class='ocrx_word' id='word_1_38' title='bbox 1413 1024 1545 1084; x_wconf 91' lang='lat' dir='ltr'><strong>minime</strong></span> <span class='ocrx_word' id='word_1_39' title='bbox 1565 1042 1726 1103; x_wconf 86' lang='lat' dir='ltr'><strong>agnosco.</strong></span> 
     </span>
     <span class='ocr_line' id='line_1_6' title="bbox 517 1105 1726 1185; baseline 0.002 -19"><span class='ocrx_word' id='word_1_40' title='bbox 517 1105 603 1167; x_wconf 88' lang='lat' dir='ltr'><strong>Nam</strong></span> <span class='ocrx_word' id='word_1_41' title='bbox 618 1106 764 1166; x_wconf 90' lang='lat' dir='ltr'><strong>homines</strong></span> <span class='ocrx_word' id='word_1_42' title='bbox 778 1106 917 1179; x_wconf 81' lang='lat' dir='ltr'><strong>factiosi,</strong></span> <span class='ocrx_word' id='word_1_43' title='bbox 932 1125 1158 1185; x_wconf 89' lang='lat' dir='ltr'><strong>nouarumque</strong></span> <span class='ocrx_word' id='word_1_44' title='bbox 1169 1126 1277 1168; x_wconf 90' lang='lat' dir='ltr'><strong>rerum</strong></span> <span class='ocrx_word' id='word_1_45' title='bbox 1288 1107 1436 1179; x_wconf 79' lang='lat' dir='ltr'>studiosi,</span> <span class='ocrx_word' id='word_1_46' title='bbox 1447 1126 1488 1168; x_wconf 88' lang='lat' dir='ltr'><strong>ne</strong></span> <span class='ocrx_word' id='word_1_47' title='bbox 1502 1106 1726 1185; x_wconf 87' lang='lat' dir='ltr'><strong>prudentissi-</strong></span> 
     </span>
     <span class='ocr_line' id='line_1_7' title="bbox 517 1154 1728 1270; baseline 0.002 -21"><span class='ocrx_word' id='word_1_48' title='bbox 517 1208 590 1249; x_wconf 85' lang='lat' dir='ltr'><strong>mae</strong></span> <span class='ocrx_word' id='word_1_49' title='bbox 614 1189 747 1267; x_wconf 90' lang='lat' dir='ltr'><strong>quidem</strong></span> <span class='ocrx_word' id='word_1_50' title='bbox 771 1154 962 1251; x_wconf 78' lang='lat' dir='ltr'><strong>Germaniae</strong></span> <span class='ocrx_word' id='word_1_51' title='bbox 990 1189 1195 1268; x_wconf 82' lang='lat' dir='ltr'><strong>placuerunt.</strong></span> <span class='ocrx_word' id='word_1_52' title='bbox 1239 1189 1344 1251; x_wconf 89' lang='lat' dir='ltr'><strong>Nemo</strong></span> <span class='ocrx_word' id='word_1_53' title='bbox 1368 1196 1456 1250; x_wconf 85' lang='lat' dir='ltr'><strong>certe</strong></span> <span class='ocrx_word' id='word_1_54' title='bbox 1481 1190 1542 1251; x_wconf 91' lang='lat' dir='ltr'><strong>hoc</strong></span> <span class='ocrx_word' id='word_1_55' title='bbox 1568 1196 1728 1270; x_wconf 88' lang='lat' dir='ltr'><strong>tempore</strong></span> 
     </span>
     <span class='ocr_line' id='line_1_8' title="bbox 517 1270 1727 1352; baseline 0.001 -19"><span class='ocrx_word' id='word_1_56' title='bbox 517 1271 628 1351; x_wconf 90' lang='lat' dir='ltr'><strong>aliqua</strong></span> <span class='ocrx_word' id='word_1_57' title='bbox 642 1270 826 1333; x_wconf 84' lang='lat' dir='ltr'><strong>Christiana</strong></span> <span class='ocrx_word' id='word_1_58' title='bbox 840 1274 964 1352; x_wconf 87' lang='lat' dir='ltr'><strong>pietate</strong></span> <span class='ocrx_word' id='word_1_59' title='bbox 978 1273 1192 1352; x_wconf 82' lang='lat' dir='ltr'><strong>doctrinaque</strong></span> <span class='ocrx_word' id='word_1_60' title='bbox 1203 1273 1350 1334; x_wconf 91' lang='lat' dir='ltr'><strong>imbutus</strong></span> <span class='ocrx_word' id='word_1_61' title='bbox 1360 1274 1426 1334; x_wconf 87' lang='lat' dir='ltr'><strong>fuit</strong></span> <span class='ocrx_word' id='word_1_62' title='bbox 1436 1274 1494 1352; x_wconf 90' lang='lat' dir='ltr'><strong>qui</strong></span> <span class='ocrx_word' id='word_1_63' title='bbox 1503 1291 1570 1333; x_wconf 91' lang='lat' dir='ltr'><strong>non</strong></span> <span class='ocrx_word' id='word_1_64' title='bbox 1583 1279 1727 1334; x_wconf 89' lang='lat' dir='ltr'><strong>coactus</strong></span> 
     </span>
     <span class='ocr_line' id='line_1_9' title="bbox 455 1354 1726 1435; baseline -0.002 -15"><span class='ocrx_word' id='word_1_65' title='bbox 455 1368 504 1420; x_wconf 83' lang='lat'><strong>735</strong></span> <span class='ocrx_word' id='word_1_66' title='bbox 517 1356 617 1417; x_wconf 87' lang='lat' dir='ltr'><strong>fuerit</strong></span> <span class='ocrx_word' id='word_1_67' title='bbox 631 1374 728 1434; x_wconf 91' lang='lat' dir='ltr'><strong>super</strong></span> <span class='ocrx_word' id='word_1_68' title='bbox 742 1358 879 1416; x_wconf 90' lang='lat' dir='ltr'><strong>istorum</strong></span> <span class='ocrx_word' id='word_1_69' title='bbox 894 1355 1030 1417; x_wconf 87' lang='lat' dir='ltr'><strong>leuitate</strong></span> <span class='ocrx_word' id='word_1_70' title='bbox 1044 1356 1169 1435; x_wconf 90' lang='lat' dir='ltr'><strong>aliquid</strong></span> <span class='ocrx_word' id='word_1_71' title='bbox 1183 1356 1333 1417; x_wconf 85' lang='lat' dir='ltr'><strong>clamare.</strong></span> <span class='ocrx_word' id='word_1_72' title='bbox 1377 1354 1472 1429; x_wconf 86' lang='lat' dir='ltr'><strong>Quod</strong></span> <span class='ocrx_word' id='word_1_73' title='bbox 1486 1375 1507 1416; x_wconf 87' lang='lat' dir='ltr'><strong>a</strong></span> <span class='ocrx_word' id='word_1_74' title='bbox 1520 1375 1573 1417; x_wconf 92' lang='lat' dir='ltr'><strong>me</strong></span> <span class='ocrx_word' id='word_1_75' title='bbox 1589 1356 1726 1418; x_wconf 87' lang='lat' dir='ltr'><strong>iactum</strong></span> 
     </span>
     <span class='ocr_line' id='line_1_10' title="bbox 517 1438 1726 1519; baseline 0.002 -20"><span class='ocrx_word' id='word_1_76' title='bbox 517 1459 592 1500; x_wconf 92' lang='lat' dir='ltr'><strong>cum</strong></span> <span class='ocrx_word' id='word_1_77' title='bbox 612 1458 724 1499; x_wconf 90' lang='lat' dir='ltr'><strong>omnes</strong></span> <span class='ocrx_word' id='word_1_78' title='bbox 740 1440 837 1516; x_wconf 89' lang='lat' dir='ltr'><strong>aequi</strong></span> <span class='ocrx_word' id='word_1_79' title='bbox 854 1438 996 1518; x_wconf 92' lang='lat' dir='ltr'><strong>bonique</strong></span> <span class='ocrx_word' id='word_1_80' title='bbox 1013 1440 1178 1501; x_wconf 89' lang='lat' dir='ltr'><strong>consulere</strong></span> <span class='ocrx_word' id='word_1_81' title='bbox 1196 1439 1361 1512; x_wconf 90' lang='lat' dir='ltr'><strong>deberent,</strong></span> <span class='ocrx_word' id='word_1_82' title='bbox 1378 1445 1451 1500; x_wconf 90' lang='lat' dir='ltr'><strong>tum</strong></span> <span class='ocrx_word' id='word_1_83' title='bbox 1468 1458 1548 1500; x_wconf 89' lang='lat' dir='ltr'><strong>vero</strong></span> <span class='ocrx_word' id='word_1_84' title='bbox 1563 1440 1647 1518; x_wconf 92' lang='lat' dir='ltr'><strong>ipse,</strong></span> <span class='ocrx_word' id='word_1_85' title='bbox 1664 1442 1726 1519; x_wconf 90' lang='lat' dir='ltr'><strong>qui</strong></span> 
     </span>
     <span class='ocr_line' id='line_1_11' title="bbox 517 1521 1725 1601; baseline 0.001 -18"><span class='ocrx_word' id='word_1_86' title='bbox 517 1542 670 1600; x_wconf 86' lang='lat' dir='ltr'><strong>magnam</strong></span> <span class='ocrx_word' id='word_1_87' title='bbox 693 1522 754 1582; x_wconf 94' lang='lat' dir='ltr'><strong>tibi</strong></span> <span class='ocrx_word' id='word_1_88' title='bbox 773 1521 834 1582; x_wconf 92' lang='lat' dir='ltr'><strong>hac</strong></span> <span class='ocrx_word' id='word_1_89' title='bbox 854 1523 888 1582; x_wconf 93' lang='lat' dir='ltr'><strong>in</strong></span> <span class='ocrx_word' id='word_1_90' title='bbox 907 1541 941 1583; x_wconf 88' lang='lat' dir='ltr'><strong>re</strong></span> <span class='ocrx_word' id='word_1_91' title='bbox 960 1522 1125 1584; x_wconf 81' lang='lat' dir='ltr'><strong>licentiam</strong></span> <span class='ocrx_word' id='word_1_92' title='bbox 1143 1524 1318 1601; x_wconf 90' lang='lat' dir='ltr'><strong>arripuisti.</strong></span> <span class='ocrx_word' id='word_1_93' title='bbox 1361 1522 1433 1590; x_wconf 88' lang='lat' dir='ltr'><strong>Nisi</strong></span> <span class='ocrx_word' id='word_1_94' title='bbox 1447 1522 1533 1582; x_wconf 84' lang='lat' dir='ltr'><strong>forte</strong></span> <span class='ocrx_word' id='word_1_95' title='bbox 1547 1542 1636 1583; x_wconf 88' lang='lat' dir='ltr'><strong>vnus</strong></span> <span class='ocrx_word' id='word_1_96' title='bbox 1650 1542 1725 1584; x_wconf 89' lang='lat' dir='ltr'><strong>esse</strong></span> 
     </span>
     <span class='ocr_line' id='line_1_12' title="bbox 518 1604 1724 1684; baseline 0.002 -19"><span class='ocrx_word' id='word_1_97' title='bbox 518 1605 661 1666; x_wconf 87' lang='lat' dir='ltr'><strong>voluisti.</strong></span> <span class='ocrx_word' id='word_1_98' title='bbox 704 1604 767 1666; x_wconf 84' lang='lat' dir='ltr'><strong>Sed</strong></span> <span class='ocrx_word' id='word_1_99' title='bbox 789 1606 846 1684; x_wconf 91' lang='lat' dir='ltr'><strong>qui</strong></span> <span class='ocrx_word' id='word_1_100' title='bbox 868 1606 1014 1667; x_wconf 90' lang='lat' dir='ltr'><strong>homines</strong></span> <span class='ocrx_word' id='word_1_101' title='bbox 1033 1612 1119 1679; x_wconf 89' lang='lat' dir='ltr'><strong>sunt,</strong></span> <span class='ocrx_word' id='word_1_102' title='bbox 1140 1607 1225 1667; x_wconf 91' lang='lat' dir='ltr'><strong>sicut</strong></span> <span class='ocrx_word' id='word_1_103' title='bbox 1243 1612 1292 1679; x_wconf 90' lang='lat' dir='ltr'><strong>tu,</strong></span> <span class='ocrx_word' id='word_1_104' title='bbox 1307 1611 1342 1666; x_wconf 91' lang='lat' dir='ltr'><strong>et</strong></span> <span class='ocrx_word' id='word_1_105' title='bbox 1360 1604 1547 1677; x_wconf 83' lang='lat' dir='ltr'><strong>Christiani,</strong></span> <span class='ocrx_word' id='word_1_106' title='bbox 1562 1606 1652 1666; x_wconf 88' lang='lat' dir='ltr'><strong>sicut</strong></span> <span class='ocrx_word' id='word_1_107' title='bbox 1671 1613 1724 1679; x_wconf 89' lang='lat' dir='ltr'><strong>tu,</strong></span> 
     </span>
     <span class='ocr_line' id='line_1_13' title="bbox 518 1688 1726 1768; baseline -0.002 -18"><span class='ocrx_word' id='word_1_108' title='bbox 518 1688 631 1750; x_wconf 88' lang='lat' dir='ltr'><strong>ecdem</strong></span> <span class='ocrx_word' id='word_1_109' title='bbox 655 1708 711 1749; x_wconf 91' lang='lat' dir='ltr'><strong>eos</strong></span> <span class='ocrx_word' id='word_1_110' title='bbox 734 1707 833 1748; x_wconf 89' lang='lat' dir='ltr'><strong>sensu</strong></span> <span class='ocrx_word' id='word_1_111' title='bbox 855 1688 1023 1767; x_wconf 76' lang='lat' dir='ltr'><strong>praeditos</strong></span> <span class='ocrx_word' id='word_1_112' title='bbox 1046 1708 1117 1750; x_wconf 91' lang='lat' dir='ltr'><strong>esse</strong></span> <span class='ocrx_word' id='word_1_113' title='bbox 1142 1709 1208 1768; x_wconf 92' lang='lat' dir='ltr'><strong>quo</strong></span> <span class='ocrx_word' id='word_1_114' title='bbox 1232 1695 1267 1749; x_wconf 91' lang='lat' dir='ltr'><strong>et</strong></span> <span class='ocrx_word' id='word_1_115' title='bbox 1292 1696 1340 1761; x_wconf 93' lang='lat' dir='ltr'><strong>tu,</strong></span> <span class='ocrx_word' id='word_1_116' title='bbox 1365 1694 1401 1749; x_wconf 90' lang='lat' dir='ltr'><strong>et</strong></span> <span class='ocrx_word' id='word_1_117' title='bbox 1425 1689 1469 1749; x_wconf 87' lang='lat' dir='ltr'><strong>ad</strong></span> <span class='ocrx_word' id='word_1_118' title='bbox 1493 1707 1545 1748; x_wconf 84' lang='lat' dir='ltr'><strong>res</strong></span> <span class='ocrx_word' id='word_1_119' title='bbox 1567 1688 1726 1768; x_wconf 77' lang='lat' dir='ltr'><strong>indignas</strong></span> 
     </span>
     <span class='ocr_line' id='line_1_14' title="bbox 456 1771 1167 1850; baseline -0.001 -16"><span class='ocrx_word' id='word_1_120' title='bbox 456 1798 505 1850; x_wconf 87' lang='lat'><strong>740</strong></span> <span class='ocrx_word' id='word_1_121' title='bbox 518 1771 688 1850; x_wconf 90' lang='lat' dir='ltr'><strong>indignari,</strong></span> <span class='ocrx_word' id='word_1_122' title='bbox 704 1772 836 1850; x_wconf 88' lang='lat' dir='ltr'><strong>perinde</strong></span> <span class='ocrx_word' id='word_1_123' title='bbox 850 1791 888 1832; x_wconf 89' lang='lat' dir='ltr'><strong>ac</strong></span> <span class='ocrx_word' id='word_1_124' title='bbox 903 1777 951 1844; x_wconf 89' lang='lat' dir='ltr'><strong>tu,</strong></span> <span class='ocrx_word' id='word_1_125' title='bbox 966 1792 1094 1833; x_wconf 91' lang='lat' dir='ltr'><strong>necesse</strong></span> <span class='ocrx_word' id='word_1_126' title='bbox 1107 1779 1167 1833; x_wconf 90' lang='lat' dir='ltr'><strong>est.</strong></span> 
     </span>
    </p>

    <p class='ocr_par' dir='ltr' id='par_1_3' title="bbox 518 1854 1725 2184">
     <span class='ocr_line' id='line_1_15' title="bbox 560 1854 1725 1935; baseline 0.002 -20"><span class='ocrx_word' id='word_1_127' title='bbox 560 1855 684 1916; x_wconf 85' lang='lat' dir='ltr'><strong>Eadem</strong></span> <span class='ocrx_word' id='word_1_128' title='bbox 705 1862 757 1915; x_wconf 88' lang='lat' dir='ltr'><strong>est</strong></span> <span class='ocrx_word' id='word_1_129' title='bbox 777 1854 944 1916; x_wconf 87' lang='lat' dir='ltr'><strong>cauillatio</strong></span> <span class='ocrx_word' id='word_1_130' title='bbox 966 1855 1006 1915; x_wconf 93' lang='lat' dir='ltr'><strong>de</strong></span> <span class='ocrx_word' id='word_1_131' title='bbox 1027 1856 1362 1935; x_wconf 89' lang='lat' dir='ltr'><strong>interpretationibus,</strong></span> <span class='ocrx_word' id='word_1_132' title='bbox 1383 1854 1424 1915; x_wconf 95' lang='lat' dir='ltr'><strong>de</strong></span> <span class='ocrx_word' id='word_1_133' title='bbox 1445 1854 1665 1935; x_wconf 87' lang='lat' dir='ltr'><strong>philosophia,</strong></span> <span class='ocrx_word' id='word_1_134' title='bbox 1686 1862 1725 1917; x_wconf 91' lang='lat' dir='ltr'><strong>et</strong></span> 
     </span>
     <span class='ocr_line' id='line_1_16' title="bbox 518 1936 1724 2018; baseline 0.002 -21"><span class='ocrx_word' id='word_1_135' title='bbox 518 1936 608 2016; x_wconf 91' lang='lat' dir='ltr'><strong>quod</strong></span> <span class='ocrx_word' id='word_1_136' title='bbox 622 1944 696 1998; x_wconf 87' lang='lat' dir='ltr'><strong>tote</strong></span> <span class='ocrx_word' id='word_1_137' title='bbox 710 1939 743 1997; x_wconf 89' lang='lat' dir='ltr'><strong>in</strong></span> <span class='ocrx_word' id='word_1_138' title='bbox 763 1939 909 1998; x_wconf 90' lang='lat' dir='ltr'><strong>oratione</strong></span> <span class='ocrx_word' id='word_1_139' title='bbox 928 1938 1049 1999; x_wconf 87' lang='lat' dir='ltr'><strong>videris</strong></span> <span class='ocrx_word' id='word_1_140' title='bbox 1067 1944 1177 1999; x_wconf 88' lang='lat' dir='ltr'><strong>tecum</strong></span> <span class='ocrx_word' id='word_1_141' title='bbox 1199 1940 1269 2018; x_wconf 87' lang='lat' dir='ltr'><strong>ipse</strong></span> <span class='ocrx_word' id='word_1_142' title='bbox 1290 1958 1460 2018; x_wconf 89' lang='lat' dir='ltr'><strong>pugnasse,</strong></span> <span class='ocrx_word' id='word_1_143' title='bbox 1478 1943 1518 1998; x_wconf 92' lang='lat' dir='ltr'><strong>vt</strong></span> <span class='ocrx_word' id='word_1_144' title='bbox 1533 1957 1601 1999; x_wconf 91' lang='lat' dir='ltr'><strong>non</strong></span> <span class='ocrx_word' id='word_1_145' title='bbox 1619 1945 1724 1999; x_wconf 87' lang='lat' dir='ltr'><strong>tanta</strong></span> 
     </span>
     <span class='ocr_line' id='line_1_17' title="bbox 518 2021 1724 2100; baseline 0.001 -18"><span class='ocrx_word' id='word_1_146' title='bbox 518 2040 645 2082; x_wconf 88' lang='lat' dir='ltr'><strong>mecum</strong></span> <span class='ocrx_word' id='word_1_147' title='bbox 671 2028 797 2099; x_wconf 87' lang='lat' dir='ltr'><strong>quanta</strong></span> <span class='ocrx_word' id='word_1_148' title='bbox 825 2027 934 2082; x_wconf 91' lang='lat' dir='ltr'><strong>tecum</strong></span> <span class='ocrx_word' id='word_1_149' title='bbox 963 2021 1025 2082; x_wconf 90' lang='lat' dir='ltr'><strong>tibi</strong></span> <span class='ocrx_word' id='word_1_150' title='bbox 1052 2022 1153 2083; x_wconf 86' lang='lat' dir='ltr'><strong>fuerit</strong></span> <span class='ocrx_word' id='word_1_151' title='bbox 1180 2024 1357 2083; x_wconf 86' lang='lat' dir='ltr'><strong>contentio.</strong></span> <span class='ocrx_word' id='word_1_152' title='bbox 1401 2021 1596 2082; x_wconf 86' lang='lat' dir='ltr'><strong>Reuclinum</strong></span> <span class='ocrx_word' id='word_1_153' title='bbox 1622 2024 1724 2100; x_wconf 88' lang='lat' dir='ltr'><strong>quasi</strong></span> 
     </span>
     <span class='ocr_line' id='line_1_18' title="bbox 518 2104 1722 2184; baseline 0.001 -19"><span class='ocrx_word' id='word_1_154' title='bbox 518 2123 612 2183; x_wconf 88' lang='lat' dir='ltr'><strong>aegre</strong></span> <span class='ocrx_word' id='word_1_155' title='bbox 633 2104 698 2164; x_wconf 87' lang='lat' dir='ltr'><strong>fers</strong></span> <span class='ocrx_word' id='word_1_156' title='bbox 719 2124 740 2164; x_wconf 92' lang='lat' dir='ltr'><strong>a</strong></span> <span class='ocrx_word' id='word_1_157' title='bbox 761 2124 813 2164; x_wconf 91' lang='lat' dir='ltr'><strong>me</strong></span> <span class='ocrx_word' id='word_1_158' title='bbox 834 2104 1028 2166; x_wconf 90' lang='lat' dir='ltr'><strong>laudatum!</strong></span> <span class='ocrx_word' id='word_1_159' title='bbox 1062 2125 1159 2184; x_wconf 90' lang='lat' dir='ltr'><strong>quem</strong></span> <span class='ocrx_word' id='word_1_160' title='bbox 1181 2111 1230 2178; x_wconf 87' lang='lat' dir='ltr'><strong>tu,</strong></span> <span class='ocrx_word' id='word_1_161' title='bbox 1252 2106 1360 2166; x_wconf 84' lang='lat' dir='ltr'><strong>nescio</strong></span> <span class='ocrx_word' id='word_1_162' title='bbox 1381 2123 1447 2183; x_wconf 92' lang='lat' dir='ltr'><strong>qua</strong></span> <span class='ocrx_word' id='word_1_163' title='bbox 1468 2106 1663 2177; x_wconf 84' lang='lat' dir='ltr'><strong>autoritate,</strong></span> <span class='ocrx_word' id='word_1_164' title='bbox 1685 2107 1722 2166; x_wconf 91' lang='lat' dir='ltr'><strong>in</strong></span> 
     </span>
    </p>

    <p class='ocr_par' dir='ltr' id='par_1_4' title="bbox 456 2186 1721 2595">
     <span class='ocr_line' id='line_1_19' title="bbox 456 2186 1721 2267; baseline 0.002 -19"><span class='ocrx_word' id='word_1_165' title='bbox 456 2214 506 2265; x_wconf 80' lang='lat'><strong>745</strong></span> <span class='ocrx_word' id='word_1_166' title='bbox 518 2206 689 2248; x_wconf 89' lang='lat' dir='ltr'><strong>numerum</strong></span> <span class='ocrx_word' id='word_1_167' title='bbox 705 2187 855 2248; x_wconf 89' lang='lat' dir='ltr'><strong>diuorum</strong></span> <span class='ocrx_word' id='word_1_168' title='bbox 872 2187 1024 2248; x_wconf 90' lang='lat' dir='ltr'><strong>retulisti.</strong></span> <span class='ocrx_word' id='word_1_169' title='bbox 1068 2187 1207 2267; x_wconf 88' lang='lat' dir='ltr'><strong>Corrigis</strong></span> <span class='ocrx_word' id='word_1_170' title='bbox 1224 2189 1314 2266; x_wconf 90' lang='lat' dir='ltr'><strong>quod</strong></span> <span class='ocrx_word' id='word_1_171' title='bbox 1333 2188 1491 2249; x_wconf 88' lang='lat' dir='ltr'><strong>aduersus</strong></span> <span class='ocrx_word' id='word_1_172' title='bbox 1508 2186 1721 2250; x_wconf 88' lang='lat' dir='ltr'><strong>Auerroistas</strong></span> 
     </span>
     <span class='ocr_line' id='line_1_20' title="bbox 519 2270 1719 2350; baseline 0.002 -19"><span class='ocrx_word' id='word_1_173' title='bbox 519 2270 753 2343; x_wconf 89' lang='lat' dir='ltr'><strong>destomacher,</strong></span> <span class='ocrx_word' id='word_1_174' title='bbox 769 2290 851 2349; x_wconf 89' lang='lat' dir='ltr'><strong>quos</strong></span> <span class='ocrx_word' id='word_1_175' title='bbox 866 2277 904 2331; x_wconf 90' lang='lat' dir='ltr'><strong>tu</strong></span> <span class='ocrx_word' id='word_1_176' title='bbox 918 2272 953 2331; x_wconf 92' lang='lat' dir='ltr'><strong>in</strong></span> <span class='ocrx_word' id='word_1_177' title='bbox 967 2272 1119 2332; x_wconf 91' lang='lat' dir='ltr'><strong>omnibus</strong></span> <span class='ocrx_word' id='word_1_178' title='bbox 1133 2272 1223 2332; x_wconf 92' lang='lat' dir='ltr'><strong>libris</strong></span> <span class='ocrx_word' id='word_1_179' title='bbox 1238 2272 1304 2332; x_wconf 89' lang='lat' dir='ltr'><strong>tuis</strong></span> <span class='ocrx_word' id='word_1_180' title='bbox 1318 2290 1421 2350; x_wconf 84' lang='lat' dir='ltr'><strong>vsque</strong></span> <span class='ocrx_word' id='word_1_181' title='bbox 1434 2271 1479 2332; x_wconf 88' lang='lat' dir='ltr'><strong>ad</strong></span> <span class='ocrx_word' id='word_1_182' title='bbox 1489 2272 1594 2331; x_wconf 88' lang='lat' dir='ltr'><strong>rauim</strong></span> <span class='ocrx_word' id='word_1_183' title='bbox 1605 2274 1719 2333; x_wconf 89' lang='lat' dir='ltr'><strong>conui-</strong></span> 
     </span>
     <span class='ocr_line' id='line_1_21' title="bbox 519 2353 1719 2434; baseline 0.001 -20"><span class='ocrx_word' id='word_1_184' title='bbox 519 2355 623 2414; x_wconf 89' lang='lat' dir='ltr'><strong>tiatus</strong></span> <span class='ocrx_word' id='word_1_185' title='bbox 637 2372 680 2414; x_wconf 91' lang='lat' dir='ltr'><strong>es.</strong></span> <span class='ocrx_word' id='word_1_186' title='bbox 725 2353 911 2415; x_wconf 89' lang='lat' dir='ltr'><strong>Editionem</strong></span> <span class='ocrx_word' id='word_1_187' title='bbox 928 2373 994 2433; x_wconf 87' lang='lat' dir='ltr'><strong>qua</strong></span> <span class='ocrx_word' id='word_1_188' title='bbox 1012 2356 1119 2416; x_wconf 86' lang='lat' dir='ltr'><strong>vtitur</strong></span> <span class='ocrx_word' id='word_1_189' title='bbox 1137 2354 1282 2415; x_wconf 81' lang='lat' dir='ltr'><strong>Ecclesia</strong></span> <span class='ocrx_word' id='word_1_190' title='bbox 1302 2374 1401 2433; x_wconf 80' lang='lat' dir='ltr'><strong>negas</strong></span> <span class='ocrx_word' id='word_1_191' title='bbox 1422 2374 1492 2415; x_wconf 90' lang='lat' dir='ltr'><strong>esse</strong></span> <span class='ocrx_word' id='word_1_192' title='bbox 1513 2354 1719 2434; x_wconf 88' lang='lat' dir='ltr'><strong>Hieronymi,</strong></span> 
     </span>
     <span class='ocr_line' id='line_1_22' title="bbox 518 2437 1719 2515; baseline 0.002 -18"><span class='ocrx_word' id='word_1_193' title='bbox 518 2444 553 2498; x_wconf 87' lang='lat' dir='ltr'><strong>et</strong></span> <span class='ocrx_word' id='word_1_194' title='bbox 574 2438 608 2497; x_wconf 91' lang='lat' dir='ltr'><strong>in</strong></span> <span class='ocrx_word' id='word_1_195' title='bbox 630 2438 900 2498; x_wconf 87' lang='lat' dir='ltr'><strong>annotationibus</strong></span> <span class='ocrx_word' id='word_1_196' title='bbox 921 2439 1121 2515; x_wconf 85' lang='lat' dir='ltr'><strong>caeterisque</strong></span> <span class='ocrx_word' id='word_1_197' title='bbox 1143 2437 1233 2497; x_wconf 90' lang='lat' dir='ltr'><strong>libris</strong></span> <span class='ocrx_word' id='word_1_198' title='bbox 1253 2438 1333 2498; x_wconf 91' lang='lat' dir='ltr'><strong>dicis</strong></span> <span class='ocrx_word' id='word_1_199' title='bbox 1352 2438 1590 2515; x_wconf 89' lang='lat' dir='ltr'><strong>Hieronymum</strong></span> <span class='ocrx_word' id='word_1_200' title='bbox 1610 2439 1657 2499; x_wconf 91' lang='lat' dir='ltr'><strong>sic</strong></span> <span class='ocrx_word' id='word_1_201' title='bbox 1677 2457 1719 2499; x_wconf 90' lang='lat' dir='ltr'><strong>ex</strong></span> 
     </span>
     <span class='ocr_line' id='line_1_23' title="bbox 519 2519 1719 2595; baseline 0.002 -14"><span class='ocrx_word' id='word_1_202' title='bbox 519 2520 682 2581; x_wconf 87' lang='lat' dir='ltr'><strong>Hebraico</strong></span> <span class='ocrx_word' id='word_1_203' title='bbox 693 2521 837 2581; x_wconf 89' lang='lat' dir='ltr'><strong>vertisse.</strong></span> <span class='ocrx_word' id='word_1_204' title='bbox 880 2519 1121 2582; x_wconf 85' lang='lat' dir='ltr'><strong>Confessionem</strong></span> <span class='ocrx_word' id='word_1_205' title='bbox 1132 2521 1382 2582; x_wconf 85' lang='lat' dir='ltr'><strong>voluissesame</strong></span> <span class='ocrx_word' id='word_1_206' title='bbox 1393 2519 1535 2581; x_wconf 89' lang='lat' dir='ltr'><strong>validius</strong></span> <span class='ocrx_word' id='word_1_207' title='bbox 1545 2527 1719 2595; x_wconf 84' lang='lat' dir='ltr'><strong>assertam,</strong></span> 
     </span>
    </p>

    <p class='ocr_par' dir='ltr' id='par_1_5' title="bbox 457 2603 1718 2766">
     <span class='ocr_line' id='line_1_24' title="bbox 457 2603 1718 2683; baseline 0.002 -20"><span class='ocrx_word' id='word_1_208' title='bbox 457 2629 507 2679; x_wconf 84' lang='lat'><strong>750</strong></span> <span class='ocrx_word' id='word_1_209' title='bbox 519 2622 619 2682; x_wconf 88' lang='lat' dir='ltr'><strong>quam</strong></span> <span class='ocrx_word' id='word_1_210' title='bbox 634 2604 797 2682; x_wconf 90' lang='lat' dir='ltr'><strong>quomodo</strong></span> <span class='ocrx_word' id='word_1_211' title='bbox 812 2610 850 2664; x_wconf 90' lang='lat' dir='ltr'><strong>tu</strong></span> <span class='ocrx_word' id='word_1_212' title='bbox 862 2610 984 2664; x_wconf 89' lang='lat' dir='ltr'><strong>tractes</strong></span> <span class='ocrx_word' id='word_1_213' title='bbox 994 2604 1047 2664; x_wconf 87' lang='lat' dir='ltr'><strong>vel</strong></span> <span class='ocrx_word' id='word_1_214' title='bbox 1059 2610 1118 2664; x_wconf 92' lang='lat' dir='ltr'><strong>tua</strong></span> <span class='ocrx_word' id='word_1_215' title='bbox 1128 2603 1297 2683; x_wconf 86' lang='lat' dir='ltr'><strong>Colloquia</strong></span> <span class='ocrx_word' id='word_1_216' title='bbox 1308 2604 1461 2664; x_wconf 90' lang='lat' dir='ltr'><strong>clamant.</strong></span> <span class='ocrx_word' id='word_1_217' title='bbox 1506 2603 1545 2663; x_wconf 93' lang='lat' dir='ltr'><strong>In</strong></span> <span class='ocrx_word' id='word_1_218' title='bbox 1560 2603 1718 2666; x_wconf 81' lang='lat' dir='ltr'><strong>Litanam</strong></span> 
     </span>
     <span class='ocr_line' id='line_1_25' title="bbox 520 2686 1718 2766; baseline 0.001 -19"><span class='ocrx_word' id='word_1_219' title='bbox 520 2689 608 2764; x_wconf 82' lang='lat' dir='ltr'><strong>(me)</strong></span> <span class='ocrx_word' id='word_1_220' title='bbox 616 2688 723 2747; x_wconf 86' lang='lat' dir='ltr'><strong>nescio</strong></span> <span class='ocrx_word' id='word_1_221' title='bbox 732 2686 811 2765; x_wconf 91' lang='lat' dir='ltr'><strong>quid</strong></span> <span class='ocrx_word' id='word_1_222' title='bbox 820 2687 981 2748; x_wconf 88' lang='lat' dir='ltr'><strong>stomachi</strong></span> <span class='ocrx_word' id='word_1_223' title='bbox 992 2688 1072 2748; x_wconf 90' lang='lat' dir='ltr'><strong>dieis</strong></span> <span class='ocrx_word' id='word_1_224' title='bbox 1083 2706 1160 2766; x_wconf 89' lang='lat' dir='ltr'><strong>prae</strong></span> <span class='ocrx_word' id='word_1_225' title='bbox 1169 2707 1222 2748; x_wconf 92' lang='lat' dir='ltr'><strong>me</strong></span> <span class='ocrx_word' id='word_1_226' title='bbox 1230 2688 1323 2760; x_wconf 86' lang='lat' dir='ltr'><strong>ferre,</strong></span> <span class='ocrx_word' id='word_1_227' title='bbox 1333 2707 1430 2765; x_wconf 92' lang='lat' dir='ltr'><strong>quem</strong></span> <span class='ocrx_word' id='word_1_228' title='bbox 1440 2693 1489 2759; x_wconf 90' lang='lat' dir='ltr'><strong>tu,</strong></span> <span class='ocrx_word' id='word_1_229' title='bbox 1499 2687 1557 2747; x_wconf 90' lang='lat' dir='ltr'><strong>vbi</strong></span> <span class='ocrx_word' id='word_1_230' title='bbox 1566 2689 1718 2766; x_wconf 88' lang='lat' dir='ltr'><strong>potuisti,</strong></span> 
     </span>
    </p>
   </div>
   <div class='ocr_carea' id='block_1_3' title="bbox 441 2853 1723 4515">
    <p class='ocr_par' dir='ltr' id='par_1_6' title="bbox 519 2853 1718 3017">
     <span class='ocr_line' id='line_1_26' title="bbox 519 2853 1718 2931; baseline 0.003 -19"><span class='ocrx_word' id='word_1_231' title='bbox 519 2855 656 2931; x_wconf 87' lang='lat' dir='ltr'><strong>gentius,</strong></span> <span class='ocrx_word' id='word_1_232' title='bbox 672 2853 752 2931; x_wconf 93' lang='lat' dir='ltr'><strong>quid</strong></span> <span class='ocrx_word' id='word_1_233' title='bbox 769 2859 803 2914; x_wconf 92' lang='lat' dir='ltr'><strong>te</strong></span> <span class='ocrx_word' id='word_1_234' title='bbox 820 2853 952 2914; x_wconf 87' lang='lat' dir='ltr'><strong>deceat:</strong></span> <span class='ocrx_word' id='word_1_235' title='bbox 975 2860 1147 2914; x_wconf 86' lang='lat' dir='ltr'><strong>contemne</strong></span> <span class='ocrx_word' id='word_1_236' title='bbox 1163 2854 1280 2926; x_wconf 89' lang='lat' dir='ltr'><strong>multa,</strong></span> <span class='ocrx_word' id='word_1_237' title='bbox 1296 2853 1402 2914; x_wconf 90' lang='lat' dir='ltr'><strong>multa</strong></span> <span class='ocrx_word' id='word_1_238' title='bbox 1419 2853 1590 2914; x_wconf 90' lang='lat' dir='ltr'><strong>scribendo</strong></span> <span class='ocrx_word' id='word_1_239' title='bbox 1607 2855 1718 2927; x_wconf 88' lang='lat' dir='ltr'><strong>retice,</strong></span> 
     </span>
     <span class='ocr_line' id='line_1_27' title="bbox 519 2936 1540 3017; baseline 0 -19"><span class='ocrx_word' id='word_1_240' title='bbox 519 2956 578 2998; x_wconf 88' lang='lat' dir='ltr'><strong>nec</strong></span> <span class='ocrx_word' id='word_1_241' title='bbox 593 2937 760 2997; x_wconf 86' lang='lat' dir='ltr'><strong>arbitreris</strong></span> <span class='ocrx_word' id='word_1_242' title='bbox 775 2936 885 2998; x_wconf 83' lang='lat' dir='ltr'><strong>hostes</strong></span> <span class='ocrx_word' id='word_1_243' title='bbox 900 2957 1010 2998; x_wconf 89' lang='lat' dir='ltr'><strong>omnes</strong></span> <span class='ocrx_word' id='word_1_244' title='bbox 1026 2939 1083 3017; x_wconf 93' lang='lat' dir='ltr'><strong>qui</strong></span> <span class='ocrx_word' id='word_1_245' title='bbox 1098 2937 1222 3017; x_wconf 90' lang='lat' dir='ltr'><strong>aliquid</strong></span> <span class='ocrx_word' id='word_1_246' title='bbox 1237 2939 1268 2998; x_wconf 91' lang='lat' dir='ltr'><strong>in</strong></span> <span class='ocrx_word' id='word_1_247' title='bbox 1285 2943 1319 2999; x_wconf 90' lang='lat' dir='ltr'><strong>te</strong></span> <span class='ocrx_word' id='word_1_248' title='bbox 1333 2936 1540 3016; x_wconf 76' lang='lat' dir='ltr'><strong>reprendunt.</strong></span> 
     </span>
    </p>

    <p class='ocr_par' dir='ltr' id='par_1_7' title="bbox 458 3019 1722 3433">
     <span class='ocr_line' id='line_1_28' title="bbox 458 3019 1719 3100; baseline 0.001 -20"><span class='ocrx_word' id='word_1_249' title='bbox 458 3045 506 3097; x_wconf 88' lang='grc'><strong>755</strong></span> <span class='ocrx_word' id='word_1_250' title='bbox 562 3019 646 3081; x_wconf 84' lang='lat' dir='ltr'><strong>Sunt</strong></span> <span class='ocrx_word' id='word_1_251' title='bbox 661 3020 755 3099; x_wconf 88' lang='lat' dir='ltr'><strong>plura</strong></span> <span class='ocrx_word' id='word_1_252' title='bbox 769 3021 834 3081; x_wconf 87' lang='lat' dir='ltr'><strong>alia</strong></span> <span class='ocrx_word' id='word_1_253' title='bbox 849 3040 932 3099; x_wconf 89' lang='lat' dir='ltr'><strong>quae</strong></span> <span class='ocrx_word' id='word_1_254' title='bbox 946 3020 1050 3081; x_wconf 89' lang='lat' dir='ltr'><strong>libens</strong></span> <span class='ocrx_word' id='word_1_255' title='bbox 1065 3028 1241 3100; x_wconf 87' lang='lat' dir='ltr'><strong>praetereo,</strong></span> <span class='ocrx_word' id='word_1_256' title='bbox 1256 3041 1297 3081; x_wconf 93' lang='lat' dir='ltr'><strong>ne</strong></span> <span class='ocrx_word' id='word_1_257' title='bbox 1311 3028 1346 3081; x_wconf 91' lang='lat' dir='ltr'><strong>et</strong></span> <span class='ocrx_word' id='word_1_258' title='bbox 1360 3040 1469 3081; x_wconf 91' lang='lat' dir='ltr'><strong>senem</strong></span> <span class='ocrx_word' id='word_1_259' title='bbox 1487 3027 1522 3081; x_wconf 87' lang='lat' dir='ltr'><strong>et</strong></span> <span class='ocrx_word' id='word_1_260' title='bbox 1538 3021 1719 3082; x_wconf 89' lang='lat' dir='ltr'><strong>eruditissi-</strong></span> 
     </span>
     <span class='ocr_line' id='line_1_29' title="bbox 520 3104 1721 3176; baseline 0.001 -12"><span class='ocrx_word' id='word_1_261' title='bbox 520 3123 611 3164; x_wconf 90' lang='lat' dir='ltr'><strong>mum</strong></span> <span class='ocrx_word' id='word_1_262' title='bbox 627 3104 741 3164; x_wconf 91' lang='lat' dir='ltr'><strong>dooere</strong></span> <span class='ocrx_word' id='word_1_263' title='bbox 755 3104 896 3164; x_wconf 85' lang='lat' dir='ltr'><strong>voluisse</strong></span> <span class='ocrx_word' id='word_1_264' title='bbox 911 3104 1032 3164; x_wconf 90' lang='lat' dir='ltr'><strong>videar.</strong></span> <span class='ocrx_word' id='word_1_265' title='bbox 1076 3105 1125 3165; x_wconf 92' lang='lat' dir='ltr'><strong>De</strong></span> <span class='ocrx_word' id='word_1_266' title='bbox 1140 3124 1192 3165; x_wconf 94' lang='lat' dir='ltr'><strong>me</strong></span> <span class='ocrx_word' id='word_1_267' title='bbox 1207 3105 1268 3165; x_wconf 93' lang='lat' dir='ltr'><strong>hoc</strong></span> <span class='ocrx_word' id='word_1_268' title='bbox 1288 3104 1419 3176; x_wconf 88' lang='lat' dir='ltr'><strong>habete,</strong></span> <span class='ocrx_word' id='word_1_269' title='bbox 1435 3123 1487 3164; x_wconf 93' lang='lat' dir='ltr'><strong>me</strong></span> <span class='ocrx_word' id='word_1_270' title='bbox 1506 3104 1548 3163; x_wconf 90' lang='lat' dir='ltr'><strong>de</strong></span> <span class='ocrx_word' id='word_1_271' title='bbox 1567 3104 1721 3165; x_wconf 89' lang='lat' dir='ltr'><strong>doctrina</strong></span> 
     </span>
     <span class='ocr_line' id='line_1_30' title="bbox 520 3186 1720 3266; baseline 0.002 -19"><span class='ocrx_word' id='word_1_272' title='bbox 520 3186 730 3265; x_wconf 90' lang='lat' dir='ltr'><strong>moribusque</strong></span> <span class='ocrx_word' id='word_1_273' title='bbox 753 3188 820 3247; x_wconf 89' lang='lat' dir='ltr'><strong>tuis</strong></span> <span class='ocrx_word' id='word_1_274' title='bbox 842 3207 881 3247; x_wconf 89' lang='lat' dir='ltr'><strong>ac</strong></span> <span class='ocrx_word' id='word_1_275' title='bbox 904 3187 967 3247; x_wconf 89' lang='lat' dir='ltr'><strong>fide</strong></span> <span class='ocrx_word' id='word_1_276' title='bbox 991 3189 1114 3266; x_wconf 91' lang='lat' dir='ltr'><strong>optime</strong></span> <span class='ocrx_word' id='word_1_277' title='bbox 1137 3190 1264 3248; x_wconf 91' lang='lat' dir='ltr'><strong>sentire.</strong></span> <span class='ocrx_word' id='word_1_278' title='bbox 1309 3187 1376 3248; x_wconf 91' lang='lat' dir='ltr'><strong>Nec</strong></span> <span class='ocrx_word' id='word_1_279' title='bbox 1399 3186 1446 3247; x_wconf 92' lang='lat' dir='ltr'><strong>illi</strong></span> <span class='ocrx_word' id='word_1_280' title='bbox 1468 3187 1548 3247; x_wconf 93' lang='lat' dir='ltr'><strong>mihi</strong></span> <span class='ocrx_word' id='word_1_281' title='bbox 1571 3206 1720 3266; x_wconf 84' lang='lat' dir='ltr'><strong>vnquam</strong></span> 
     </span>
     <span class='ocr_line' id='line_1_31' title="bbox 520 3269 1722 3350; baseline 0.002 -21"><span class='ocrx_word' id='word_1_282' title='bbox 520 3269 714 3350; x_wconf 87' lang='lat' dir='ltr'><strong>placuerunt</strong></span> <span class='ocrx_word' id='word_1_283' title='bbox 728 3272 785 3349; x_wconf 91' lang='lat' dir='ltr'><strong>qui</strong></span> <span class='ocrx_word' id='word_1_284' title='bbox 799 3270 926 3331; x_wconf 93' lang='lat' dir='ltr'><strong>libellos</strong></span> <span class='ocrx_word' id='word_1_285' title='bbox 940 3270 1077 3331; x_wconf 81' lang='lat' dir='ltr'><strong>infames</strong></span> <span class='ocrx_word' id='word_1_286' title='bbox 1091 3278 1206 3332; x_wconf 86' lang='lat' dir='ltr'><strong>contra</strong></span> <span class='ocrx_word' id='word_1_287' title='bbox 1221 3277 1254 3331; x_wconf 89' lang='lat' dir='ltr'><strong>te</strong></span> <span class='ocrx_word' id='word_1_288' title='bbox 1268 3271 1450 3332; x_wconf 89' lang='lat' dir='ltr'><strong>ediderunt.</strong></span> <span class='ocrx_word' id='word_1_289' title='bbox 1487 3269 1591 3350; x_wconf 83' lang='lat' dir='ltr'><strong>Cupio</strong></span> <span class='ocrx_word' id='word_1_290' title='bbox 1606 3277 1722 3332; x_wconf 89' lang='lat' dir='ltr'><strong>tamen</strong></span> 
     </span>
     <span class='ocr_line' id='line_1_32' title="bbox 521 3353 1722 3433; baseline 0.002 -21"><span class='ocrx_word' id='word_1_291' title='bbox 521 3353 772 3433; x_wconf 83' lang='lat' dir='ltr'><strong>prudentissime</strong></span> <span class='ocrx_word' id='word_1_292' title='bbox 795 3353 941 3433; x_wconf 88' lang='lat' dir='ltr'><strong>perficias</strong></span> <span class='ocrx_word' id='word_1_293' title='bbox 962 3373 1003 3414; x_wconf 93' lang='lat' dir='ltr'><strong>ne</strong></span> <span class='ocrx_word' id='word_1_294' title='bbox 1025 3355 1100 3415; x_wconf 92' lang='lat' dir='ltr'><strong>odia</strong></span> <span class='ocrx_word' id='word_1_295' title='bbox 1121 3355 1269 3433; x_wconf 78' lang='lat' dir='ltr'><strong>gliscunt,</strong></span> <span class='ocrx_word' id='word_1_296' title='bbox 1292 3361 1326 3414; x_wconf 93' lang='lat' dir='ltr'><strong>et</strong></span> <span class='ocrx_word' id='word_1_297' title='bbox 1351 3373 1391 3413; x_wconf 91' lang='lat' dir='ltr'><strong>ne</strong></span> <span class='ocrx_word' id='word_1_298' title='bbox 1416 3373 1456 3414; x_wconf 83' lang='lat' dir='ltr'><strong>ex</strong></span> <span class='ocrx_word' id='word_1_299' title='bbox 1482 3354 1593 3432; x_wconf 87' lang='lat' dir='ltr'><strong>paruis</strong></span> <span class='ocrx_word' id='word_1_300' title='bbox 1616 3355 1722 3414; x_wconf 91' lang='lat' dir='ltr'><strong>initiis</strong></span> 
     </span>
    </p>

    <p class='ocr_par' dir='ltr' id='par_1_8' title="bbox 459 3435 1722 3849">
     <span class='ocr_line' id='line_1_33' title="bbox 459 3435 1721 3511; baseline 0.001 -13"><span class='ocrx_word' id='word_1_301' title='bbox 459 3449 509 3511; x_wconf 85' lang='lat'><strong>760</strong></span> <span class='ocrx_word' id='word_1_302' title='bbox 522 3441 669 3497; x_wconf 84' lang='lat' dir='ltr'><strong>crescant</strong></span> <span class='ocrx_word' id='word_1_303' title='bbox 690 3438 724 3496; x_wconf 91' lang='lat' dir='ltr'><strong>in</strong></span> <span class='ocrx_word' id='word_1_304' title='bbox 745 3438 948 3499; x_wconf 91' lang='lat' dir='ltr'><strong>immensum.</strong></span> <span class='ocrx_word' id='word_1_305' title='bbox 992 3435 1234 3499; x_wconf 84' lang='lat' dir='ltr'><strong>Occurrendum</strong></span> <span class='ocrx_word' id='word_1_306' title='bbox 1256 3442 1307 3498; x_wconf 90' lang='lat' dir='ltr'><strong>est</strong></span> <span class='ocrx_word' id='word_1_307' title='bbox 1328 3436 1587 3497; x_wconf 87' lang='lat' dir='ltr'><strong>mansuetudine.</strong></span> <span class='ocrx_word' id='word_1_308' title='bbox 1631 3436 1721 3499; x_wconf 91' lang='lat' dir='ltr'><strong>Nam</strong></span> 
     </span>
     <span class='ocr_line' id='line_1_34' title="bbox 521 3520 1722 3600; baseline 0.002 -20"><span class='ocrx_word' id='word_1_309' title='bbox 521 3520 636 3581; x_wconf 86' lang='lat' dir='ltr'><strong>statim</strong></span> <span class='ocrx_word' id='word_1_310' title='bbox 664 3526 699 3580; x_wconf 91' lang='lat' dir='ltr'><strong>et</strong></span> <span class='ocrx_word' id='word_1_311' title='bbox 726 3520 914 3581; x_wconf 89' lang='lat' dir='ltr'><strong>aduersario</strong></span> <span class='ocrx_word' id='word_1_312' title='bbox 943 3520 1126 3581; x_wconf 87' lang='lat' dir='ltr'><strong>obstruitur</strong></span> <span class='ocrx_word' id='word_1_313' title='bbox 1155 3541 1191 3581; x_wconf 90' lang='lat' dir='ltr'><strong>os</strong></span> <span class='ocrx_word' id='word_1_314' title='bbox 1215 3526 1250 3581; x_wconf 90' lang='lat' dir='ltr'><strong>et</strong></span> <span class='ocrx_word' id='word_1_315' title='bbox 1275 3520 1411 3581; x_wconf 88' lang='lat' dir='ltr'><strong>lectores</strong></span> <span class='ocrx_word' id='word_1_316' title='bbox 1436 3520 1519 3580; x_wconf 91' lang='lat' dir='ltr'><strong>mira</strong></span> <span class='ocrx_word' id='word_1_317' title='bbox 1543 3520 1722 3600; x_wconf 84' lang='lat' dir='ltr'><strong>voluptate</strong></span> 
     </span>
     <span class='ocr_line' id='line_1_35' title="bbox 521 3602 1721 3677; baseline 0.002 -14"><span class='ocrx_word' id='word_1_318' title='bbox 521 3602 757 3664; x_wconf 90' lang='lat' dir='ltr'><strong>demulcentur.</strong></span> <span class='ocrx_word' id='word_1_319' title='bbox 788 3604 833 3664; x_wconf 92' lang='lat' dir='ltr'><strong>Vt</strong></span> <span class='ocrx_word' id='word_1_320' title='bbox 842 3623 875 3663; x_wconf 87' lang='lat' dir='ltr'><strong>ee</strong></span> <span class='ocrx_word' id='word_1_321' title='bbox 884 3610 1002 3664; x_wconf 89' lang='lat' dir='ltr'><strong>mutuo</strong></span> <span class='ocrx_word' id='word_1_322' title='bbox 1010 3602 1186 3664; x_wconf 85' lang='lat' dir='ltr'><strong>Christiani</strong></span> <span class='ocrx_word' id='word_1_323' title='bbox 1195 3604 1372 3665; x_wconf 90' lang='lat' dir='ltr'><strong>christiana</strong></span> <span class='ocrx_word' id='word_1_324' title='bbox 1381 3604 1543 3664; x_wconf 90' lang='lat' dir='ltr'><strong>charitate</strong></span> <span class='ocrx_word' id='word_1_325' title='bbox 1551 3610 1721 3677; x_wconf 89' lang='lat' dir='ltr'><strong>moneant,</strong></span> 
     </span>
     <span class='ocr_line' id='line_1_36' title="bbox 521 3685 1722 3766; baseline 0.003 -20"><span class='ocrx_word' id='word_1_326' title='bbox 521 3685 654 3747; x_wconf 88' lang='lat' dir='ltr'><strong>mirifice</strong></span> <span class='ocrx_word' id='word_1_327' title='bbox 669 3686 789 3764; x_wconf 91' lang='lat' dir='ltr'><strong>probo:</strong></span> <span class='ocrx_word' id='word_1_328' title='bbox 813 3687 869 3747; x_wconf 93' lang='lat' dir='ltr'><strong>sed</strong></span> <span class='ocrx_word' id='word_1_329' title='bbox 884 3689 1101 3766; x_wconf 88' lang='lat' dir='ltr'><strong>procacitates</strong></span> <span class='ocrx_word' id='word_1_330' title='bbox 1114 3694 1149 3748; x_wconf 93' lang='lat' dir='ltr'><strong>et</strong></span> <span class='ocrx_word' id='word_1_331' title='bbox 1163 3686 1378 3748; x_wconf 89' lang='lat' dir='ltr'><strong>contumelias</strong></span> <span class='ocrx_word' id='word_1_332' title='bbox 1395 3687 1567 3747; x_wconf 90' lang='lat' dir='ltr'><strong>abhorrere</strong></span> <span class='ocrx_word' id='word_1_333' title='bbox 1585 3706 1722 3766; x_wconf 78' lang='lat' dir='ltr'><strong>promus</strong></span> 
     </span>
     <span class='ocr_line' id='line_1_37' title="bbox 522 3769 1721 3849; baseline 0.002 -19"><span class='ocrx_word' id='word_1_334' title='bbox 522 3769 565 3830; x_wconf 87' lang='lat' dir='ltr'><strong>ab</strong></span> <span class='ocrx_word' id='word_1_335' title='bbox 580 3789 619 3830; x_wconf 91' lang='lat' dir='ltr'><strong>ea</strong></span> <span class='ocrx_word' id='word_1_336' title='bbox 634 3789 733 3848; x_wconf 90' lang='lat' dir='ltr'><strong>quam</strong></span> <span class='ocrx_word' id='word_1_337' title='bbox 749 3770 940 3848; x_wconf 89' lang='lat' dir='ltr'><strong>profitemur</strong></span> <span class='ocrx_word' id='word_1_338' title='bbox 957 3770 1109 3849; x_wconf 84' lang='lat' dir='ltr'><strong>religione</strong></span> <span class='ocrx_word' id='word_1_339' title='bbox 1128 3770 1242 3831; x_wconf 80' lang='lat' dir='ltr'><strong>clamo</strong></span> <span class='ocrx_word' id='word_1_340' title='bbox 1287 3769 1447 3830; x_wconf 89' lang='lat' dir='ltr'><strong>Omisera</strong></span> <span class='ocrx_word' id='word_1_341' title='bbox 1466 3770 1574 3830; x_wconf 85' lang='lat' dir='ltr'><strong>secula</strong></span> <span class='ocrx_word' id='word_1_342' title='bbox 1593 3777 1721 3843; x_wconf 89' lang='lat' dir='ltr'><strong>nostra,</strong></span> 
     </span>
    </p>

    <p class='ocr_par' dir='ltr' id='par_1_9' title="bbox 460 3852 1723 4016">
     <span class='ocr_line' id='line_1_38' title="bbox 460 3852 1723 3932; baseline 0.003 -20"><span class='ocrx_word' id='word_1_343' title='bbox 460 3866 509 3927; x_wconf 84' lang='lat'><strong>765</strong></span> <span class='ocrx_word' id='word_1_344' title='bbox 523 3854 550 3913; x_wconf 94' lang='lat' dir='ltr'><strong>si</strong></span> <span class='ocrx_word' id='word_1_345' title='bbox 564 3853 722 3924; x_wconf 88' lang='lat' dir='ltr'><strong>doctrina,</strong></span> <span class='ocrx_word' id='word_1_346' title='bbox 738 3872 822 3930; x_wconf 91' lang='lat' dir='ltr'><strong>quae</strong></span> <span class='ocrx_word' id='word_1_347' title='bbox 837 3852 975 3913; x_wconf 87' lang='lat' dir='ltr'><strong>coeleste</strong></span> <span class='ocrx_word' id='word_1_348' title='bbox 989 3873 1109 3914; x_wconf 90' lang='lat' dir='ltr'><strong>munus</strong></span> <span class='ocrx_word' id='word_1_349' title='bbox 1122 3860 1157 3914; x_wconf 94' lang='lat' dir='ltr'><strong>et</strong></span> <span class='ocrx_word' id='word_1_350' title='bbox 1171 3854 1306 3914; x_wconf 91' lang='lat' dir='ltr'><strong>humani</strong></span> <span class='ocrx_word' id='word_1_351' title='bbox 1322 3855 1445 3932; x_wconf 88' lang='lat' dir='ltr'><strong>generis</strong></span> <span class='ocrx_word' id='word_1_352' title='bbox 1465 3858 1515 3912; x_wconf 89' lang='lat' dir='ltr'><strong>est</strong></span> <span class='ocrx_word' id='word_1_353' title='bbox 1535 3853 1644 3926; x_wconf 84' lang='lat' dir='ltr'><strong>decus,</strong></span> <span class='ocrx_word' id='word_1_354' title='bbox 1660 3863 1723 3916; x_wconf 87' lang='lat' dir='ltr'><strong>aut</strong></span> 
     </span>
     <span class='ocr_line' id='line_1_39' title="bbox 523 3935 1723 4016; baseline 0.002 -19"><span class='ocrx_word' id='word_1_355' title='bbox 523 3936 669 3997; x_wconf 87' lang='lat' dir='ltr'><strong>haereses</strong></span> <span class='ocrx_word' id='word_1_356' title='bbox 683 3935 777 3996; x_wconf 86' lang='lat' dir='ltr'><strong>nobie</strong></span> <span class='ocrx_word' id='word_1_357' title='bbox 791 3938 899 4015; x_wconf 89' lang='lat' dir='ltr'><strong>pariat</strong></span> <span class='ocrx_word' id='word_1_358' title='bbox 914 3943 974 3997; x_wconf 90' lang='lat' dir='ltr'><strong>aut</strong></span> <span class='ocrx_word' id='word_1_359' title='bbox 989 3938 1193 3996; x_wconf 88' lang='lat' dir='ltr'><strong>sanctissima</strong></span> <span class='ocrx_word' id='word_1_360' title='bbox 1206 3936 1346 4008; x_wconf 90' lang='lat' dir='ltr'><strong>foedera,</strong></span> <span class='ocrx_word' id='word_1_361' title='bbox 1362 3936 1481 4014; x_wconf 91' lang='lat' dir='ltr'><strong>quibus</strong></span> <span class='ocrx_word' id='word_1_362' title='bbox 1495 3938 1723 4016; x_wconf 84' lang='lat' dir='ltr'><strong>vnusquisque</strong></span> 
     </span>
    </p>

    <p class='ocr_par' dir='ltr' id='par_1_10' title="bbox 441 4017 1723 4265">
     <span class='ocr_line' id='line_1_40' title="bbox 441 4017 1721 4098; baseline 0.005 -22"><span class='ocrx_word' id='word_1_363' title='bbox 441 4073 442 4076; x_wconf 74' lang='grc'>,</span> <span class='ocrx_word' id='word_1_364' title='bbox 523 4020 556 4079; x_wconf 93' lang='lat' dir='ltr'><strong>in</strong></span> <span class='ocrx_word' id='word_1_365' title='bbox 566 4017 696 4079; x_wconf 86' lang='lat' dir='ltr'><strong>Christo</strong></span> <span class='ocrx_word' id='word_1_366' title='bbox 707 4019 878 4080; x_wconf 90' lang='lat' dir='ltr'><strong>deuinctus</strong></span> <span class='ocrx_word' id='word_1_367' title='bbox 890 4024 949 4092; x_wconf 90' lang='lat' dir='ltr'><strong>est,</strong></span> <span class='ocrx_word' id='word_1_368' title='bbox 962 4020 1144 4098; x_wconf 84' lang='lat' dir='ltr'><strong>disiungat!</strong></span> <span class='ocrx_word' id='word_1_369' title='bbox 1166 4019 1291 4098; x_wconf 84' lang='grc' dir='ltr'>χαίρετε</span> <span class='ocrx_word' id='word_1_370' title='bbox 1302 4019 1481 4097; x_wconf 79' lang='grc' dir='ltr'>γράμματα,</span> <span class='ocrx_word' id='word_1_371' title='bbox 1492 4021 1519 4079; x_wconf 93' lang='lat' dir='ltr'><strong>si</strong></span> <span class='ocrx_word' id='word_1_372' title='bbox 1530 4019 1609 4079; x_wconf 87' lang='lat' dir='ltr'><strong>haec</strong></span> <span class='ocrx_word' id='word_1_373' title='bbox 1620 4022 1721 4083; x_wconf 90' lang='lat' dir='ltr'><strong>sunt!</strong></span> 
     </span>
     <span class='ocr_line' id='line_1_41' title="bbox 523 4101 1722 4181; baseline 0.003 -18"><span class='ocrx_word' id='word_1_374' title='bbox 523 4101 627 4163; x_wconf 85' lang='lat' dir='ltr'><strong>Citius</strong></span> <span class='ocrx_word' id='word_1_375' title='bbox 646 4103 761 4162; x_wconf 88' lang='lat' dir='ltr'><strong>rastris</strong></span> <span class='ocrx_word' id='word_1_376' title='bbox 780 4122 819 4163; x_wconf 92' lang='lat' dir='ltr'><strong>ac</strong></span> <span class='ocrx_word' id='word_1_377' title='bbox 836 4102 998 4181; x_wconf 84' lang='lat' dir='ltr'><strong>ligonibus</strong></span> <span class='ocrx_word' id='word_1_378' title='bbox 1018 4122 1165 4164; x_wconf 91' lang='lat' dir='ltr'><strong>censeam</strong></span> <span class='ocrx_word' id='word_1_379' title='bbox 1185 4103 1413 4164; x_wconf 90' lang='lat' dir='ltr'><strong>insudandum.</strong></span> <span class='ocrx_word' id='word_1_380' title='bbox 1458 4102 1564 4175; x_wconf 81' lang='lat' dir='ltr'><strong>Quare</strong></span> <span class='ocrx_word' id='word_1_381' title='bbox 1584 4102 1722 4166; x_wconf 89' lang='lat' dir='ltr'><strong>obsecro</strong></span> 
     </span>
     <span class='ocr_line' id='line_1_42' title="bbox 524 4185 1723 4265; baseline 0.003 -20"><span class='ocrx_word' id='word_1_382' title='bbox 524 4191 568 4258; x_wconf 84' lang='lat' dir='ltr'><strong>te,</strong></span> <span class='ocrx_word' id='word_1_383' title='bbox 590 4192 629 4245; x_wconf 86' lang='lat' dir='ltr'><strong>vt</strong></span> <span class='ocrx_word' id='word_1_384' title='bbox 649 4185 747 4245; x_wconf 91' lang='lat' dir='ltr'><strong>finem</strong></span> <span class='ocrx_word' id='word_1_385' title='bbox 770 4192 806 4246; x_wconf 90' lang='lat' dir='ltr'><strong>et</strong></span> <span class='ocrx_word' id='word_1_386' title='bbox 828 4205 955 4246; x_wconf 90' lang='lat' dir='ltr'><strong>mecum</strong></span> <span class='ocrx_word' id='word_1_387' title='bbox 981 4192 1112 4247; x_wconf 92' lang='lat' dir='ltr'><strong>etcum</strong></span> <span class='ocrx_word' id='word_1_388' title='bbox 1138 4188 1275 4247; x_wconf 89' lang='lat' dir='ltr'><strong>caeteris</strong></span> <span class='ocrx_word' id='word_1_389' title='bbox 1300 4186 1517 4246; x_wconf 88' lang='lat' dir='ltr'><strong>contendendi</strong></span> <span class='ocrx_word' id='word_1_390' title='bbox 1542 4185 1723 4265; x_wconf 85' lang='lat' dir='ltr'><strong>aliquando</strong></span> 
     </span>
    </p>

    <p class='ocr_par' dir='ltr' id='par_1_11' title="bbox 462 4267 1722 4515">
     <span class='ocr_line' id='line_1_43' title="bbox 462 4267 1721 4350; baseline 0.002 -22"><span class='ocrx_word' id='word_1_391' title='bbox 462 4290 512 4342; x_wconf 86' lang='lat'><strong>770</strong></span> <span class='ocrx_word' id='word_1_392' title='bbox 523 4267 633 4329; x_wconf 85' lang='lat' dir='ltr'><strong>iacias.</strong></span> <span class='ocrx_word' id='word_1_393' title='bbox 677 4268 752 4329; x_wconf 92' lang='lat' dir='ltr'><strong>Non</strong></span> <span class='ocrx_word' id='word_1_394' title='bbox 767 4274 844 4329; x_wconf 90' lang='lat' dir='ltr'><strong>sunt</strong></span> <span class='ocrx_word' id='word_1_395' title='bbox 858 4288 876 4329; x_wconf 94' lang='lat' dir='ltr'><strong>e</strong></span> <span class='ocrx_word' id='word_1_396' title='bbox 891 4271 1008 4347; x_wconf 91' lang='lat' dir='ltr'><strong>quauis</strong></span> <span class='ocrx_word' id='word_1_397' title='bbox 1023 4289 1121 4330; x_wconf 90' lang='lat' dir='ltr'><strong>causa</strong></span> <span class='ocrx_word' id='word_1_398' title='bbox 1135 4271 1239 4350; x_wconf 90' lang='lat' dir='ltr'><strong>iurgia</strong></span> <span class='ocrx_word' id='word_1_399' title='bbox 1255 4270 1439 4330; x_wconf 85' lang='lat' dir='ltr'><strong>excitanda.</strong></span> <span class='ocrx_word' id='word_1_400' title='bbox 1483 4268 1558 4329; x_wconf 92' lang='lat' dir='ltr'><strong>Non</strong></span> <span class='ocrx_word' id='word_1_401' title='bbox 1577 4275 1629 4329; x_wconf 88' lang='lat' dir='ltr'><strong>est</strong></span> <span class='ocrx_word' id='word_1_402' title='bbox 1648 4275 1721 4331; x_wconf 91' lang='lat' dir='ltr'><strong>tam</strong></span> 
     </span>
     <span class='ocr_line' id='line_1_44' title="bbox 523 4350 1722 4432; baseline 0.003 -21"><span class='ocrx_word' id='word_1_403' title='bbox 523 4350 630 4411; x_wconf 85' lang='lat' dir='ltr'><strong>famae</strong></span> <span class='ocrx_word' id='word_1_404' title='bbox 656 4352 950 4431; x_wconf 88' lang='lat' dir='ltr'><strong>pertimescendum</strong></span> <span class='ocrx_word' id='word_1_405' title='bbox 975 4360 1023 4426; x_wconf 84' lang='lat' dir='ltr'><strong>vt,</strong></span> <span class='ocrx_word' id='word_1_406' title='bbox 1048 4354 1171 4432; x_wconf 91' lang='lat' dir='ltr'><strong>siquis</strong></span> <span class='ocrx_word' id='word_1_407' title='bbox 1196 4354 1248 4414; x_wconf 93' lang='lat' dir='ltr'><strong>vel</strong></span> <span class='ocrx_word' id='word_1_408' title='bbox 1274 4372 1389 4432; x_wconf 89' lang='lat' dir='ltr'><strong>parum</strong></span> <span class='ocrx_word' id='word_1_409' title='bbox 1415 4352 1589 4412; x_wconf 91' lang='lat' dir='ltr'><strong>honorifice</strong></span> <span class='ocrx_word' id='word_1_410' title='bbox 1614 4355 1722 4414; x_wconf 86' lang='lat' dir='ltr'><strong>nostri</strong></span> 
     </span>
     <span class='ocr_line' id='line_1_45' title="bbox 523 4434 1721 4515; baseline 0.003 -21"><span class='ocrx_word' id='word_1_411' title='bbox 523 4453 647 4495; x_wconf 89' lang='lat' dir='ltr'><strong>memor</strong></span> <span class='ocrx_word' id='word_1_412' title='bbox 660 4434 735 4508; x_wconf 81' lang='lat' dir='ltr'><strong>fuit,</strong></span> <span class='ocrx_word' id='word_1_413' title='bbox 750 4434 803 4494; x_wconf 89' lang='lat' dir='ltr'><strong>vel</strong></span> <span class='ocrx_word' id='word_1_414' title='bbox 818 4435 859 4495; x_wconf 94' lang='lat' dir='ltr'><strong>de</strong></span> <span class='ocrx_word' id='word_1_415' title='bbox 873 4436 967 4496; x_wconf 90' lang='lat' dir='ltr'><strong>nobis</strong></span> <span class='ocrx_word' id='word_1_416' title='bbox 982 4456 1114 4515; x_wconf 89' lang='lat' dir='ltr'><strong>prorsus</strong></span> <span class='ocrx_word' id='word_1_417' title='bbox 1125 4437 1291 4508; x_wconf 89' lang='lat' dir='ltr'><strong>conticuit,</strong></span> <span class='ocrx_word' id='word_1_418' title='bbox 1303 4437 1336 4496; x_wconf 92' lang='lat' dir='ltr'><strong>in</strong></span> <span class='ocrx_word' id='word_1_419' title='bbox 1352 4436 1523 4496; x_wconf 91' lang='lat' dir='ltr'><strong>discrimen</strong></span> <span class='ocrx_word' id='word_1_420' title='bbox 1537 4434 1721 4498; x_wconf 84' lang='lat' dir='ltr'><strong>adductum</strong></span> 
     </span>
    </p>
   </div>
   <div class='ocr_carea' id='block_1_4' title="bbox 592 4551 1650 4617">
    <p class='ocr_par' dir='ltr' id='par_1_12' title="bbox 592 4551 1650 4617">
     <span class='ocr_line' id='line_1_46' title="bbox 592 4551 1650 4617; baseline -0.001 -15"><span class='ocrx_word' id='word_1_421' title='bbox 592 4555 650 4614; x_wconf 88' lang='lat'><em>756.</em></span> <span class='ocrx_word' id='word_1_422' title='bbox 668 4552 711 4602; x_wconf 91' lang='lat' dir='ltr'><strong>De</strong></span> <span class='ocrx_word' id='word_1_423' title='bbox 725 4589 731 4600; x_wconf 92' lang='lat'><strong>.</strong></span> <span class='ocrx_word' id='word_1_424' title='bbox 746 4588 752 4600; x_wconf 90' lang='lat'><strong>.</strong></span> <span class='ocrx_word' id='word_1_425' title='bbox 766 4589 773 4602; x_wconf 88' lang='lat'><strong>.</strong></span> <span class='ocrx_word' id='word_1_426' title='bbox 786 4553 843 4616; x_wconf 86' lang='lat'>758.</span> <span class='ocrx_word' id='word_1_427' title='bbox 863 4552 1015 4604; x_wconf 90' lang='lat' dir='ltr'><strong>ediderunt</strong></span> <span class='ocrx_word' id='word_1_428' title='bbox 1026 4571 1078 4604; x_wconf 87' lang='lat' dir='ltr'><strong>cm.</strong></span> <span class='ocrx_word' id='word_1_429' title='bbox 1091 4553 1116 4608; x_wconf 78' lang='lat' dir='ltr'><strong>fl.</strong></span> <span class='ocrx_word' id='word_1_430' title='bbox 1205 4567 1262 4617; x_wconf 84' lang='lat'>759.</span> <span class='ocrx_word' id='word_1_431' title='bbox 1281 4561 1390 4603; x_wconf 77' lang='lat' dir='ltr'><strong>necate</strong></span> <span class='ocrx_word' id='word_1_432' title='bbox 1401 4551 1480 4615; x_wconf 71' lang='lat' dir='ltr'><strong>exss:</strong></span> <span class='ocrx_word' id='word_1_433' title='bbox 1498 4568 1551 4603; x_wconf 87' lang='lat' dir='ltr'><strong>cm.</strong></span> <span class='ocrx_word' id='word_1_434' title='bbox 1565 4571 1581 4600; x_wconf 86' lang='grc' dir='ltr'>α</span> <span class='ocrx_word' id='word_1_435' title='bbox 1592 4553 1650 4602; x_wconf 82' lang='lat' dir='ltr'><strong>LB.</strong></span> 
     </span>
    </p>
   </div>
   <div class='ocr_carea' id='block_1_5' title="bbox 524 4693 1724 5029">
    <p class='ocr_par' dir='ltr' id='par_1_13' title="bbox 524 4693 1724 5029">
     <span class='ocr_line' id='line_1_47' title="bbox 558 4693 1722 4759; baseline 0.003 -15"><span class='ocrx_word' id='word_1_436' title='bbox 558 4695 617 4758; x_wconf 82' lang='lat'><strong>728.</strong></span> <span class='ocrx_word' id='word_1_437' title='bbox 635 4693 1098 4759; x_wconf 80' lang='lat' dir='ltr'><strong>Ioanneslllarqusrdus]Wehave</strong></span> <span class='ocrx_word' id='word_1_438' title='bbox 1214 4695 1349 4759; x_wconf 84' lang='lat' dir='ltr'><strong>Georgius</strong></span> <span class='ocrx_word' id='word_1_439' title='bbox 1358 4693 1722 4758; x_wconf 70' lang='lat' dir='ltr'><strong>Boemusfferhapsoeor-</strong></span> 
     </span>
     <span class='ocr_line' id='line_1_48' title="bbox 524 4761 1722 4826; baseline 0.002 -14"><span class='ocrx_word' id='word_1_440' title='bbox 524 4768 577 4812; x_wconf 90' lang='lat' dir='ltr'><strong>not</strong></span> <span class='ocrx_word' id='word_1_441' title='bbox 588 4762 660 4812; x_wconf 90' lang='lat' dir='ltr'><strong>been</strong></span> <span class='ocrx_word' id='word_1_442' title='bbox 671 4761 920 4825; x_wconf 81' lang='lat' dir='ltr'><strong>abletoidentiiy.</strong></span> <span class='ocrx_word' id='word_1_443' title='bbox 955 4762 1097 4812; x_wconf 86' lang='lat' dir='ltr'><strong>Freuden·</strong></span> <span class='ocrx_word' id='word_1_444' title='bbox 1147 4762 1209 4825; x_wconf 89' lang='lat' dir='ltr'><strong>gius</strong></span> <span class='ocrx_word' id='word_1_445' title='bbox 1243 4762 1345 4826; x_wconf 87' lang='lat' dir='ltr'><strong>Logus,</strong></span> <span class='ocrx_word' id='word_1_446' title='bbox 1380 4778 1425 4811; x_wconf 90' lang='lat' dir='ltr'><strong>see</strong></span> <span class='ocrx_word' id='word_1_447' title='bbox 1459 4761 1515 4825; x_wconf 84' lang='lat' dir='ltr'><strong>Ep.</strong></span> <span class='ocrx_word' id='word_1_448' title='bbox 1547 4762 1621 4822; x_wconf 82' lang='lat'><strong>2568.</strong></span> <span class='ocrx_word' id='word_1_449' title='bbox 1659 4776 1669 4810; x_wconf 88' lang='lat'>1</span> <span class='ocrx_word' id='word_1_450' title='bbox 1674 4776 1722 4824; x_wconf 72' lang='lat' dir='ltr'><strong>sn.</strong></span> 
     </span>
     <span class='ocr_line' id='line_1_49' title="bbox 525 4827 1724 4894; baseline 0.001 -15"><span class='ocrx_word' id='word_1_451' title='bbox 525 4828 624 4893; x_wconf 88' lang='lat' dir='ltr'><strong>berger</strong></span> <span class='ocrx_word' id='word_1_452' title='bbox 633 4829 693 4894; x_wconf 87' lang='lat' dir='ltr'><strong>(pp.</strong></span> <span class='ocrx_word' id='word_1_453' title='bbox 702 4828 780 4892; x_wconf 81' lang='lat'><strong>54-5)</strong></span> <span class='ocrx_word' id='word_1_454' title='bbox 789 4827 1004 4888; x_wconf 87' lang='lat' dir='ltr'><strong>identifieshim,</strong></span> <span class='ocrx_word' id='word_1_455' title='bbox 1015 4829 1097 4879; x_wconf 82' lang='lat' dir='ltr'><strong>with·</strong></span> <span class='ocrx_word' id='word_1_456' title='bbox 1148 4827 1386 4893; x_wconf 86' lang='lat' dir='ltr'><strong>Freudenberger,</strong></span> <span class='ocrx_word' id='word_1_457' title='bbox 1411 4843 1462 4892; x_wconf 89' lang='lat' dir='ltr'><strong>pp.</strong></span> <span class='ocrx_word' id='word_1_458' title='bbox 1491 4840 1567 4890; x_wconf 81' lang='grc'><strong><em>55-7.</em></strong></span> <span class='ocrx_word' id='word_1_459' title='bbox 1590 4835 1724 4893; x_wconf 78' lang='lat' dir='ltr'><strong>suggests</strong></span> 
     </span>
     <span class='ocr_line' id='line_1_50' title="bbox 525 4894 1583 5011; baseline -0.001 -66"><span class='ocrx_word' id='word_1_460' title='bbox 525 4900 577 4946; x_wconf 87' lang='lat' dir='ltr'><strong>out</strong></span> <span class='ocrx_word' id='word_1_461' title='bbox 594 4894 778 5011; x_wconf 54' lang='lat' dir='ltr'><strong>pmbalpffley,</strong></span> <span class='ocrx_word' id='word_1_462' title='bbox 799 4894 868 4945; x_wconf 86' lang='lat' dir='ltr'><strong>with</strong></span> <span class='ocrx_word' id='word_1_463' title='bbox 887 4894 1004 4945; x_wconf 84' lang='lat' dir='ltr'><strong>Johann</strong></span> <span class='ocrx_word' id='word_1_464' title='bbox 1024 4895 1096 4945; x_wconf 83' lang='lat' dir='ltr'><strong>Mar·</strong></span> <span class='ocrx_word' id='word_1_465' title='bbox 1147 4894 1282 4958; x_wconf 85' lang='lat' dir='ltr'><strong>Georgius</strong></span> <span class='ocrx_word' id='word_1_466' title='bbox 1293 4894 1583 4960; x_wconf 69' lang='lat' dir='ltr'><strong>Cuspiniusffipiess).</strong></span> 
     </span>
     <span class='ocr_line' id='line_1_51' title="bbox 524 4962 803 5029; baseline 0 -18"><span class='ocrx_word' id='word_1_467' title='bbox 524 4962 657 5029; x_wconf 86' lang='lat' dir='ltr'><strong>quardoi</strong></span> <span class='ocrx_word' id='word_1_468' title='bbox 700 4962 705 4973; x_wconf 74' lang='lat'>⁸</span> <span class='ocrx_word' id='word_1_469' title='bbox 759 4976 803 5028; x_wconf 88' lang='lat' dir='ltr'><strong>gg.</strong></span> 
     </span>
    </p>
   </div>
   <div class='ocr_carea' id='block_1_6' title="bbox 0 0 2026 5900">
    <p class='ocr_par' dir='ltr' id='par_1_14' title="bbox 0 0 2026 5900">
     <span class='ocr_line' id='line_1_52' title="bbox 0 0 2026 5900; baseline 0 0"><span class='ocrx_word' id='word_1_470' title='bbox 0 0 2026 5900; x_wconf 95' lang='lat' dir='ltr'><strong> </strong></span> 
     </span>
    </p>
   </div>
  </div>
 </body>
</html>
