4042 5900
304 666 399 747 2435]
664 662 720 726 ro
739 662 940 726 cursous
961 661 1139 725 stomin
1436 663 1496 723 145

304 830 339 885 et
362 823 549 885 huiusmodi
570 822 751 896 thesauros,
773 828 870 884 tanto
891 821 957 882 illis
981 822 1191 901 preciosiores
1214 827 1340 900 quanto
1361 837 1542 901 corporeos

306 908 528 987 praestantior
548 911 600 967 est
615 906 755 979 animus,
773 924 908 985 prorsus
925 904 1094 985 negligere,
1115 923 1174 965 nec
1192 904 1260 965 vlla
1279 906 1496 984 vestigatione

306 991 422 1070 dignos
433 990 584 1051 iudicare.
629 989 792 1051 Midarum
804 989 856 1051 hic
868 989 997 1050 animus
1011 994 1072 1061 est,
1087 1007 1153 1050 non
1165 988 1353 1067 Principum
1366 1009 1373 1061 ;
1395 1008 1417 1050 a
1430 1008 1497 1068 quo

306 1093 409 1154 quum
424 1074 525 1135 sciam
540 1079 633 1134 tuam
645 1071 788 1134 indolem
800 1091 900 1152 quam
910 1071 1096 1151 longissime
1106 1071 1290 1145 abhorrere,
1302 1090 1369 1133 non
1379 1071 1497 1133 dubito

306 1159 387 1237 quin
398 1157 460 1218 hoc
470 1156 597 1217 lucrum
606 1156 651 1217 sis
665 1155 852 1217 auidissime
865 1155 1087 1235 amplexurus.
1118 1154 1190 1216 Iam
1201 1174 1242 1216 ne
1256 1156 1330 1233 quis
1344 1155 1497 1216 dubitare

306 1242 412 1322 possit
425 1260 470 1301 an
485 1240 565 1301 hwc
584 1238 758 1301 dimidiata
774 1238 870 1300 decas
887 1240 932 1299 sit
949 1257 1025 1299 vere
1040 1238 1107 1299 Titi
1122 1238 1215 1310 Liuii,
1231 1238 1316 1300 duae
1329 1257 1381 1299 res
1395 1240 1495 1318 potis·
1509 1266 1542 1316 70

308 1326 427 1385 simum
441 1323 606 1384 efficiunt:
628 1323 771 1402 primum
787 1323 858 1401 ipsa
871 1322 999 1401 phrasis
1016 1321 1167 1383 omnibus
1181 1322 1269 1383 notis
1286 1340 1382 1383 suum
1402 1327 1495 1383 auto·

308 1426 376 1469 rem
395 1406 553 1468 referens:
576 1405 652 1466 dein
669 1411 865 1485 argumenta
879 1406 948 1466 sius
965 1406 1129 1484 epitomae
1143 1405 1179 1466 L.
1196 1405 1293 1477 Flori,
1306 1404 1394 1466 hisce
1404 1404 1496 1465 libris

307 1511 365 1571 per
387 1491 496 1551 omnia
513 1488 755 1568 respondentes.
799 1489 917 1567 Itaque
937 1507 1039 1566 quum
1057 1489 1173 1549 scirem
1190 1488 1400 1567 magnatibus
1418 1489 1497 1548 viris

308 1573 434 1635 nullam
456 1591 526 1634 esse
548 1573 721 1634 lectionem
743 1574 847 1651 magis
867 1571 1112 1633 accommodam
1134 1590 1233 1650 quam
1255 1571 1495 1643 historicorum,

307 1659 394 1718 inter
408 1675 490 1735 quos
504 1656 600 1717 facile
614 1657 736 1734 primas
751 1655 843 1717 tenet
858 1655 894 1716 T.
911 1654 1024 1716 Liuius
1040 1654 1092 1730 (de
1106 1653 1233 1715 Latinis
1252 1654 1390 1733 loquor),
1405 1673 1496 1733 prae·
1510 1681 1543 1732 75

307 1742 421 1801 sertim
447 1758 550 1818 quum
575 1737 800 1800 Salustiauum
824 1738 906 1798 nihil
931 1743 1024 1798 extet
1048 1743 1179 1816 praeter
1202 1738 1269 1799 duo
1293 1738 1495 1817 fragmenta:

308 1828 559 1902 reputaremqus
581 1827 726 1901 quantus
748 1839 912 1901 quamque
929 1819 1135 1900 inexplebilis
1152 1820 1373 1892 historiarum,
1391 1827 1430 1882 vt
1449 1822 1498 1882 ita

307 1906 433 1986 loquar,
449 1906 559 1967 helluo
581 1924 708 1985 semper
729 1905 829 1965 tuerit
850 1912 945 1983 pater
966 1910 1054 1976 tuus,
1072 1922 1170 1983 quem
1191 1923 1257 1964 non
1278 1904 1396 1965 dubito
1417 1905 1498 1983 quin

307 1990 369 2051 hec
383 2009 514 2069 quoque
528 1995 623 2068 parte
637 1989 776 2049 referas:
799 1989 890 2049 visus
904 2007 977 2049 sum
992 1987 1072 2048 mihi
1086 2006 1153 2049 non
1164 1989 1339 2066 incongrue
1349 1987 1498 2048 facturus

307 2075 336 2134 si
351 2073 385 2133 hi
399 2074 544 2152 quinque
558 2072 643 2143 libri,
658 2072 721 2132 tihi
734 2072 864 2151 proprie
878 2071 990 2144 dicati,
1006 2071 1177 2150 prodirent
1191 2072 1224 2131 in
1239 2070 1355 2131 lucem.
1388 2070 1496 2144 Quan·
1510 2086 1544 2136 80

307 2175 408 2236 quem
430 2156 482 2217 hic
507 2155 609 2216 nolim
631 2161 665 2216 te
686 2156 831 2234 parentis
853 2156 991 2216 nimium
1015 2173 1085 2215 esse
1106 2154 1254 2215 similem.
1299 2152 1390 2216 Solet
1410 2156 1497 2215 enim

307 2239 363 2301 ille
380 2238 515 2319 singulis
531 2238 648 2300 diebus
665 2257 685 2298 a
702 2257 803 2300 coena
822 2238 865 2298 ad
882 2238 1025 2299 mediam
1042 2256 1146 2316 vsque
1163 2243 1293 2298 noctem
1311 2237 1498 2299 incumbere

307 2323 409 2395 libris,
424 2341 491 2384 non
512 2323 581 2382 sine
603 2323 714 2382 vxoris
735 2340 773 2382 ac
794 2321 1045 2401 pedisequorum
1067 2320 1166 2393 tedio,
1188 2340 1371 2400 magnoque
1392 2321 1497 2382 tamu-

308 2406 414 2468 lorum
436 2424 621 2466 murmure:
648 2404 738 2484 quod
759 2423 948 2483 quanquam
970 2403 1019 2464 illi
1040 2403 1199 2465 hectenus
1219 2411 1351 2483 praeter
1372 2403 1497 2465 valetu-

307 2490 393 2551 dinis
407 2487 614 2569 dispendium
629 2488 731 2560 hcuit,
742 2507 810 2548 non
823 2487 966 2548 arbitror
980 2493 1093 2548 tamen
1107 2487 1294 2549 consultum
1308 2493 1347 2548 vt
1360 2486 1498 2549 eandem
1511 2505 1544 2565 85

308 2579 346 2634 tu
369 2573 467 2633 iacias
488 2571 604 2645 aleam,
627 2571 766 2632 fortasse
791 2589 857 2632 non
882 2569 1017 2650 perinde
1041 2570 1180 2631 feliciter
1201 2590 1360 2632 casuram.
1403 2569 1499 2631 Certe

308 2675 411 2736 quum
433 2661 528 2735 pater
551 2661 630 2716 tuus
655 2654 731 2714 huic
755 2653 837 2734 Regi
858 2654 1041 2714 etiamnum
1064 2652 1262 2715 adolescenti
1285 2654 1391 2715 socius
1413 2660 1499 2715 esset

307 2738 502 2811 studiorum,
514 2740 549 2798 in
563 2737 708 2799 historiis
722 2738 928 2816 potissimum
943 2736 1172 2809 versabantur,
1183 2736 1282 2816 idque
1291 2738 1500 2798 vehementer

308 2822 514 2902 approbante
525 2827 629 2901 patre,
641 2820 784 2882 Henrico
794 2818 950 2899 Septimo,
962 2820 1120 2898 singulari
1130 2820 1250 2881 iudicio
1260 2820 1499 2900 prudentiaque

308 2906 358 2968 Re
380 2926 407 2967 e.

349 2926 515 3051 ⁴Adiuncto
526 2994 638 3049 autem
648 2993 701 3049 est
711 2987 787 3048 huic
798 2986 954 3048 seditioni
964 2986 1181 3067 chronologia
1192 2986 1326 3048 Henrici
1336 2984 1499 3061 Glareani,

308 3073 449 3134 hominis
474 3073 635 3152 exquisite
664 3071 976 3150 multiphariamque
1002 3070 1102 3143 docti,
1127 3071 1220 3131 cuius
1244 3070 1500 3150 indefatigabilis

308 3156 480 3228 industria,
515 3175 582 3217 non
618 3154 724 3216 solum
758 3154 819 3215 hoc
847 3153 1008 3232 inclytum
1040 3155 1246 3233 gymnasium
1275 3154 1499 3232 Frihurgense,

309 3240 523 3300 verumetiam
544 3244 651 3300 totam
670 3238 755 3299 hanc
771 3238 943 3315 regionem,
959 3236 1149 3298 liberalibus
1167 3237 1346 3317 disciplinis
1364 3238 1499 3317 expolit,

307 3330 455 3395 exornat,
485 3321 676 3401 locupletat.
720 3321 771 3381 Ea
797 3318 1015 3399 chronologia
1045 3327 1284 3382 commonstrat
1314 3328 1501 3400 temporum
1513 3351 1546 3401 95

309 3407 466 3477 ordinem,
492 3405 654 3466 bellorum
679 3404 811 3484 species,
838 3423 876 3464 ec
904 3423 1118 3483 personarum
1148 3405 1292 3477 nomina,
1317 3405 1352 3465 in
1382 3405 1501 3482 quibus

309 3489 468 3551 hactenus
482 3489 548 3550 fuit
563 3490 646 3549 mira
661 3487 819 3560 confusi0,
832 3486 1014 3548 scribarum
1025 3507 1063 3548 ao
1075 3487 1249 3549 sciolorum
1260 3489 1344 3548 vitio
1354 3487 1499 3549 inducta.

309 3572 413 3651 Atqui
427 3572 507 3634 haec
521 3577 594 3632 erat
609 3572 707 3632 vnica
722 3569 878 3631 historiae
893 3569 960 3631 lux.
990 3570 1085 3644 Quod
1101 3571 1129 3630 si
1140 3570 1219 3632 haec
1230 3571 1318 3632 absit
1329 3590 1500 3650 cynosura,

309 3675 406 3716 caeca
426 3674 560 3734 prorsus
582 3660 634 3715 est
655 3655 690 3714 in
712 3653 924 3714 historiarum
945 3653 1062 3732 pelago
1083 3654 1269 3733 nauigatio:
1299 3661 1334 3715 et
1356 3655 1419 3715 nisi
1440 3655 1501 3716 hoc

310 3738 398 3800 adsit
413 3738 514 3810 filum,
530 3737 767 3798 inextricabilis
776 3755 866 3798 error
877 3736 1021 3798 inuoluit
1034 3737 1200 3809 lectorem,
1213 3738 1313 3798 etiam
1324 3738 1501 3812 eruditum,
1517 3770 1564 3807 100

309 3822 345 3883 in
360 3821 410 3882 his
425 3840 534 3881 rerum
549 3826 716 3899 gestarum
732 3819 940 3899 labyrinthis.
984 3819 1057 3880 Hoc
1072 3839 1208 3881 munere
1225 3821 1254 3881 si
1270 3827 1364 3882 tuam
1382 3823 1501 3901 episto·

310 3904 376 3965 lam
399 3904 482 3965 bene
502 3910 676 3983 pensatam
699 3903 912 3976 arbitrabere,
934 3909 1014 3963 tuae
1035 3904 1101 3964 iam
1122 3905 1210 3964 vices
1230 3910 1330 3965 amnt
1351 3924 1411 3966 nos
1436 3906 1503 3966 tuis

311 3989 481 4067 impartire
496 3987 625 4048 litteris.
670 3987 758 4048 Bene
772 3985 856 4047 vale.

350 4071 449 4151 Apud
464 4071 660 4150 Friburgum
676 4069 853 4150 Brisgoiae,
868 4068 978 4130 Galen.
995 4068 1133 4143 Martiis,
1149 4069 1247 4132 Anno
1261 4087 1431 4132 murm.

609 4321 709 4384 2436.
757 4317 864 4384 Fnou
879 4318 982 4385 Jorm
998 4318 1200 4386 Bormam.

346 4447 470 4520 Leipzig
481 4447 546 4503 MS.
1236 4448 1453 4519 Usberlingen.

347 4524 412 4579 Es.
430 4526 491 4593 146.
1231 4539 1244 4578 1
1260 4524 1368 4579 March
1383 4538 1466 4594 1531.

571 4640 629 4702 [An
640 4640 759 4706 original
769 4638 863 4701 letter,
874 4642 1035 4707 autogreph
1046 4641 1243 4707 throughout]

352 4749 382 4811 S.
426 4748 528 4810 Abfui
551 4753 694 4826 quatuor
722 4748 886 4809 mensibus
911 4749 953 4810 ab
983 4748 1167 4828 Vberlinga,
1196 4768 1255 4810 nec
1283 4751 1399 4828 opinor
1426 4756 1504 4812 ante

309 4831 455 4912 Aprilem
470 4851 522 4892 me
535 4831 612 4892 illuc
626 4831 808 4892 rediturum
823 4833 932 4893 animo
946 4832 1149 4912 persistendi.
1191 4831 1285 4894 Soleo
1301 4839 1411 4893 tamen
1424 4853 1504 4895 non·

310 4935 489 4994 nunquam,
505 4914 602 4975 rebus
616 4914 661 4975 sic
675 4915 894 4994 poscentibus,
909 4934 948 4976 eo
962 4916 1081 4976 venire.
1118 4915 1223 4977 Pestis
1237 4915 1393 4977 vellicans
1407 4937 1506 4978 causa

310 4999 375 5060 fuit
390 5000 505 5077 fugse;
528 5017 612 5077 quae
626 4998 760 5059 tametsi
774 4999 933 5059 remiserit
952 4998 1096 5059 furorem
1110 5018 1215 5072 suum,
1230 5005 1309 5061 sunt
1323 5005 1434 5062 tamen
1448 5002 1505 5082 qui

343 5130 421 5183 4⁵29
893 5115 914 5159 h
