4042 5900
343 857 351 915 ,Ι

344 923 350 974 i

401 685 497 765 2607]

641 876 845 965 immiti„1³
891 876 997 941 Faon
1022 875 1209 942 Nronoms
1232 874 1345 941 Ome.

343 1026 345 1039 .
439 988 613 1059 Esterhazy
626 988 690 1043 MS.
705 1006 735 1060 p.
754 1005 818 1055 ²29·
1333 988 1482 1043 Brussels.

343 1059 345 1068 '
439 1062 503 1117 OE.
522 1068 583 1129 196.
1252 1063 1556 1135 12February1532.

569 1206 602 1248 N.
619 1205 697 1248 onsl
717 1205 762 1249 AD
778 1204 940 1249 nalem
954 1204 1213 1249 ROTEEODAMVM
1232 1205 1426 1250 BBSPONSIO.

442 1295 568 1356 anlru
591 1298 758 1376 negocium
781 1315 846 1374 quo
872 1298 905 1357 in
928 1302 1020 1357 statu
1044 1298 1097 1370 sit,
1120 1317 1161 1357 ex
1180 1296 1267 1357 illius
1289 1297 1392 1358 literis
1415 1298 1593 1378 intelliges;

398 1380 521 1439 curabo
536 1385 697 1457 quantum
712 1381 746 1440 in
760 1399 811 1441 me
826 1381 888 1440 erit
909 1386 981 1441 tum
997 1386 1057 1441 tua
1075 1386 1185 1440 motus
1205 1380 1387 1454 voluntate,
1402 1387 1474 1442 tum
1494 1383 1594 1461 ipsius

399 1463 544 1523 moribus
568 1463 661 1523 bonis
685 1470 719 1524 et
743 1463 852 1524 indole
875 1483 941 1524 non
962 1464 1209 1537 contemnenda,
1232 1470 1271 1524 vt
1296 1465 1366 1525 voti
1389 1465 1440 1525 sui
1461 1484 1595 1546 compos

399 1546 575 1624 aliquando
590 1546 756 1608 reddatur.

441 1629 487 1690 Te
501 1650 522 1689 a
536 1630 627 1708 pedis
642 1632 789 1692 cruciatu
803 1636 837 1690 et
851 1632 953 1691 eciam
967 1630 1040 1691 aliis
1054 1631 1196 1709 corporis
1210 1630 1376 1704 molestiis,
1392 1650 1474 1709 quas
1488 1634 1592 1712 paeie·
1606 1657 1622 1706 5

398 1712 495 1784 baris,
516 1714 549 1774 in
571 1715 757 1792 praesencia
778 1714 952 1775 liberatum
974 1733 1052 1787 esse,
1074 1720 1109 1774 et
1129 1713 1255 1793 gaudeo
1276 1720 1310 1774 et
1333 1713 1446 1775 laetor.
1490 1714 1593 1794 Cupio

398 1796 618 1870 vehementer,
640 1804 680 1858 vt
705 1797 793 1858 Deus
815 1798 960 1876 optimus
982 1798 1146 1858 maximus
1170 1796 1230 1857 hac
1253 1803 1370 1876 optata
1393 1805 1425 1858 te
1447 1798 1505 1859 diu
1528 1798 1593 1859 frui

397 1881 545 1959 patiatur
557 1881 790 1941 incolumitate.
827 1880 890 1941 Sed
905 1900 971 1958 qua
984 1882 1097 1959 possis,
1110 1882 1219 1959 patria
1233 1886 1292 1940 tua
1307 1879 1430 1953 relicta,
1442 1881 1504 1942 sub
1518 1902 1592 1941 aere

396 1968 533 2024 externo
547 1963 725 2025 foelicitate
746 1970 781 2025 et
800 1966 1018 2043 prosperitate
1035 1965 1085 2024 vti
1099 1965 1252 2042 corporis,
1267 1982 1333 2024 non
1354 1965 1435 2025 satis
1450 1966 1592 2043 cogitare

397 2065 539 2126 possum.
585 2047 649 2107 Alii
667 2049 805 2127 pedibus
826 2054 861 2108 et
875 2048 1027 2108 manibus
1047 2048 1209 2120 nituntur,
1225 2052 1264 2106 vt
1279 2048 1312 2106 in
1327 2048 1436 2126 patria
1450 2047 1506 2108 vbi
1521 2049 1591 2108 nati
1607 2076 1639 2111 ιο

397 2137 476 2190 sunt
490 2137 524 2190 et
538 2130 678 2204 educati,
687 2137 722 2191 et
736 2133 770 2191 in
785 2151 851 2210 qua
865 2132 1017 2191 omnibus
1031 2131 1139 2190 ornati
1153 2136 1231 2190 sunt
1246 2130 1339 2190 bonis
1353 2137 1388 2191 et
1402 2131 1590 2204 commodis,

397 2214 503 2273 vitam
522 2234 616 2293 agere
638 2216 764 2294 possint
785 2216 940 2293 quietam,
955 2220 990 2275 et
1012 2213 1101 2292 quod
1122 2214 1168 2274 eis
1189 2214 1274 2274 inest
1295 2219 1355 2273 aut
1372 2214 1505 2274 virtutis
1532 2222 1592 2276 aut

396 2296 575 2370 doctrinae,
591 2317 630 2358 ea
651 2298 755 2358 solum
777 2317 892 2358 ornare
914 2297 1130 2376 decorareque
1152 2298 1304 2376 patriam.
1348 2296 1407 2369 Tu,
1431 2304 1470 2358 vt
1491 2297 1590 2359 libere

395 2399 532 2457 meoque
551 2400 639 2441 more
659 2387 768 2441 tecum
789 2400 894 2460 agam,
909 2382 955 2441 mi
975 2381 1119 2452 Eraame,
1135 2400 1156 2440 a
1174 2379 1287 2440 multis
1305 2381 1370 2439 iam
1386 2381 1590 2460 temporibus

395 2482 488 2523 secus
512 2464 624 2524 fecisse
652 2464 780 2525 videris.
824 2464 910 2525 Nam
939 2465 1001 2525 etsi
1027 2464 1214 2543 ubicunque
1241 2464 1351 2543 egeris,
1381 2483 1447 2524 non
1475 2465 1591 2525 minori
1606 2492 1637 2542 15

395 2546 495 2606 fueris
520 2549 646 2626 patriae
672 2553 749 2608 tuae
778 2553 969 2608 ornamento
993 2554 1029 2609 et
1054 2548 1161 2608 decori
1189 2552 1324 2627 propter
1348 2548 1488 2627 insignes
1516 2554 1591 2609 tuas

395 2631 537 2690 virtutes
551 2638 586 2690 et
601 2632 701 2691 animi
716 2631 819 2703 dotes,
835 2650 933 2708 quam
948 2633 974 2691 si
994 2636 1102 2692 totam
1118 2631 1169 2691 hic
1186 2632 1305 2709 egisses
1319 2637 1412 2692 tuam
1427 2637 1588 2693 aetatem:

395 2718 506 2774 tamen
531 2714 662 2774 videtur
690 2716 845 2793 conqueri
859 2714 899 2775 de
924 2720 957 2774 te
986 2713 1228 2793 quodammodo
1253 2716 1370 2793 patria,
1397 2734 1417 2774 a
1446 2720 1479 2775 te
1508 2714 1590 2775 nihil

394 2799 554 2875 accepisse
570 2799 753 2858 ornamenti
766 2804 802 2858 et
821 2797 977 2871 beneficii,
992 2818 1066 2858 cum
1089 2817 1160 2858 eam
1176 2797 1362 2869 deserueris,
1378 2817 1515 2876 eamque
1530 2804 1590 2859 tua

394 2899 460 2939 non
475 2882 599 2940 ornaris
614 2882 807 2960 praesencia.
845 2882 891 2941 At
905 2882 938 2941 in
953 2887 1110 2961 promptu
1125 2881 1247 2942 multas
1261 2880 1362 2941 habes
1376 2900 1516 2954 caussas,
1532 2901 1589 2941 cur
1602 2910 1635 2945 20

395 2965 522 3025 tamdiu
534 2965 687 3038 abfueris,
699 2971 733 3026 et
744 2971 819 3026 tuos
831 2967 918 3026 ciues
929 2972 989 3026 tua
1000 2966 1138 3045 priuatis
1149 2966 1344 3045 praesencia.
1376 2965 1452 3025 Non
1464 2966 1588 3026 inficior

394 3053 427 3106 te
445 3048 618 3108 nonnullas
640 3049 788 3109 fortassis
810 3048 928 3111 habere
949 3049 1107 3111 hactenus
1130 3051 1281 3128 potuisse.
1325 3047 1388 3108 Sed
1410 3067 1484 3109 cum
1506 3049 1587 3108 nihil

392 3132 457 3191 iam
478 3132 530 3191 hic
553 3132 681 3193 videam
703 3134 812 3212 magni
835 3133 1060 3212 impedimenti
1082 3132 1171 3212 quod
1196 3133 1359 3192 hominem
1385 3131 1428 3192 ab
1451 3132 1588 3193 honesto

393 3216 463 3274 ocio
485 3216 674 3276 abstrahere
696 3223 815 3295 posset,
838 3222 872 3277 et
894 3216 982 3295 quod
1004 3236 1071 3277 uon
1092 3215 1236 3276 arrideat
1258 3214 1381 3275 homini
1402 3216 1586 3294 praeclaro:

394 3317 459 3358 non
479 3299 587 3359 iudico
604 3319 672 3360 esse
692 3306 946 3360 consentaneum
966 3306 1000 3360 te
1019 3299 1143 3360 diutius
1162 3299 1285 3371 abesse,
1301 3299 1490 3378 praesertim
1513 3318 1587 3359 cum
1601 3326 1633 3375 ²5

392 3384 629 3442 serenissimam
648 3383 807 3461 Reginam
829 3403 936 3444 meam
958 3382 1079 3443 habeas
1099 3389 1177 3443 tuae
1199 3383 1332 3442 virtutis
1352 3387 1388 3442 et
1409 3381 1586 3455 doctrinae,

392 3472 431 3527 vt
445 3485 504 3544 ego
518 3466 673 3545 intelligo
688 3473 855 3527 amantem
875 3473 910 3528 et
931 3468 1021 3527 omni
1034 3486 1110 3545 erga
1129 3472 1162 3526 te
1177 3465 1329 3527 affectam
1349 3464 1586 3526 beneuolentia.

391 3547 573 3609 Candorem
590 3555 624 3610 et
645 3552 878 3626 synceritatem
898 3551 931 3609 in
952 3552 1075 3610 amieos
1096 3550 1196 3609 animi
1216 3551 1280 3609 mei
1301 3548 1403 3609 literis
1424 3549 1492 3609 tuis
1512 3568 1585 3628 pro·

392 3632 469 3692 bare
485 3632 613 3694 videris.
658 3633 707 3693 llo
726 3635 906 3713 igiturque
926 3652 978 3694 me
997 3633 1118 3693 videris
1137 3632 1270 3693 laudare
1285 3631 1424 3693 candore
1444 3630 1523 3692 haee
1543 3632 1586 3692 ad

391 3721 425 3775 te
447 3715 573 3788 scribo;
607 3716 663 3795 qui
685 3718 868 3796 optauerim
890 3736 1017 3796 semper
1038 3735 1127 3777 meos
1148 3717 1269 3776 amicos
1290 3735 1355 3776 non
1378 3714 1459 3775 alios
1479 3716 1513 3774 in
1535 3734 1586 3776 me
1600 3743 1633 3793 30

391 3819 459 3859 esse
475 3818 574 3877 quam
589 3800 695 3877 qualis
709 3819 769 3879 ego
784 3801 886 3861 ineos
901 3802 971 3862 sim.

433 3881 553 3943 Scribis
569 3889 602 3943 te
624 3883 720 3944 aedes
739 3885 854 3944 emisse
869 3884 1018 3963 Friburgi
1032 3902 1153 3943 nouas:
1179 3887 1328 3942 attamen
1349 3900 1415 3942 non
1435 3880 1533 3942 semel
1553 3887 1586 3942 te

390 3967 583 4045 cogitauisse
593 3967 632 4027 de
648 3967 829 4028 Brabantia
844 3973 903 4028 tua
914 3966 1106 4046 repetenda:
1130 3965 1187 4026 sed
1201 3966 1322 4025 amicos
1336 3964 1494 4043 quosdam
1510 3971 1586 4026 tuos

390 4049 489 4110 fuisse
504 4050 658 4110 authores
673 4056 711 4110 vt
732 4053 893 4130 tantisper
909 4050 1006 4111 isthic
1022 4049 1159 4122 hereres,
1175 4048 1254 4108 dum
1274 4068 1326 4109 res
1345 4067 1403 4128 per
1417 4047 1585 4109 Caesarem

390 4131 548 4193 Carolum
558 4133 610 4193 hic
622 4135 815 4213 sopirentur.
852 4133 957 4195 Aedes
969 4138 1003 4193 te
1015 4153 1035 4193 a
1048 4134 1218 4213 proposito
1229 4132 1368 4192 retinere
1378 4150 1444 4192 non
1455 4131 1584 4192 debent.
1599 4158 1631 4208 3⁵

390 4215 475 4276 Nam
500 4216 574 4277 illae
599 4235 665 4277 non
691 4237 765 4278 cum
795 4223 854 4278 tuo
883 4217 1004 4277 damno
1032 4222 1214 4296 emptorem
1242 4214 1370 4288 habere,
1393 4222 1432 4276 vt
1461 4216 1584 4294 opinor,

389 4306 555 4379 poterunt,
572 4300 831 4379 quandocunque
851 4320 905 4361 eas
924 4299 1054 4361 venales
1068 4300 1191 4361 leceris.
1234 4299 1302 4360 Nec
1318 4299 1415 4360 video
1436 4299 1487 4358 hic
1503 4298 1586 4358 vllas

388 4403 457 4444 esse
483 4403 534 4443 res
560 4391 630 4444 tam
657 4384 806 4444 turbidas
828 4389 863 4444 et
886 4384 1052 4456 molestas,
1076 4403 1160 4462 quae
1186 4388 1219 4443 te
1245 4382 1407 4443 deterrere
1433 4401 1453 4441 a
1477 4382 1605 4442 reditu·

388 4473 530 4546 possent.
575 4465 693 4527 Caesar
707 4469 895 4547 compositis
910 4466 971 4527 hiis
985 4485 1070 4545 quae
1085 4466 1199 4528 debuit
1212 4471 1247 4527 et
1261 4467 1382 4545 potuit,
1397 4465 1464 4524 alia
1477 4466 1586 4525 omnia

388 4553 421 4611 in
446 4550 588 4628 Reginae
618 4551 749 4629 reliquit
774 4556 949 4630 potestate.
993 4549 1108 4611 Obtuli
1136 4567 1243 4610 meam
1271 4548 1333 4610 tibi
1358 4549 1460 4609 etiam
1487 4553 1586 4608 antea
1599 4575 1633 4626 4⁰

387 4653 529 4713 operam,
544 4652 611 4712 qua
625 4633 764 4695 liberum
778 4640 839 4707 est,
855 4633 1144 4713 quantulacunque
1159 4634 1212 4705 sit,
1227 4637 1261 4692 te
1276 4633 1336 4692 vti.
1380 4631 1478 4691 Modo
1492 4637 1586 4691 tuam

387 4716 568 4795 intelligam
581 4717 798 4789 voluntatem,
809 4736 875 4777 non
885 4717 1012 4790 dubito,
1022 4718 1050 4777 si
1064 4717 1267 4796 propositum
1279 4721 1330 4775 est
1345 4714 1406 4775 tibi
1418 4714 1584 4787 redeundi,

388 4803 467 4878 quin
483 4800 543 4861 tibi
561 4802 648 4861 inea
665 4821 698 4860 re
710 4802 831 4880 possim
847 4799 1069 4861 obsecundare
1083 4806 1118 4860 et
1133 4798 1348 4860 commodare.
1384 4798 1470 4859 Nam
1485 4799 1585 4858 etiam

815 4922 840 4971 5.
858 4925 930 4974 quas
942 4909 1006 4960 OE:
1024 4912 1082 4975 qui
1093 4907 1157 4959 MS.

391 5003 617 5010 -——-———

666 5059 689 5095 1.
708 5044 808 5110 literis]
820 5045 880 5100 Not
890 5050 1009 5103 extant;
1027 5045 1063 5095 cf.
1076 5044 1131 5109 Ep.
1144 5043 1219 5105 2582.
1233 5056 1265 5106 34
1277 5058 1306 5092 n.
