4042 5900
451 563 515 623 456
800 560 997 624 LETTERS
1019 560 1074 634 OF
1095 560 1328 626 ERASMUS
1576 567 1627 643 [1532

451 720 627 783 auditores.
671 719 761 793 Trea,
776 721 894 800 inquit,
909 741 973 783 vm
986 726 1022 784 et
1035 720 1176 819 icemine
1198 721 1342 820 decern.
1393 721 1469 785 Nee
1487 724 1521 784 in
1535 722 1631 804 h'siln'

450 802 1634 970 antilsnsanssssalwma

388 984 437 1037 435
450 989 569 1049 parum
590 969 778 1049 Euangelici
798 972 941 1050 spiritns.
985 970 1148 1051 Repetam
1167 971 1269 1050 quod
1290 972 1397 1033 dixi:
1425 974 1579 1035 neminen
1591 977 1635 1034 nuri

450 1054 507 1132 qui
522 1072 580 1133 per
594 1052 656 1114 hoc
669 1054 875 1133 euangelium
889 1053 998 1115 lactus
1008 1055 1053 1115 sit
1063 1054 1170 1134 seipso
1181 1054 1323 1129 melior,
1338 1054 1413 1118 hoe
1424 1058 1544 1137 estqui
1552 1059 1637 1137 μὴ

451 1136 1086 1300 testanteesaia
1108 1137 1231 1281 ura
1243 1140 1638 1286 suasam

451 1303 574 1364 multos
588 1304 666 1365 noui
681 1322 715 1365 se
726 1304 805 1384 ipsis
817 1303 924 1365 iactos
934 1303 1120 1366 deteriores.
1163 1303 1214 1365 De
1225 1304 1320 1367 mihi
1332 1307 1475 1387 ignotis
1488 1308 1640 1369 noniudisu

387 1405 438 1456 440
451 1384 595 1447 Tantum
606 1387 759 1448 audimus
771 1394 779 1419 ⁴
789 1387 1015 1468 Euangelium,
1027 1386 1261 1467 Euangelium,
1273 1388 1402 1464 fidem,
1416 1390 1522 1453 fidem
1531 1393 1549 1453 ’.
1583 1390 1641 1453 lm

450 1470 552 1549 magis
581 1477 661 1550 opto
689 1473 825 1549 (quam)
851 1478 890 1532 vt
917 1470 979 1532 hoc
1008 1469 1234 1550 qualecunque
1263 1476 1463 1553 negotium
1489 1477 1643 1553 sort<batn

449 1553 576 1615 felicem
591 1555 738 1615 exitum:
762 1553 819 1615 sed
838 1559 1001 1633 quantum
1021 1573 1082 1634 ego
1095 1554 1302 1616 coniecturis
1318 1560 1528 1638 prospicere
1541 1558 1643 1620 valeus

448 1655 489 1696 ex
512 1638 686 1716 prooemiis
708 1637 857 1698 diuinare
878 1643 997 1711 cetera,
1020 1656 1071 1700 rea
1092 1636 1197 1698 exibit
1218 1637 1254 1697 in
1279 1658 1474 1703 summam
1500 1641 1645 1705 Christum

449 1719 583 1781 ditionis
604 1720 837 1792 calamitatem,
856 1720 953 1800 idque
974 1719 1165 1782 nouaclum
1184 1720 1219 1781 in
1236 1720 1296 1783 his
1318 1742 1419 1802 quae
1441 1733 1527 1787 sunt
1546 1733 1646 1788 exten

386 1822 435 1872 445
448 1822 563 1865 verum
577 1805 678 1864 etiam
693 1804 727 1863 in
741 1804 843 1864 animi
864 1803 968 1865 bonis.
1012 1802 1098 1878 Quid
1116 1803 1179 1864 erit
1198 1803 1259 1864 hec
1284 1807 1367 1868 vita
1389 1808 1546 1871 sublatis
1562 1809 1649 1871 littei

448 1906 487 1947 ac
508 1886 709 1967 disciplinis?
752 1887 797 1947 Et
818 1906 920 1966 quum
941 1888 1007 1948 iam
1030 1905 1116 1948 nunc
1139 1887 1185 1947 sic
1207 1886 1342 1966 frigeat
1368 1892 1501 1971 pietas,
1525 1893 1599 1974 quid
1614 1912 1649 1953 es·

448 1976 621 2049 pectamus
629 1970 691 2030 nisi
702 1971 949 2049 paganismum?
979 1970 1092 2031 Iamsi
1105 1970 1140 2030 in
1154 1969 1296 2049 singulis
1313 1974 1535 2038 ciuitatibus
1549 1978 1651 2057 pieta&

449 2053 615 2132 negotium
637 2052 794 2133 pendebit
814 2053 858 2113 ab
882 2052 1081 2127 ecclesiasta,
1102 2071 1162 2114 nec
1182 2054 1247 2114 erit
1264 2056 1470 2136 quisquam
1492 2063 1552 2139 qui
1568 2059 1653 2121 mulli

448 2138 570 2217 praesit
588 2136 789 2209 ciuitatibus,
805 2136 983 2197 verendum
997 2142 1049 2197 est
1063 2154 1104 2197 ne
1118 2136 1254 2197 tandem
1270 2142 1333 2199 tot
1354 2140 1559 2205 habeamus
1574 2149 1654 2204 actas

386 2238 436 2289 450
448 2227 531 2299 quot
550 2221 711 2281 ciuitates.
756 2219 828 2281 Hoc
845 2239 954 2280 rerum
973 2225 1067 2281 statu
1085 2219 1166 2299 quid
1187 2238 1258 2280 esse
1278 2231 1408 2300 posset
1429 2226 1655 2288 miserabilius!

448 2302 534 2364 Hinc
551 2303 613 2364 sibi
631 2322 761 2382 quoque
782 2309 936 2364 metuunt
957 2304 1118 2383 principes
1140 2321 1181 2363 ne
1201 2302 1349 2365 tandem
1375 2314 1416 2369 et
1439 2310 1530 2390 ipsis
1551 2311 1657 2372 euasi

447 2386 536 2465 quod
551 2387 584 2447 in
599 2385 764 2447 nonnullis
777 2386 856 2447 locis
873 2387 985 2447 euenit
1001 2387 1163 2466 episcopis
1179 2391 1214 2446 et
1231 2386 1444 2453 abbatibus.
1495 2393 1568 2455 Nec
1586 2393 1657 2455 mini

448 2488 536 2530 mam
550 2469 693 2531 inuidiae
707 2475 835 2550 partem
850 2468 944 2530 vobis
958 2468 1134 2530 conciliant
1148 2468 1201 2530 vel
1218 2469 1382 2534 scelerosi
1402 2476 1463 2537 vel
1486 2477 1603 2539 stolidi
1618 2476 1659 2556 qui

446 2551 583 2613 latitant
597 2552 659 2613 sub
673 2552 860 2632 Euangelici
875 2553 1015 2613 nominis
1029 2552 1155 2614 vmbra.
1198 2551 1269 2613 Hos
1287 2558 1466 2633 quoniam
1488 2560 1661 2623 eccledsste

384 2655 433 2707 455
447 2653 513 2695 non
527 2635 652 2696 audent
662 2637 780 2697 acriter
791 2636 973 2714 obiurgare,
984 2634 1037 2696 vel
1052 2634 1168 2698 fouent
1182 2634 1404 2701 blandientes
1419 2643 1480 2704 vel
1497 2645 1661 2706 conninent

447 2718 698 2780 dissimulantes.
743 2719 797 2779 Its
811 2718 851 2780 fit
866 2725 903 2779 vt
918 2737 958 2779 ne
973 2717 1191 2780 Ecclesiastae
1210 2718 1347 2797 quidem
1371 2724 1451 2786 sint
1470 2726 1583 2801 liberi,
1596 2727 1662 2789 dun

448 2807 602 2863 verentur
616 2822 657 2863 ne
671 2801 896 2863 destituantur
909 2820 930 2862 a
943 2800 1076 2882 populo.
1120 2801 1184 2863 Sed
1198 2809 1237 2863 vt
1250 2804 1385 2880 optime
1397 2808 1510 2870 cedat
1521 2810 1584 2872 hec
1595 2810 1663 2882 ales,

446 2885 526 2965 quid
541 2885 630 2946 aliud
645 2886 734 2946 nasci
748 2890 860 2966 potest
874 2903 974 2965 qnam
988 2884 1154 2946 schisma?
1196 2885 1259 2945 nisi
1273 2885 1367 2948 forte
1389 2894 1536 2971 putatis
1553 2894 1623 2957 fore
1634 2900 1664 2954 rt

447 2976 539 3031 totus
553 2970 641 3031 orbis
655 2971 690 3030 in
704 2977 814 3030 vestra
829 2969 952 3048 placita
965 2968 1114 3030 discedat
1129 2968 1276 3049 pedibus.
1322 2971 1365 3032 Id
1387 2992 1464 3036 non
1484 2977 1591 3040 video
1610 2996 1665 3058 qm

384 3064 434 3125 460
446 3052 556 3114 fronte
571 3055 716 3132 speretis,
732 3072 834 3131 quum
849 3053 894 3113 sic
908 3053 994 3113 inter
1008 3071 1068 3112 vos
1082 3052 1275 3115 dissideatis.

489 3135 627 3209 Querela
642 3137 682 3197 de
700 3137 827 3196 ratione
848 3136 1043 3208 studiorum,
1059 3136 1099 3196 de
1117 3135 1262 3197 moribus
1278 3155 1399 3198 eornm
1421 3144 1486 3219 qni
1503 3142 1664 3223 guberna

448 3219 529 3280 culis
547 3220 693 3281 assident
707 3218 869 3291 ecclesiae,
885 3220 950 3279 iam
965 3225 1062 3280 vetus
1083 3231 1142 3291 est,
1159 3220 1292 3280 tametsi
1307 3239 1494 3300 nunquam
1514 3227 1664 3289 fortasse

447 3303 587 3364 antehac
613 3322 713 3382 quam
739 3302 800 3364 hoc
826 3302 936 3363 seculo
961 3303 1086 3363 iustior.
1130 3301 1193 3364 Sed
1216 3321 1390 3382 nunquam
1420 3312 1500 3370 tam
1527 3311 1665 3372 feliciter

447 3391 564 3465 agetur
585 3406 659 3447 cum
682 3386 778 3447 rebus
800 3385 952 3446 humanis
974 3391 1013 3446 vt
1039 3404 1104 3446 non
1129 3385 1237 3447 multa
1260 3385 1377 3447 futura
1401 3390 1453 3451 sit
1480 3392 1526 3454 de
1554 3393 1665 3455 multu

385 3481 434 3541 465
447 3471 658 3547 querimonia.
703 3469 824 3530 Verum
850 3470 878 3529 si
903 3468 1028 3529 malum
1054 3475 1128 3530 erat
1149 3468 1328 3541 tolerabile,
1352 3489 1485 3551 magna
1507 3479 1664 3538 cantione

447 3552 685 3632 dispiciendum
699 3559 771 3614 erat
791 3572 832 3612 ne
852 3559 942 3613 recta
961 3552 1059 3613 simul
1078 3571 1153 3612 cum
1174 3553 1285 3632 prauis
1304 3552 1524 3620 tollerentur.
1574 3560 1664 3622 Inter

448 3654 507 3696 vos
533 3643 611 3697 sunt
631 3638 688 3715 qui
713 3636 794 3696 nihil
820 3634 938 3696 volunt
960 3635 1109 3713 relinqui,
1130 3634 1197 3696 alia
1217 3654 1315 3715 super
1334 3635 1402 3696 alia
1426 3645 1616 3716 mutaturi,
1637 3645 1663 3704 si

447 3721 675 3779 successissent
703 3738 766 3798 que
796 3723 978 3779 tentarant.
1031 3718 1141 3780 Tanta
1168 3724 1280 3779 autem
1308 3722 1459 3782 mutatio
1489 3723 1567 3786 fieri
1598 3745 1662 3787 non

446 3807 578 3881 poterat
592 3803 654 3863 nisi
668 3809 728 3864 aut
742 3803 918 3880 tyrannide
931 3808 992 3862 aut
1006 3802 1133 3880 synodo
1146 3800 1288 3881 generali
1302 3807 1363 3863 aut
1377 3810 1472 3866 certe
1490 3811 1660 3890 conspira-

384 3908 434 3958 470
447 3884 536 3945 tione
547 3886 730 3964 principum
743 3892 843 3964 atque
854 3887 1090 3965 episcopcrum.
1134 3884 1354 3964 Tyramiicnm
1365 3892 1489 3966 optare
1502 3890 1660 3970 pharma-

447 3987 522 4029 cum
550 3986 617 4029 non
644 3975 695 4030 est
722 3987 835 4030 eorum
861 3969 916 4047 qui
942 3967 1140 4048 profitentur
1162 3967 1387 4047 Euangelinm.
1431 3969 1584 4035 Pietatis
1609 3983 1660 4037 est

446 4050 652 4112 calamitates
685 4051 817 4113 aliunde
850 4053 1013 4113 immissas
1041 4057 1169 4113 vertere
1197 4053 1231 4112 in
1259 4051 1444 4131 proiectum
1475 4055 1658 4136 religionis

447 4135 672 4214 ‘Expediebat
697 4135 782 4196 dirui
811 4135 971 4214 templum
997 4134 1334 4214 Hierosolymitanum
1347 4135 1365 4197 '.
1420 4135 1548 4200 Verum
1576 4141 1613 4202 id
1638 4161 1658 4204 a

447 4216 606 4279 Romanis
627 4218 753 4279 lactum
775 4226 835 4292 est,
856 4237 922 4279 non
944 4237 964 4278 a
985 4217 1188 4279 Christianis.
1232 4217 1428 4297 Quanquam
1447 4226 1487 4281 et
1509 4223 1579 4284 ista
1601 4226 1658 4287 via

384 4324 432 4375 ⁴⁷⁵
446 4320 512 4444 331¹
513 4300 682 4446 lsslslll
690 4304 878 4446 tlte&
880 4302 1027 4464 loidi}
1041 4307 1126 4445 iii
1136 4301 1314 4446 flattu
1304 4301 1655 4464 {umglm‘ff

445 4485 543 4539 ceres,
559 4473 693 4547 possent
706 4467 792 4547 fingi.
822 4468 943 4529 Verum
957 4489 964 4541 ;
987 4467 1044 4529 sed
1058 4467 1135 4528 ficta
1150 4487 1227 4529 mcx
1241 4476 1452 4531 euanescunt.
1481 4468 1538 4532 Sic
1553 4472 1654 4536 initio

445 4549 586 4611 Luterus
614 4550 867 4630 praedicabatur
895 4557 993 4612 natus
1021 4570 1062 4611 ex
1093 4551 1200 4612 altero
1230 4557 1367 4632 parente
1395 4551 1509 4626 ludeo,
1540 4554 1652 4617 altera

445 4632 599 4695 Bohema.
644 4634 838 4695 lactabatur
865 4635 998 4714 insignis
1024 4639 1166 4714 potator,
1192 4634 1364 4716 impudens
1389 4641 1566 4711 scortator,
1591 4639 1650 4701 de-

382 4729 432 4790 480
445 4718 622 4789 moniacus,
633 4723 668 4778 et
679 4737 763 4796 quae
774 4722 866 4779 non?
899 4715 963 4778 Sed
974 4718 1035 4779 hec
1046 4737 1106 4779 sua
1116 4724 1233 4797 sponte
1244 4724 1459 4781 euanuerunt.
1489 4717 1649 4784 Ueterum

444 4807 575 4861 mutata
589 4802 691 4862 vestis
712 4807 747 4862 et
766 4800 868 4862 ducta
887 4820 970 4861 vxor
986 4821 1028 4862 ex
1045 4801 1218 4875 monacha,
1237 4802 1371 4881 quicum
1390 4801 1511 4865 dicitur
1528 4804 1649 4867 multis

680 4933 737 4984 443·
756 4918 915 4971 enatans
926 4917 990 4969 na.
1109 4919 1168 4983 480.
1187 4917 1407 4970 emensus.
