4042 5900
344 675 440 755 244³]
700 671 757 735 To
777 670 940 735 4440040
961 669 1188 735 annonara
1477 674 1535 735 404

342 831 409 893 illic
437 831 670 893 adumbratam
693 831 772 905 vidi,
797 831 905 893 multo
932 833 1116 912 expressius
1144 831 1225 892 mihi
1249 838 1537 911 repraesentarunt

342 914 462 996 psalmi
476 916 528 976 tui
541 914 724 976 luculenter
734 916 888 988 enarrati,
901 916 1073 995 praecipue
1084 916 1253 994 posterior,
1265 933 1363 994 quem
1375 916 1537 976 attentius
1550 926 1599 978 395

342 1006 378 1060 00
389 1002 441 1073 (vt
448 996 544 1059 Greci
552 999 679 1076 dicunt)
690 997 837 1059 ἀπνευστι
848 997 925 1078 legi:
941 1005 1109 1077 vtrunque
1119 1017 1283 1059 curassem
1297 998 1536 1073 excudendum,

343 1083 407 1142 nisi
421 1081 477 1143 alii
491 1083 755 1143 anteuertissent.

385 1164 459 1226 Iam
477 1166 535 1225 vix
555 1165 668 1226 credas
685 1170 888 1244 quantopere
909 1170 943 1226 te
962 1183 1069 1226 amem
1086 1164 1128 1225 de
1150 1169 1209 1225 tuo
1230 1166 1296 1227 isto
1312 1166 1441 1239 iudicio,
1462 1185 1537 1227 aum

343 1267 418 1309 mea
436 1250 601 1309 sententia
620 1247 717 1309 valde
735 1249 972 1309 consentienti:
995 1248 1094 1321 Deus,
1109 1250 1227 1327 inquis,
1245 1249 1391 1310 omnium
1410 1255 1537 1329 potens,

344 1333 402 1410 qui
423 1331 487 1392 tibi
511 1330 641 1392 labores
665 1337 700 1392 et
725 1331 961 1393 sollicitudines
983 1338 1020 1392 et
1041 1331 1194 1392 affectam
1219 1331 1443 1393 valetudinem
1467 1331 1536 1405 dat,
1550 1345 1600 1396 400

344 1415 417 1493 quis
438 1415 502 1475 0010
522 1433 565 1475 an
587 1415 709 1476 maiore
726 1421 787 1475 tuo
808 1415 896 1476 bono
914 1415 949 1475 id
970 1414 1072 1475 iaciat
1091 1433 1191 1493 quam
1212 1415 1239 1475 si
1258 1417 1403 1494 quietem
1420 1415 1483 1477 tibi
1503 1421 1538 1477 et

344 1497 443 1560 molle
458 1499 565 1559 ocium
579 1498 774 1577 praeberet?
803 1497 929 1559 Videris
942 1517 995 1559 me
1010 1499 1076 1559 iam
1090 1500 1223 1578 penitus
1241 1499 1484 1578 introspexisse,
1499 1505 1539 1560 vt

344 1582 413 1660 ipse
435 1581 516 1642 mihi
537 1583 646 1643 notior
667 1600 733 1642 non
755 1582 817 1641 sim
838 1600 938 1661 quam
960 1581 1031 1643 tibi.
1075 1581 1116 1642 In
1138 1586 1191 1643 tot
1212 1580 1441 1644 calamitatum
1465 1601 1536 1662 per-

344 1671 445 1744 petuo
459 1671 581 1738 tenore,
596 1684 663 1726 non
677 1665 742 1725 alio
756 1670 952 1743 argumento
965 1666 1069 1744 magis
1083 1665 1229 1726 animum
1241 1684 1350 1726 meum
1365 1665 1538 1727 subleuare

345 1747 434 1809 soleo
449 1766 550 1827 quam
568 1748 657 1826 quod
676 1754 826 1827 reputem
846 1747 907 1810 hoc
921 1748 1075 1827 expedire
1089 1748 1190 1809 saluti
1203 1768 1304 1810 meae.
1347 1749 1436 1809 Deus
1450 1750 1537 1810 enim
1550 1760 1599 1813 405

344 1850 406 1911 pro
420 1850 479 1892 sua
493 1831 703 1892 inenarrabili
717 1832 878 1910 sapientia
892 1831 1029 1893 diuersis
1049 1831 1232 1893 rationibus
1251 1838 1372 1911 purgat
1390 1831 1538 1894 homines

345 1934 383 1976 ac
405 1934 440 1975 00
460 1914 575 1994 dignos
594 1913 698 1994 fingit,
714 1916 771 1993 qui
792 1914 886 1976 velut
904 1916 1051 1994 egregius
1071 1914 1232 1994 choragus
1250 1917 1360 1976 varias
1381 1934 1538 1995 personas

345 1996 472 2058 inducit
486 1999 521 2057 in
535 1997 633 2058 huius
647 1998 715 2058 vite
730 1997 909 2072 theatrum,
925 2017 946 2059 a
959 2017 1026 2077 quo
1041 2004 1194 2077 paratum
1208 2004 1260 2059 est
1279 1997 1431 2060 omnibus
1444 2017 1536 2078 prae·

345 2082 457 2154 mium,
473 2082 501 2141 si
522 2100 598 2142 suas
620 2081 757 2160 quisque
779 2087 890 2161 partes
912 2100 994 2159 quas
1015 2080 1070 2141 ille
1090 2080 1256 2160 delegauit
1275 2082 1429 2143 decenter
1449 2088 1536 2161 agat.

346 2164 451 2224 Diuus
471 2163 594 2225 Paulus
613 2167 750 2225 eremita
767 2163 828 2226 1400
848 2166 919 2245 ipso
940 2164 1049 2225 clarus
1065 2170 1125 2236 est,
1146 2164 1235 2243 quod
1254 2166 1311 2225 0441
1328 2165 1445 2226 affixus
1466 2164 1538 2228 1000
1550 2178 1601 2230 400

345 2253 453 2308 totam
467 2253 591 2308 etatem
606 2246 671 2308 fuit
685 2247 853 2309 obscurus.
884 2248 1007 2308 Beatus
1022 2246 1158 2320 Hilario,
1173 2246 1253 2308 dum
1267 2247 1392 2310 famam
1405 2248 1537 2328 fugitet,

346 2349 509 2410 nusquam
524 2330 670 2392 locorum
685 2350 752 2391 non
767 2331 930 2392 inclaruit.
974 2330 1081 2391 Diuus
1094 2330 1260 2392 Antonius
1275 2350 1383 2392 eremo
1401 2337 1437 2393 et
1450 2331 1537 2392 vrbi-

346 2413 407 2474 bus
422 2433 455 2474 se
470 2414 614 2493 partitus
628 2419 689 2475 est.
732 2413 853 2475 Nullus
867 2413 984 2475 horum
999 2416 1175 2493 quicquam
1195 2414 1325 2475 aduersi
1342 2434 1459 2494 passus
1476 2420 1536 2476 est.

346 2496 418 2557 Iam
439 2503 601 2576 quantum
622 2497 796 2558 discrimen
818 2502 870 2558 est
890 2499 977 2558 inter
996 2496 1235 2576 Hieronymum
1252 2504 1288 2558 et
1306 2497 1537 2576 Augustinum,

346 2581 432 2641 inter
446 2580 717 2659 chrysostomum
732 2586 767 2642 at
781 2580 948 2653 Basilium,
964 2582 1051 2641 inter
1065 2580 1283 2642 Athanasium
1298 2587 1333 2641 et
1346 2579 1538 2661 Gregorium
1550 2594 1601 2646 415

346 2663 558 2743 theologum?
582 2684 624 2725 ne
645 2671 770 2725 ceteros
791 2682 1051 2736 commemorem,
1073 2665 1213 2743 ingenio,
1234 2664 1380 2738 fortuna,
1406 2666 1539 2744 viteque

346 2747 502 2808 instituto
526 2747 767 2820 dissimillimos,
796 2749 921 2826 pietate
945 2766 1050 2827 pares.
1095 2746 1190 2820 Quod
1218 2748 1246 2807 si
1274 2746 1354 2808 mihi
1379 2747 1539 2827 choragus

346 2848 517 2909 personam
537 2830 694 2891 humilem
713 2837 748 2891 00
767 2831 923 2892 afflictam
942 2832 1107 2910 imposuit,
1130 2836 1243 2891 vtrum
1264 2850 1325 2910 par
1346 2838 1397 2892 ast
1418 2850 1470 2892 me
1491 2831 1539 2893 illi

346 2912 603 2988 obmurmurare,
615 2933 659 2975 an
673 2920 785 2994 partes
799 2915 909 2994 potius
920 2913 1087 2994 delegatas
1101 2933 1161 2994 pro
1174 2933 1248 2976 mea
1258 2913 1345 2975 virili
1356 2916 1538 2977 sustinere?

347 2996 449 3058 Dabit
474 2997 529 3058 ille
554 3000 646 3059 cuius
671 2998 809 3059 arbitrio
836 3005 996 3078 geruntur
1025 3018 1076 3058 400
1104 2999 1295 3059 mortalium
1324 2998 1400 3059 huic
1428 2998 1539 3060 fabule
1552 3009 1602 3062 4²0

346 3080 468 3141 bonam
484 3081 725 3160 catastrophen.
761 3082 831 3142 Ηο0
845 3080 1081 3160 contemplatio
1095 3081 1176 3142 iacit
1190 3088 1229 3142 vt
1243 3081 1391 3143 nondum
1406 3084 1540 3144 omnino

347 3182 438 3243 spem
456 3164 606 3226 abiiciam
626 3164 666 3226 de
684 3165 735 3225 his
754 3163 926 3226 Germanic
947 3164 1157 3238 tumultibus,
1176 3166 1211 3225 in
1228 3184 1384 3245 magnum
1405 3165 1540 3244 aliquod

346 3247 499 3308 ecclesiae
517 3247 639 3308 bonum
659 3250 805 3309 exituris.
849 3248 953 3309 Nonit
969 3250 1058 3309 enim
1076 3247 1131 3308 ille
1150 3250 1251 3310 etiam
1270 3247 1358 3309 mala
1372 3255 1487 3310 nostra
1504 3249 1540 3310 in

347 3350 441 3391 suam
463 3331 707 3410 electorumque
736 3350 870 3393 suorum
895 3338 1023 3393 0040040
1050 3331 1187 3411 gloriam
1216 3351 1254 3393 ac
1283 3331 1433 3393 salutem.
1476 3330 1541 3393 Sed

347 3414 437 3492 quod
459 3419 496 3474 tu
518 3433 579 3494 pro
601 3421 660 3475 tua
681 3414 837 3494 singulari
859 3414 1008 3476 bonitate
1033 3416 1176 3494 precaris
1200 3413 1404 3488 Germaniae,
1426 3414 1540 3476 multis
1553 3424 1602 3477 425

348 3497 421 3557 aliis
443 3497 629 3575 regionibus
649 3497 849 3577 precandum
870 3505 930 3570 est,
953 3498 1129 3576 inquibus
1151 3516 1217 3558 non
1240 3500 1348 3573 minus
1369 3500 1456 3559 seuit
1481 3498 1540 3560 hec

347 3580 457 3653 febris,
476 3581 554 3642 11000
572 3583 682 3641 minus
700 3583 853 3660 eruperit.
897 3580 992 3654 Quod
1012 3583 1039 3642 si
1056 3583 1225 3660 negocium
1243 3580 1304 3643 1400
1324 3602 1346 3642 a
1365 3583 1415 3643 tui
1429 3582 1539 3643 simili·

349 3663 411 3724 bus
431 3664 549 3724 fuisset
570 3671 731 3738 curatum,
754 3665 867 3725 mitius
889 3664 1010 3743 vbique
1036 3684 1122 3724 nunc
1148 3664 1363 3726 laboraretur.
1407 3665 1541 3727 Ferocis

348 3746 554 3825 quorundam
580 3747 624 3808 ad
650 3767 684 3808 se
708 3749 812 3827 magis
842 3767 942 3826 quam
968 3748 1012 3808 ad
1039 3747 1206 3809 Christum
1236 3749 1457 3828 spectantium
1485 3769 1539 3810 ax·

349 3832 516 3909 asperauit
545 3829 703 3891 hactenus
732 3837 970 3910 exasperatque
999 3830 1096 3892 hodie
1129 3831 1290 3892 morbum.
1342 3830 1405 3893 Sed
1438 3851 1540 3911 quum
1553 3841 1604 3892 450

347 3912 489 4056 {horago
510 3920 624 3974 nostro
645 3913 820 3988 videbitur,
836 3914 895 3976 hac
917 3916 1027 3975 omnia
1048 3933 1180 3975 cessura
1199 3921 1279 3975 sunt
1298 3915 1332 3974 in
1353 3914 1474 3977 bonum
1494 3916 1541 3977 rei

373 3996 559 4057 hristianae.

389 4078 464 4140 Non
483 4099 518 4140 es
538 4080 589 4140 tui
606 4080 780 4153 dissimilis,
796 4079 950 4142 Sadolete
966 4081 1214 4153 modestissime,
1229 4079 1309 4141 dnm
1327 4100 1389 4160 pro
1407 4082 1487 4143 mais
1506 4083 1542 4143 in

348 4161 512 4241 psalmum
528 4170 623 4224 tuum
639 4164 910 4225 annotationibus
924 4166 1048 4243 gratias
1062 4166 1140 4244 agis.
1184 4163 1257 4225 Imo
1271 4183 1338 4225 non
1354 4170 1414 4226 tua
1432 4171 1541 4226 errata

348 4248 463 4306 notaui
478 4246 578 4322 (absit
593 4267 613 4308 a
627 4267 679 4308 me
695 4252 828 4308 tantum
842 4249 1071 4327 arrogantiae),
1087 4245 1144 4308 sed
1159 4248 1459 4327 typographorum
1481 4268 1541 4310 4400
1553 4255 1603 4308 435

347 4349 386 4389 00
408 4330 478 4409 ipsa
499 4331 534 4389 in
559 4330 649 4390 aliud
674 4333 842 4403 annotaui,
868 4333 931 4391 nisi
956 4338 995 4392 vt
1021 4338 1058 4392 tu
1082 4331 1264 4411 dispiceres.
1307 4331 1455 4411 Epistola
1484 4338 1541 4392 tue

348 4412 528 4474 clausulam
554 4412 672 4493 legens,
699 4416 756 4474 vix
777 4433 855 4494 prae
876 4414 995 4494 gaudio
1017 4413 1179 4494 lacrymas
1200 4415 1302 4475 tenui.
1346 4414 1418 4488 Quo
1439 4416 1542 4493 magis

348 4496 443 4556 iuuat
464 4516 503 4557 00
521 4497 621 4558 004140
644 4497 695 4558 1410
717 4504 872 4577 repetere.
916 4497 987 4557 ‘De
1008 4517 1060 4559 me
1071 4498 1089 4571 ',
1109 4498 1228 4575 inquis,
1244 4498 1310 4558 ‘mi
1329 4498 1473 4571 Erasme,
1496 4499 1542 4558 sic

348 4578 410 4639 tibi
427 4580 623 4659 persuadeas
643 4580 728 4654 0010,
748 4599 939 4660 quanquam
958 4599 1018 4660 ego
1038 4582 1146 4642 tenuis
1161 4582 1222 4641 sim
1244 4588 1279 4641 at
1295 4582 1421 4660 magnis
1440 4600 1461 4642 a
1476 4581 1541 4642 ior-

380 4727 439 4776 399.
457 4715 651 4765 consentiente
658 4714 690 4767 J.
740 4729 799 4779 401.
817 4715 882 4781 quis
892 4714 1038 4766 scitMS.:
1055 4715 1105 4780 qui
1115 4715 1170 4766 scit
1181 4714 1247 4776 (scis
1257 4714 1310 4776 N2)
1321 4715 1359 4765 K.
1409 4715 1543 4780 40010444

347 4778 429 4831 Ms.=
448 4780 549 4831 tam-I.
617 4795 677 4847 434.
695 4783 938 4833 annotatiuncnlis
948 4781 979 4833 J.
1047 4784 1107 4847 436.
1125 4782 1188 4847 ipsa
1199 4798 1251 4833 cm.
1264 4781 1302 4831 N.

381 4986 439 5036 395.
457 4972 570 5038 psalmi]
582 4975 628 5025 Ps.
641 4988 671 5037 54
685 4975 715 5025 in
728 4987 792 5039 1525
803 4975 862 5025 and
872 4975 919 5026 Ps.
1002 4987 1062 5039 434.
1080 4972 1325 5036 mactationibus]
1337 4972 1388 5025 800
1398 4973 1454 5040 Ep.
1466 4975 1542 5039 2385.

346 5053 380 5103 93
392 5041 423 5090 in
435 5054 516 5104 153o;
533 5056 580 5092 see
591 5042 646 5108 Ep.
660 5056 723 5106 4544
736 5042 841 5094 14404041.
972 5055 1049 5105 40744.
