4042 5900
397 689 492 766 2533]
772 684 828 749 ΤΟ
849 685 1043 750 suvnam
1064 686 1216 750 BONER
1529 687 1591 749 339

395 845 522 908 inficior
536 845 622 906 istuc
636 864 705 908 esse
716 846 862 925 vulgare,
873 844 930 907 sed
943 845 1040 920 idem,
1051 851 1092 907 vt
1104 852 1156 907 est
1169 845 1403 908 alienissimum
1415 865 1436 908 a
1446 847 1592 909 moribus
1603 858 1638 908 80

396 930 591 1009 ingenioque
605 948 688 1001 meo,
703 930 752 991 ite
766 930 801 989 in
815 929 877 991 hoc
892 935 1088 1009 argumento
1101 928 1183 991 nihil
1201 948 1284 1009 opus
1298 936 1351 991 est
1365 930 1434 991 vlla
1448 930 1590 1005 fictione,

396 1018 497 1091 atque
511 1012 594 1076 odeo
609 1033 650 1074 ne
663 1012 808 1092 fingendi
821 1011 953 1091 quidem
964 1012 1034 1073 vlla
1043 1032 1152 1075 causa.
1189 1013 1351 1075 Plurimos
1362 1014 1441 1076 noui
1451 1015 1591 1094 pueritie

395 1096 600 1169 formatores,
620 1096 678 1157 sed
696 1095 856 1158 hactenus
876 1097 963 1158 inter
983 1095 1142 1176 probatos
1162 1098 1325 1158 neminem
1346 1097 1416 1158 vidi
1436 1096 1591 1160 Anselmo

394 1179 638 1259 vigilantiorem
666 1180 874 1258 integriorem
901 1185 1003 1257 atque
1031 1181 1131 1241 etiam
1159 1179 1386 1242 dexteriorem.
1429 1181 1508 1242 Plus
1536 1180 1591 1241 illa

395 1284 416 1324 a
438 1263 547 1341 pueris
568 1264 725 1342 impetrat
746 1262 817 1324 solo
838 1267 924 1323 nutu
942 1281 1043 1340 quam
1064 1262 1210 1342 plerique
1232 1264 1354 1343 iurgiis,
1372 1264 1461 1337 rixis,
1481 1265 1589 1338 minis,
1602 1275 1635 1337 85

395 1345 593 1406 clamoribus
614 1365 652 1406 ae
674 1346 875 1407 verberibus.
918 1344 1142 1419 Quintilianus
1166 1346 1246 1407 nihil
1272 1348 1364 1426 prius
1385 1347 1590 1409 existimauit

394 1429 640 1509 preripiendum
654 1429 844 1490 doctoribus
859 1447 959 1508 quam
974 1435 1014 1489 vt
1025 1429 1061 1489 in
1071 1429 1248 1509 discipulos
1259 1430 1424 1510 accipiant
1434 1430 1590 1492 affectum

395 1514 552 1593 parentis.
596 1513 777 1574 Parentum
799 1518 851 1574 est
873 1511 997 1592 pudore
1020 1531 1059 1573 ac
1081 1511 1280 1574 liberalitate
1305 1514 1445 1575 retinere
1470 1513 1590 1575 liberos

395 1597 505 1676 potius
525 1615 625 1675 quam
645 1601 746 1657 metu.
790 1595 893 1656 Prisci
909 1615 977 1657 non
996 1596 1066 1657 sine
1084 1615 1185 1656 causa
1203 1596 1381 1676 plurimum
1401 1597 1590 1659 tribuerunt

393 1680 506 1753 fronti,
522 1698 621 1758 quam
637 1679 792 1740 dixerunt
809 1679 961 1758 occipitio
980 1680 1131 1759 priorem,
1146 1684 1181 1740 et
1199 1679 1301 1740 oculis
1320 1679 1454 1753 domini,
1469 1681 1589 1760 quibus
1601 1702 1636 1750 90

395 1762 550 1824 dicebant
582 1763 791 1841 potissimum
823 1781 944 1841 equum
977 1764 1196 1842 pinguescere,
1230 1761 1370 1824 fundum
1402 1765 1587 1826 enitescere.

394 1845 546 1907 Arbitror
568 1852 680 1907 autem
704 1864 771 1907 non
793 1845 893 1925 paulo
914 1846 1123 1907 efficatiorem
1143 1864 1214 1907 esse
1235 1850 1381 1926 parentis
1400 1848 1533 1909 oculum
1554 1848 1590 1909 in

394 1928 462 1990 lilio
481 1948 581 2007 quam
600 1929 725 1990 domini
744 1930 779 1989 in
798 1928 931 1990 stabulo
950 1935 1010 1990 aut
1029 1929 1064 1990 in
1083 1928 1195 1991 fundo.
1238 1929 1414 1991 Anselmus
1428 1937 1540 1992 autem
1554 1937 1589 1993 et

393 2014 540 2092 parentis
548 2019 583 2074 et
591 2012 813 2092 praeceptoris
822 2030 955 2073 munere
963 2011 1097 2074 mirifice
1105 2012 1244 2092 iungens
1255 2013 1370 2092 pedem
1380 2019 1440 2074 aut
1448 2013 1588 2093 digitum

394 2095 499 2157 latum
514 2114 685 2175 nunquam
696 2094 886 2175 digreditur,
898 2113 957 2156 nec
968 2114 1050 2175 puer
1063 2095 1216 2173 cuiquem
1231 2096 1389 2157 adhaeret
1399 2096 1568 2158 lubencius
1580 2120 1587 2172 ;
1600 2118 1634 2169 95

393 2179 427 2239 id
442 2199 500 2240 nec
515 2179 689 2241 Anselmus
702 2184 862 2259 perpetuo
875 2178 998 2240 faceret
1014 2179 1078 2239 nisi
1096 2185 1193 2240 tuum
1212 2198 1289 2258 erga
1307 2178 1411 2240 filium
1433 2180 1588 2242 affectum

393 2263 427 2323 in
439 2283 472 2323 se
484 2262 718 2335 transtulisset,
730 2281 789 2323 nec
801 2280 883 2341 puer
892 2261 1050 2341 gauderet
1064 2268 1224 2342 perpetua
1236 2262 1378 2324 hominis
1392 2265 1587 2343 praesentia,

393 2346 456 2406 nisi
471 2345 563 2406 illum
579 2345 650 2407 loco
664 2347 811 2425 parentis
824 2350 859 2406 et
873 2350 1001 2406 amaret
1016 2352 1050 2406 et
1063 2352 1286 2407 veneraretur.

434 2428 618 2490 Stanislaus
647 2447 737 2508 puer,
762 2427 821 2489 filii
849 2430 900 2489 tui
928 2427 1136 2490 fidelissimus
1164 2429 1314 2490 minister
1338 2449 1377 2491 ac
1402 2429 1587 2492 studiorum

392 2512 522 2585 sodalis,
543 2531 610 2590 qua
628 2511 755 2574 familia
773 2512 818 2573 sit
836 2518 946 2584 natus,
962 2512 1079 2585 nescio,
1095 2510 1152 2573 sed
1171 2512 1282 2574 indole
1300 2519 1352 2574 est
1371 2519 1441 2574 tam
1461 2513 1588 2576 liberali
1602 2536 1650 2573 roo

391 2603 430 2655 vt
444 2596 655 2657 vehementer
669 2596 812 2675 optarim
827 2595 927 2657 nullis
946 2595 1132 2656 monarchis
1151 2594 1329 2657 deteriores
1349 2598 1438 2657 nasci
1457 2597 1585 2660 liberos.

392 2678 488 2757 Spem
501 2685 613 2740 autem
624 2678 818 2741 eruditionis
833 2679 987 2739 eximiam
1001 2678 1043 2739 de
1058 2698 1092 2739 se
1106 2678 1250 2758 praebet.
1286 2678 1404 2758 Itaque
1418 2680 1585 2758 gratulan-

392 2762 470 2822 dum
494 2761 637 2823 arbitror
661 2763 793 2840 vtrique
816 2761 856 2824 de
879 2761 993 2835 altero,
1016 2761 1133 2822 Ioanni
1155 2768 1224 2835 tuo,
1246 2763 1299 2823 cui
1320 2764 1495 2842 contigerit
1516 2769 1585 2825 tam

391 2845 620 2907 accommodus
640 2845 814 2925 puerilium
833 2844 1019 2906 studiorum
1040 2846 1155 2917 socius,
1172 2843 1346 2918 Stenislao,
1362 2848 1414 2906 cui
1432 2846 1587 2925 obtigerit

392 2935 461 2990 tam
477 2929 636 3009 benignus
650 2935 821 3009 patronus,
836 2929 929 2990 cuius
943 2927 1142 2990 liberalitate
1156 2929 1279 3009 poterit
1296 2928 1435 2991 feliciter
1453 2930 1585 2992 institu·
1601 2952 1648 3002 105

390 3019 462 3073 tum
477 3014 511 3073 in
527 3014 660 3092 optimis
674 3013 795 3074 littaris
809 3030 941 3074 cursum
956 3011 1118 3091 perticere.

432 3096 534 3158 Video
548 3103 583 3156 et
596 3096 723 3176 gaudeo
736 3115 811 3157 eam
825 3096 1027 3168 felicitatem,
1043 3114 1142 3174 quam
1157 3096 1255 3157 Plato
1269 3102 1367 3176 optat
1384 3097 1584 3170 ciuitatibus,

390 3185 498 3241 vestra
525 3179 679 3240 Poloniae
704 3179 887 3258 contigisse,
914 3179 948 3239 in
973 3197 1041 3257 qua
1064 3179 1128 3239 viri
1155 3180 1317 3259 principes
1345 3178 1585 3261 philosophiam

391 3263 647 3341 amplectuntur.
692 3262 937 3342 Philosophiam
951 3269 1063 3323 autem
1078 3262 1209 3342 appello
1223 3282 1289 3324 non
1304 3265 1466 3324 rationem
1485 3264 1584 3325 disse-

390 3346 484 3406 rendi
494 3346 535 3407 de
546 3347 713 3426 principiis
724 3365 844 3419 rerum,
856 3344 897 3407 de
908 3343 994 3425 hyle,
1006 3344 1048 3406 de
1059 3351 1216 3425 tempore,
1227 3345 1268 3406 de
1279 3352 1382 3419 motu,
1392 3346 1434 3407 da
1444 3346 1584 3421 infinito,
1600 3369 1648 3407 110

390 3429 446 3489 sed
461 3429 551 3490 fliam
562 3431 757 3508 sapientiam
768 3448 868 3508 quam
883 3427 1038 3491 Solomon
1048 3427 1207 3491 iudicauit
1222 3431 1447 3508 preciosiorem
1458 3433 1585 3493 cunctis

389 3513 516 3592 opibus,
536 3532 639 3590 eaque
658 3518 793 3593 propter
813 3512 898 3574 hanc
919 3531 1022 3574 vnam
1042 3531 1121 3593 prae
1142 3514 1279 3574 caeteris
1300 3514 1453 3575 omnibus
1473 3534 1495 3575 a
1515 3513 1586 3576 Deo

389 3597 529 3674 optauit.
572 3595 672 3658 Cuius
686 3596 765 3658 haec
780 3597 831 3657 vis
844 3602 906 3669 est,
917 3602 957 3657 vt
970 3595 1115 3658 homost
1129 3615 1222 3657 suam
1233 3597 1336 3677 ipsius
1346 3597 1452 3658 vitam
1463 3599 1584 3659 rectius

389 3680 544 3739 instituat
568 3685 603 3740 et
626 3680 755 3759 patriae
778 3679 958 3741 commodis
983 3677 1061 3740 belli
1084 3678 1183 3740 simul
1207 3698 1246 3740 ac
1268 3681 1358 3759 pacis
1381 3681 1584 3760 temporibus

389 3763 490 3841 probe
518 3763 678 3824 consulat.
722 3762 831 3824 Huius
854 3762 1080 3844 philosophiae
1108 3781 1210 3841 quum
1239 3763 1401 3842 inclytum
1430 3763 1646 3836 Poloniae115

389 3865 524 3924 regnum
552 3847 716 3925 egregium
744 3852 779 3909 et
807 3846 995 3925 exemplum
1026 3845 1148 3907 habeat
1174 3851 1210 3906 et
1237 3847 1431 3926 magistrum
1461 3846 1584 3926 Regem

388 3927 641 4007 Sigismundum,
657 3948 724 3990 non
738 3931 859 3990 mirum
873 3934 933 4002 est,
948 3930 976 3989 si
990 3928 1092 3990 solem
1107 3948 1203 3990 suum
1218 3936 1397 4008 sequuntcr
1410 3930 1537 4008 sydera.

430 4012 491 4072 His
513 4012 642 4084 litteris,
665 4013 716 4073 vir
737 4013 924 4086 clarissime,
946 4013 1055 4073 visum
1077 4017 1129 4073 ast
1152 4011 1216 4073 tibi
1238 4018 1360 4092 tueque
1383 4013 1584 4075 nobilissima

387 4097 517 4173 coniugi
537 4096 730 4157 felicitatem
751 4098 850 4157 istam
872 4094 961 4156 haud
983 4113 1150 4174 qusquam
1175 4095 1344 4174 vulgarem
1366 4098 1528 4175 gratulari
1548 4103 1584 4159 et

387 4198 460 4240 meo
489 4180 620 4240 nomine
647 4180 771 4258 gratias
795 4197 900 4259 agere,
925 4178 1015 4258 quod
1042 4178 1203 4240 hactenus
1226 4198 1245 4239 e
1270 4184 1403 4241 tuorum
1428 4181 1583 4241 conuictu
1598 4203 1646 4242 120

386 4269 520 4323 tantum
535 4263 675 4341 ceperim
690 4263 821 4325 solacii:
843 4263 973 4324 vtinam
990 4262 1135 4323 licuisset
1154 4261 1289 4336 diutius,
1305 4263 1362 4324 sed
1382 4263 1461 4324 nihil
1483 4269 1535 4324 est
1549 4265 1583 4325 in

387 4346 484 4406 rebus
499 4345 652 4407 humanis
667 4352 873 4426 perpetuum,
885 4365 944 4406 nec
958 4352 1010 4407 est
1024 4344 1252 4419 humanitatis,
1263 4346 1424 4424 siquidem
1439 4345 1584 4409 Homero

387 4429 558 4500 credimus,
581 4431 737 4490 remorari
757 4428 920 4508 hospitem
941 4428 1106 4489 discedere
1126 4430 1321 4508 cupientem,
1341 4431 1533 4509 praesertim
1555 4431 1583 4491 si

387 4512 472 4572 idem
487 4511 540 4572 vel
555 4512 693 4574 suadeat
707 4511 835 4573 vtilitss
845 4511 898 4574 vel
908 4518 1006 4592 cogat
1017 4513 1202 4575 necessitas.
1244 4510 1384 4593 Ceperat
1394 4511 1448 4573 hic
1458 4513 1581 4574 scintil-

386 4594 454 4656 lare
479 4597 590 4675 peetis‚
613 4596 670 4657 sed
693 4596 819 4669 leuiter,
840 4602 876 4657 et
896 4596 1096 4657 medicorum
1122 4594 1292 4657 oraculum
1314 4601 1366 4656 est
1388 4595 1500 4675 fugam
1522 4616 1582 4676 pro
1597 4620 1645 4670 125

420 4693 461 4754 83.
480 4693 621 4742 neminem
634 4709 683 4755 ay:
702 4692 846 4744 nominem
855 4690 882 4757 β.
924 4707 967 4754 90.
986 4711 1037 4756 ay:
1055 4692 1204 4758 occipitiae
1214 4690 1240 4745 Β.
1288 4706 1344 4743 101.
1363 4710 1395 4742 a:
1412 4699 1543 4758 optarem
1554 4712 1582 4757 γ.

388 4773 443 4807 110.
462 4759 498 4807 ds
510 4759 621 4808 infinito
633 4777 682 4821 cy:
700 4765 730 4811 et
741 4759 854 4809 infinito
863 4757 889 4824 β.
971 4763 1029 4811 116.
1046 4760 1188 4824 egregium
1199 4777 1249 4822 ay:
1267 4775 1320 4810 ona
1331 4756 1358 4823 β.

422 4865 478 4904 122.
491 4854 627 4916 Homero]
639 4854 688 4905 Od.
703 4868 743 4918 15.
755 4869 797 4919 74.
1008 4854 1066 4905 MS.
1082 4855 1128 4905 Fr.
1140 4854 1189 4906 Gr.
1204 4854 1245 4904 11.
1257 4871 1283 4920 4.
1295 4855 1340 4919 32)
1357 4855 1421 4905 who
1437 4869 1583 4919 compares

422 4934 478 4982 1²5·
497 4921 650 4986 pestis10l.
664 4921 807 4987 Ep.2517.
820 4933 895 4986 33-5.
1007 4937 1027 4972 a
1043 4920 1153 4973 Freneh
1169 4922 1308 4987 proverb:
1327 4921 1470 4972 ‘Remede
1484 4929 1583 4974 contre

422 4992 503 5049 125-(2
511 4987 683 5040 medicorum
693 5027 699 5038 .
709 5025 716 5039 .
726 5025 732 5038 .
742 4987 958 5050 tardelQuotsd
1008 4987 1036 5039 la
1052 4994 1134 5054 peste
1148 5003 1202 5054 per
1214 4993 1270 5047 art,
1282 4988 1351 5039 Fuir
1367 4994 1436 5049 tost,
1451 4994 1482 5040 et
1496 4989 1582 5056 loing,

387 5054 426 5119 by
434 5055 772 5121 Cognatusinaletterol
782 5054 958 5116 ineamus
1007 5060 1039 5106 et
1049 5060 1177 5107 retemer
1186 5054 1271 5107 tard’
