4042 5900
305 667 399 742 2533]
680 661 736 725 TO
757 660 951 725 SEVERIN
973 661 1125 725 BONER
1437 664 1498 726 ³37

339 823 425 873 LaE.
449 823 543 888 prints
564 822 621 873 five
644 821 744 874 letters
766 823 796 873 of
817 822 845 874 J.
867 822 953 873 Laaki
973 827 1005 874 te
1022 822 1138 874 Savaria
1157 823 1295 890 (wrongly
1313 822 1441 874 ascribed
1460 823 1500 890 by

305 890 412 941 Delton
423 897 455 941 ιο
466 889 555 951 John)
566 890 660 940 Boner
672 890 702 939 in
716 902 780 955 1534
790 889 849 940 aad
857 889 1004 941 oneletter
1015 889 1045 940 of
1059 903 1132 954 1535.
1167 891 1192 939 Α
1203 889 1289 942 letter
1299 890 1373 941 from
1384 890 1500 941 Severin

305 957 399 1007 Boner
422 963 453 1007 ιο
476 956 504 1008 J.
525 957 679 1008 Dentiscua
698 957 728 1007 of
750 970 781 1017 19
800 956 878 1022 Sept.
904 960 969 1020 1546
991 957 1016 1006 ia
1038 957 1068 1006 in
1090 972 1108 1007 a
1127 956 1274 1007 collection
1297 956 1328 1007 of
1347 957 1446 1008 letters
1467 965 1500 1008 to

305 1025 458 1074 Dantisme
472 1024 502 1073 iu
516 1024 567 1073 the
579 1022 796 1087 caartoryskich
807 1023 939 1073 Mueeum
949 1028 981 1074 at
992 1023 1115 1081 cracow,
1127 1023 1184 1075 Ma.
1197 1037 1256 1087 247,
1268 1039 1296 1089 p.
1309 1038 1369 1087 411.
1404 1025 1500 1075 Booka

305 1090 500 1141 dedicated-to
515 1090 631 1141 Severin
647 1090 741 1140 Boner
756 1105 820 1140 arar
837 1089 975 1140 Martial's
991 1090 1093 1148 Xenio,
1109 1090 1232 1150 cracow,
1250 1090 1288 1142 H.
1304 1090 1411 1150 Viator,
1425 1092 1498 1156 Aug.

307 1159 386 1218 1518:
404 1173 442 1207 en
458 1157 566 1207 edition
576 1157 606 1206 of
617 1157 668 1207 the
679 1156 721 1206 De
732 1156 830 1220 Copto,
841 1156 963 1215 cracow,
981 1157 1019 1206 H.
1038 1156 1144 1216 Viator,
1155 1156 1232 1208 June
1245 1170 1325 1221 1523:
1343 1173 1380 1208 an
1391 1157 1500 1209 edition

303 1225 333 1274 of
351 1224 392 1274 Io.
412 1223 593 1274 Murmelliua’
611 1223 804 1274 Βίοιίοηονίυο
820 1224 962 1274 uariorum
978 1240 1070 1274 nrum
1088 1261 1094 1273 .
1115 1261 1121 1273 .
1141 1260 1148 1273 .
1165 1240 1228 1275 cam
1245 1223 1406 1275 Genauam
1421 1232 1500 1287 atque

304 1291 436 1341 Polonico
452 1290 680 1355 interpretatione,
695 1289 817 1348 cracow,
833 1290 870 1339 Η.
889 1289 996 1348 Viator,
1012 1290 1076 1341 Oct.
1093 1292 1166 1352 1528,
1182 1291 1252 1342 with
1265 1306 1284 1340 a
1297 1290 1411 1356 preface
1426 1290 1500 1342 from

304 1357 403 1408 Viator
416 1359 446 1408 in
460 1357 551 1408 which
568 1357 604 1407 he
618 1357 707 1422 hopes
723 1357 789 1407 that
803 1357 853 1408 the
867 1357 943 1407 book
953 1356 1010 1407 will
1021 1357 1057 1407 be
1070 1356 1163 1408 useful
1174 1362 1206 1409 to
1217 1357 1336 1408 Boner’e
1347 1357 1498 1407 ‘filiolus’r

303 1423 552 1542 iandPVgnatoriua’
564 1423 649 1474 Latin
660 1423 788 1474 metrical
799 1424 969 1475 translation
978 1424 1008 1474 oi
1020 1424 1234 1489 Aristophanea'
1246 1425 1358 1483 Plutus,
1370 1424 1498 1475 Norimb.

319 1507 344 1541 o.
382 1507 496 1549 areius,
511 1504 583 1555 1531.

338 1559 392 1608 His
404 1558 480 1608 elder
490 1573 543 1607 son
554 1556 632 1608 John
643 1572 701 1607 was
712 1557 784 1607 born
795 1572 819 1607 c.
834 1569 908 1620 1517,
919 1556 977 1608 and
988 1558 1019 1608 in
1034 1570 1100 1621 1530
1110 1572 1168 1607 was
1179 1562 1245 1608 sent
1256 1557 1296 1622 by
1306 1558 1350 1608 hia
1361 1557 1456 1609 father
1467 1562 1499 1608 ιο

304 1625 447 1689 Germany
460 1624 519 1674 and
536 1623 622 1688 Italy,
636 1624 707 1674 with
723 1625 757 1673 A.
772 1623 937 1688 Ephorinua
949 1639 981 1674 aa
995 1624 1040 1674 hia
1054 1628 1144 1682 tutor,
1156 1624 1296 1689 apending
1311 1624 1367 1675 five
1382 1624 1499 1675 months

303 1693 333 1741 iu
357 1691 500 1741 Erasmua’
525 1691 614 1740 house
636 1692 693 1751 (aee
716 1690 771 1755 Ep.
795 1704 861 1753 2539
883 1690 1010 1751 intrudi.
1045 1690 1087 1740 'l'o
1107 1691 1167 1740 him
1186 1690 1244 1740 and
1264 1697 1296 1741 ιο
1315 1691 1360 1741 hia
1383 1690 1500 1742 brother

304 1758 461 1809 stanislaua
482 1757 617 1808 Erasmus
637 1757 786 1809 dedicated
806 1757 850 1807 hia
869 1756 978 1808 edition
997 1758 1027 1808 of
1047 1757 1179 1815 Terence,
1200 1773 1247 1808 aee
1266 1757 1321 1823 Ep.
1344 1759 1419 1822 2584.
1454 1757 1499 1807 He

303 1825 426 1875 married
446 1824 608 1875 Katharina
626 1823 812 1889 Tenczynski,
832 1824 893 1873 also
915 1839 933 1874 a
952 1824 1073 1874 relation
1092 1824 1122 1874 of
1141 1823 1170 1875 J.
1191 1825 1286 1884 Iaski,
1305 1824 1364 1875 aud
1386 1824 1499 1875 himself

301 1892 397 1955 joined
409 1893 458 1942 the
470 1890 627 1941 reformem.
662 1891 713 1941 See
724 1890 915 1948 Miaskowski,
928 1905 957 1956 p.
973 1890 1025 1953 15]

396 2022 550 2067 massiva
564 2021 838 2102 mancaleus
852 2020 1023 2067 suvnamo
1038 2021 1175 2101 aona-129
1190 2022 1405 2068 anemurio

617 2106 834 2161 zaauovruu,
850 2105 1052 2149 sarmarum
1066 2106 1181 2152 canoa

344 2197 502 2260 snum
524 2198 710 2278 plurimam.
755 2197 907 2259 Profecto
931 2197 1010 2259 boni
1033 2198 1214 2277 cuiuspiam
1236 2204 1272 2259 et
1293 2199 1390 2259 amici
1413 2198 1500 2277 genii

302 2283 366 2343 mei
400 2301 531 2361 operam
565 2282 745 2360 perfectam
778 2280 932 2354 arbitror,
960 2280 1113 2344 Seuerine
1144 2281 1278 2354 Bonere,
1308 2283 1499 2361 precipuum

304 2365 458 2427 Poloniae
473 2365 581 2438 decus,
593 2371 632 2426 vt
645 2364 821 2425 Anselmus
832 2364 1020 2444 Ephorinus
1031 2370 1119 2437 tuus,
1131 2364 1210 2425 dum
1221 2383 1279 2443 per
1290 2363 1499 2427 Germaniam

303 2450 445 2510 adornat
467 2450 530 2509 iter
552 2450 586 2508 in
611 2447 745 2509 Italiam
770 2447 919 2509 nonnihil
944 2447 987 2508 ab
1010 2449 1167 2510 institute
1192 2450 1308 2509 itinere
1331 2447 1500 2509 deflexerit

302 2533 458 2594 etadhoc
468 2532 664 2611 Friburgum
673 2530 875 2610 Brisgoicum
885 2550 954 2592 sese
963 2531 1150 2593 contulerit.
1187 2530 1273 2593 Nam
1282 2531 1362 2592 mihi
1371 2550 1528 2605 menses5

302 2616 403 2678 ferme
417 2617 562 2694 quinque
577 2634 644 2676 non
663 2615 762 2676 modo
780 2614 920 2687 facilem,
934 2615 1086 2686 amicum,
1101 2614 1309 2676 commodum
1328 2634 1366 2675 ac
1386 2616 1498 2677 iucun-

302 2699 383 2760 dum
404 2700 626 2760 conuictorem
645 2698 786 2778 prebuit,
806 2699 1023 2759 verumetiam
1042 2699 1128 2758 curis
1148 2698 1334 2759 domesticis
1352 2717 1439 2759 nunc
1456 2698 1499 2760 ob

303 2803 407 2844 nouas
422 2782 518 2843 aedes
533 2787 662 2861 emptae
681 2786 716 2843 et
735 2780 777 2843 ob
797 2781 959 2859 migrandi
978 2780 1215 2860 edificandique
1236 2782 1369 2859 negocia
1390 2787 1500 2861 preter

303 2866 436 2928 solitum
465 2871 640 2944 grauatum
666 2883 733 2926 non
757 2865 894 2925 minima
916 2884 957 2925 ex
982 2870 1077 2944 parte
1102 2864 1300 2937 subleuauit,
1326 2865 1378 2925 vir
1402 2871 1441 2926 vt
1465 2865 1499 2925 in

303 2949 423 3011 litteris
444 2951 534 3010 varie
553 2948 672 3011 doctus
690 2955 725 3010 et
743 2946 909 3027 expolitus
927 2948 976 3008 ita
992 2951 1027 3009 in
1047 2948 1137 3010 omni
1152 2968 1269 3028 genere
1284 2948 1499 3027 negotiorum,
1514 2974 1546 3011 ιο

302 3053 322 3093 a
337 3034 457 3112 quibus
471 3032 645 3094 abhorrere
660 3032 768 3094 solent
782 3033 840 3109 qui
854 3031 1040 3092 studiorum
1054 3050 1165 3093 amore
1182 3032 1367 3111 rapiuntur,
1382 3038 1500 3094 cautus

302 3117 403 3178 solers
418 3123 452 3178 et
465 3117 646 3196 perspicax.
690 3114 861 3189 Quendam
875 3116 1058 3194 antiquitas
1076 3115 1118 3176 ob
1138 3135 1268 3177 morum
1286 3116 1499 3178 commodita-

302 3207 370 3261 tem
392 3200 477 3260 dixit
499 3200 645 3260 omnium
666 3198 821 3260 horarum
843 3198 1018 3272 hominem,
1038 3198 1125 3260 hunc
1146 3199 1264 3260 merito
1285 3200 1358 3278 quis
1379 3199 1501 3261 dixerit

302 3285 448 3343 omnium
460 3284 628 3344 actionum
643 3281 808 3344 hominem
819 3302 826 3342 :
838 3281 974 3361 proinde
986 3281 1048 3343 hoc
1059 3282 1191 3360 quidem
1202 3284 1334 3344 nomine
1344 3281 1500 3362 profiteor

303 3387 354 3427 me
370 3366 417 3426 illi
432 3366 548 3427 debere
563 3366 751 3446 plurimum.
794 3364 870 3426 Non
884 3366 971 3425 enim
986 3384 1121 3445 possum
1135 3365 1195 3427 tali
1210 3367 1282 3427 viro
1296 3385 1361 3427 non
1380 3365 1500 3427 habere
1515 3390 1546 3439 15

303 3450 400 3510 fidem
414 3450 618 3510 asseueranti
632 3469 666 3509 se
680 3468 746 3510 non
761 3447 828 3510 alia
846 3467 946 3510 causa
965 3454 1177 3523 commotum,
1192 3455 1231 3510 vt
1249 3456 1380 3529 praeter
1398 3451 1501 3510 animi

303 3534 471 3594 decretum
486 3533 611 3594 diutius
626 3532 755 3594 hereret
768 3533 803 3593 in
817 3530 1002 3605 Germania,
1015 3551 1114 3611 quam
1128 3539 1168 3593 vt
1182 3532 1311 3594 Eraemi
1326 3538 1499 3594 consuetu·

302 3617 378 3677 dine
400 3616 566 3677 mensibus
588 3615 717 3694 aliquot
736 3615 910 3677 frueretur.
954 3614 1058 3688 Quem
1079 3615 1221 3677 hominis
1243 3617 1391 3678 animum
1412 3617 1440 3676 si
1461 3622 1500 3678 tu

303 3719 432 3778 quoque
446 3699 577 3779 probas,
593 3699 690 3760 sicuti
709 3698 927 3778 probaturum
947 3698 1086 3772 confido,
1101 3701 1165 3761 erit
1184 3699 1272 3778 quod
1291 3705 1349 3761 tue
1370 3718 1500 3779 quoque

303 3783 505 3843 humanitati
519 3784 642 3861 gratias
657 3801 762 3860 agam.
806 3781 941 3843 Vtinam
959 3787 1072 3843 autem
1091 3788 1207 3844 nostra
1224 3782 1434 3844 familiaritas
1452 3782 1500 3844 illi
1512 3808 1546 3845 ιο

303 3866 433 3944 filioque
446 3874 505 3928 tuo
516 3866 634 3927 Ioanni
645 3865 774 3927 Bonero
785 3865 983 3927 tantundem
994 3865 1148 3927 attulerit
1158 3865 1324 3940 Vtilitatis,
1336 3871 1500 3946 quantum

302 3949 383 4009 mihi
402 3949 520 4010 attulit
539 3949 732 4029 voluptatis,
752 3967 812 4010 nec
832 3948 884 4009 hic
903 3948 994 4009 locus
1016 3950 1061 4010 sit
1081 3950 1186 4010 veteri
1206 3947 1404 4011 Graecorum
1426 3968 1498 4029 pro-

304 4033 434 4093 uerbio:
465 4033 689 4094 ‘Thesaurum
710 4031 918 4111 quaerebam,
940 4032 1098 4094 carbones
1120 4033 1246 4112 reperi!
1288 4031 1322 4095 Si
1344 4032 1425 4112 quid
1447 4032 1499 4094 hic

302 4117 435 4188 errauit,
458 4115 576 4195 dignus
600 4122 653 4177 est
676 4117 783 4189 venia,
809 4115 966 4195 imposuit
990 4114 1116 4177 homini
1143 4116 1282 4178 candido
1309 4116 1410 4189 fama,
1436 4135 1500 4195 que

303 4219 540 4278 nonnunquam
555 4219 595 4260 ex
610 4218 724 4260 musca
736 4199 818 4260 facit
831 4198 1054 4278 elephantum.
1512 4223 1544 4272 25

345 4283 391 4345 Te
419 4303 507 4355 vero,
533 4283 585 4343 vir
609 4282 796 4355 clarissime,
822 4300 890 4343 non
912 4282 1048 4361 perinde
1071 4281 1199 4344 felicem
1223 4283 1386 4355 existimo,
1411 4281 1500 4361 quod

304 4366 420 4445 opibus
435 4365 550 4438 affluis,
566 4365 655 4444 quod
669 4366 829 4427 maiorum
844 4364 1042 4444 imaginibus
1057 4365 1206 4444 refulges,
1222 4365 1312 4444 quod
1328 4367 1364 4426 in
1383 4365 1498 4428 floren·

303 4451 431 4511 tissime
446 4469 546 4527 regno
560 4448 731 4528 dignitate,
745 4449 853 4528 gratia
872 4455 907 4510 et
926 4447 1132 4510 authoritate
1153 4467 1228 4509 cum
1249 4450 1364 4529 primia
1384 4449 1498 4529 polles,

303 4532 502 4612 atquequod
511 4530 924 4594 talemsortituaesfilium.
960 4531 1054 4592 Inter
1062 4550 1175 4593 omnes
1184 4532 1271 4594 enim
1279 4533 1499 4612 possessiones

304 4616 384 4676 nihil
402 4617 588 4696 preciosius,
604 4616 691 4676 inter
709 4614 821 4677 omnia
839 4614 957 4677 deeora
976 4614 1058 4676 nihil
1079 4615 1258 4697 pulchrius,
1281 4617 1368 4677 inter
1389 4616 1499 4677 omnia
1512 4639 1546 4690 30

336 4747 392 4783 rir.
411 4745 597 4783 emmane
612 4770 618 4781 .
632 4769 638 4783 .
653 4728 773 4783 ,ποδὶ
786 4750 819 4782 οι
837 4745 980 4783 manre
991 4745 1186 4784 eaacovmtsr
1196 4751 1222 4796 γ.
1355 4748 1394 4785 ιο.
1412 4733 1455 4785 ita
1464 4732 1498 4799 βε

303 4817 355 4850 om.
369 4820 385 4849 a
396 4820 422 4862 γ.
491 4815 505 4849 2
509 4813 532 4861 5.
550 4813 757 4865 nonnunquam
768 4816 819 4862 ay:
836 4814 984 4865 nunquam
996 4797 1023 4864 β.

305 4894 532 4997 ᾟΪῙΑἷοο-ιω-οε
550 4932 726 4999 aphatiam]
745 4931 797 4985 aa
816 4932 872 4998 ap.
956 4946 998 4997 23.
1010 4932 1383 5001 maonamaaugao,
1395 4934 1497 5006 caup.

303 5016 370 5064 2539
382 5000 485 5051 introd.
922 5012 998 5066 254⁴·
1011 5001 1071 5062 8‘9-

341 5116 418 5168 οπο
897 5097 916 5147 2
