4042 5900
389 673 485 751 2562]
710 669 833 732 FROM
855 668 1051 733 ALFONSO
1071 669 1266 734 FONSECA
1525 674 1586 735 367

387 833 532 911 patriam
562 831 758 891 inuisentem
787 829 879 891 nolui
907 830 976 890 sine
1004 830 1085 891 meis
1113 830 1156 891 ad
1189 835 1223 891 te
1256 831 1377 893 litteris
1410 832 1585 894 dimittere.

387 915 565 994 Augustini
578 913 822 974 lucubrationes
837 911 978 974 libenter
991 913 1135 974 vidimus
1150 920 1209 974 tua
1223 934 1323 993 opera
1336 915 1440 977 veluti
1455 935 1586 977 rursum

387 998 607 1060 elucubratas.
651 996 811 1057 Dabimus
840 1015 971 1075 operam
1000 1001 1040 1056 vt
1069 996 1232 1076 intelligas
1262 998 1460 1060 dicationem
1492 1005 1586 1061 tuam

388 1081 484 1143 uobis
498 1081 597 1141 fuisse
612 1080 841 1158 gratissimam,
857 1080 1049 1158 praesertim
1068 1081 1095 1140 si
1113 1079 1157 1141 ad
1177 1099 1236 1141 vos
1254 1082 1414 1160 proficisci
1433 1081 1584 1144 dabitur:

387 1163 666 1244 quemadmodum
685 1182 790 1242 nuper
809 1163 1026 1235 decreueram,
1044 1161 1190 1225 Caesaris
1209 1166 1423 1226 autoritatem
1443 1172 1585 1239 secutus,
1601 1196 1632 1231 10

387 1250 446 1327 qui
460 1248 640 1308 conuentui
657 1245 800 1326 Spirensi
819 1247 884 1306 iam
899 1252 982 1318 tum,
997 1250 1037 1306 vt
1056 1246 1260 1320 credebatur,
1275 1249 1413 1310 instanti
1428 1249 1586 1310 interesse

387 1351 441 1393 me
474 1331 617 1392 volebat.
661 1328 887 1391 Adornantem
920 1329 1099 1390 discessum
1131 1331 1269 1391 nuntius
1301 1333 1467 1410 opprimit,
1499 1332 1585 1393 diem

388 1420 573 1477 conuentus
595 1413 723 1491 longius
744 1412 890 1492 produci,
912 1431 1052 1491 eumque
1078 1412 1281 1492 Ratisponae
1310 1415 1353 1475 ad
1381 1416 1586 1496 Epiphaniae

387 1499 578 1560 Dominicae
606 1496 766 1557 futurum.
816 1496 850 1557 Is
879 1497 1018 1557 nuncius
1046 1515 1208 1558 remoram
1237 1497 1358 1559 obiecit
1385 1501 1584 1579 properanti,

387 1582 491 1643 donec
520 1587 645 1641 certum
673 1579 715 1641 de
739 1578 897 1640 Caesarea
920 1578 1120 1658 proiectione
1144 1580 1400 1660 comperiamus;
1432 1601 1474 1643 ex
1498 1582 1630 1663 illius15

387 1671 511 1725 euentu
525 1663 697 1725 consilium
712 1664 850 1742 capturi.
893 1661 1028 1723 Vtinam
1045 1669 1158 1724 autem
1178 1664 1212 1724 in
1231 1683 1307 1725 eum
1326 1664 1434 1726 locum
1453 1666 1586 1745 publica

388 1750 520 1827 negotia
535 1747 742 1808 deducantur
756 1752 794 1806 vt
808 1751 980 1808 tantorum
994 1745 1143 1807 laborum
1157 1746 1286 1808 fructus
1301 1747 1420 1827 aliquis
1434 1756 1585 1811 constare

387 1833 500 1911 possit.
544 1831 776 1891 Existimarem
799 1830 872 1890 illos
892 1830 979 1889 tanti
998 1848 1078 1903 esse,
1097 1830 1154 1890 sed
1173 1849 1287 1892 vereor
1306 1850 1348 1892 ne
1366 1833 1473 1892 maius
1491 1834 1584 1913 quip-

387 1916 476 1995 piam
491 1913 636 1974 humana
650 1932 711 1992 ope
725 1911 967 1992 expectandum
984 1914 1037 1974 sit.
1081 1913 1266 1993 Vtcumque
1286 1920 1398 1975 tamen
1417 1921 1451 1975 te
1470 1917 1584 1995 tuique

388 1998 509 2059 similes
524 1998 612 2059 viros
627 1997 787 2069 doctriua,
802 1995 959 2057 facundia
971 2002 1006 2057 et
1024 1995 1177 2075 religione
1197 2003 1403 2076 praestantes
1422 1999 1585 2061 accinctos
1598 2029 1632 2066 20

387 2081 497 2141 videre
522 2081 621 2141 velim
645 2080 868 2158 extinguendo
892 2080 1059 2141 communi
1087 2080 1254 2142 incendio:
1288 2100 1451 2160 sperarem
1477 2082 1585 2144 Deum

387 2164 559 2225 conatibus
572 2163 776 2225 adiuturum.

429 2246 555 2307 Dilium
571 2254 666 2307 tuum
680 2252 741 2307 tua
758 2247 896 2325 primum
909 2266 1007 2308 eausa
1018 2247 1052 2306 in
1063 2245 1223 2308 familiam
1235 2253 1382 2309 nostram
1394 2248 1584 2322 admissum,

387 2331 462 2391 dein
478 2330 713 2392 consuetudine
731 2331 802 2409 ipsa
821 2330 988 2407 cognitum
1008 2331 1116 2390 virum
1137 2329 1260 2392 bonum
1278 2337 1314 2393 et
1329 2331 1506 2405 eruditum,
1525 2352 1585 2394 suo

387 2416 489 2493 ipsius
500 2416 617 2475 merito
628 2412 803 2474 habuimus
814 2412 1071 2493 habebimusqua
1083 2414 1357 2488 commendatum,
1369 2415 1584 2494 redeuntique
1598 2445 1630 2493 25

387 2497 576 2558 benefacere
591 2496 813 2568 studebimus;
837 2496 1001 2557 hominem
1019 2498 1106 2558 enim
1126 2499 1344 2577 comperimus
1362 2505 1397 2559 et
1416 2506 1476 2560 tua
1497 2519 1582 2561 com·

388 2581 596 2641 mandatione
610 2586 646 2641 et
659 2586 774 2640 nostra
788 2578 990 2658 benignitate
1005 2580 1242 2659 dignissimum.
1286 2580 1375 2643 Vale.

429 2664 480 2724 Ex
496 2664 616 2743 oppido
631 2670 746 2725 nostro
759 2661 944 2743 Compluto.
960 2662 1065 2743 pridie
1078 2661 1145 2725 Cal.
1162 2664 1322 2727 Nouemb.
1338 2682 1508 2727 sanum.

696 2897 796 2959 2563.
844 2891 1069 2960 FuouJouu
1083 2892 1274 2959 Vaassen.

424 3031 547 3086 Madrid
560 3030 623 3086 MS.
638 3030 670 3086 C.
685 3031 732 3096 38,
745 3048 796 3086 no.
814 3035 857 3086 16.
1351 3032 1469 3087 Alcala.

1265 3122 1299 3177 31
1314 3105 1449 3163 October
1464 3123 1545 3177 1531.

422 3234 493 3295 [The
509 3246 566 3292 us..
583 3233 674 3284 which
685 3233 709 3283 ie
720 3234 750 3284 in
762 3234 812 3284 tha
824 3234 898 3284 Bibl.
911 3233 1047 3285 Nacionsl
1058 3239 1090 3285 at
1101 3234 1220 3292 Madrid,
1233 3235 1258 3284 is
1273 3251 1291 3284 a
1307 3249 1381 3300 eopy
1394 3236 1425 3286 in
1440 3236 1490 3287 the
1506 3252 1584 3287 sama

387 3302 479 3350 xviiia.
492 3300 568 3350 hand
580 3316 612 3349 aa
624 3301 689 3352 that
700 3301 792 3350 whieh
803 3300 903 3364 eopiad
914 3316 992 3351 some
1003 3301 1034 3352 ol
1045 3301 1095 3351 the
1106 3301 1205 3351 letters
1217 3301 1245 3351 in
1257 3302 1307 3352 the
1320 3303 1411 3353 Heine
1425 3303 1582 3354 oollaotion.

388 3368 433 3417 On
446 3369 495 3417 the
507 3367 580 3417 back
591 3367 641 3417 the
652 3383 729 3417 same
740 3367 818 3417 hand
829 3368 881 3418 has
892 3368 1023 3419 written:
1042 3369 1050 3392 ⁴
1059 3367 1104 3418 Ad
1114 3368 1219 3432 Deeyd.
1229 3368 1379 3419 Erasmum
1387 3386 1439 3434 per
1447 3369 1556 3420 Dillurn
1563 3371 1581 3419 ’.

387 3435 447 3484 The
456 3434 540 3485 letter
551 3434 575 3483 is
587 3434 701 3497 printed
710 3434 750 3499 by
758 3435 792 3485 A.
806 3434 917 3485 Bouilla
928 3451 948 3499 y
960 3435 1016 3484 San
1028 3434 1134 3484 Martin
1145 3436 1175 3484 in
1188 3434 1333 3486 Momm
1348 3436 1583 3500 Hispanienaium

387 3501 528 3564 Epistoloe
539 3501 666 3560 ineditae,
679 3516 729 3566 pp.
742 3514 808 3564 72-3
822 3523 843 3540 -
856 3501 946 3551 Recte
958 3501 1141 3565 Hispanique,
1153 3502 1203 3552 viii
1215 3503 1313 3563 (1901),
1327 3517 1376 3568 pp.
1390 3507 1483 3568 246-7.
1517 3504 1583 3554 Itis

386 3567 536 3632 obviously
546 3572 763 3632 contemporary
775 3569 844 3618 with
855 3568 910 3634 Ep.
923 3582 938 3618 2
940 3569 1012 3630 562]

571 3675 615 3720 10.
632 3674 791 3719 VERGARA
806 3675 1003 3721 'rnuomuvs
1018 3675 1116 3720 nusi.
1133 3675 1268 3720 ummo
1282 3675 1357 3721 Bor.
1373 3677 1400 3721 8.

429 3764 464 3827 S1
478 3771 538 3826 aut
552 3767 782 3846 occupationes
796 3786 896 3839 meas,
907 3766 1027 3847 quibus
1042 3767 1164 3846 alioqui
1174 3774 1333 3847 perpetuo
1344 3768 1511 3842 distineor,
1523 3774 1582 3831 aut

387 3848 633 3911 tabellariorum
655 3850 907 3929 infrequentiam
928 3851 1018 3930 apud
1042 3855 1077 3911 te
1100 3870 1261 3924 excusem,
1283 3853 1351 3914 scio
1372 3852 1454 3914 nihil
1476 3872 1581 3932 agam.

386 3932 484 3992 Nosti
509 3933 605 3994 hasce
630 3932 781 4012 vulgares
805 3933 1073 3995 causifioationes.
1116 3932 1257 3996 Omnino
1281 3941 1394 3997 tamen
1419 3943 1454 3997 et
1476 3943 1519 4010 te,
1543 3943 1582 3998 vt

387 4035 514 4094 semper
528 4016 600 4089 feci,
617 4016 701 4077 iaoio
716 4016 857 4096 plurimi,
872 4024 908 4078 et
922 4036 974 4078 me
988 4038 1008 4079 a
1023 4023 1058 4079 te
1072 4018 1176 4079 amari
1190 4018 1327 4080 confido.

428 4099 506 4159 Dilfi
521 4101 571 4160 tui
586 4100 789 4162 consuetudo
803 4100 868 4162 fuit
884 4100 979 4162 nobis
998 4101 1242 4174 iucundissima,
1257 4107 1296 4162 vt
1315 4101 1356 4163 de
1374 4103 1580 4164 commenda-
1594 4130 1611 4181 5

386 4183 476 4243 tione
490 4189 550 4244 tua
564 4183 626 4244 tibi
640 4184 818 4263 plurimum
836 4184 1023 4246 debeamus.
1066 4184 1176 4246 Homo
1194 4191 1246 4246 est
1264 4185 1396 4264 probus,
1412 4186 1581 4261 candidus,

386 4286 424 4326 ac
440 4286 590 4345 prorsum
606 4267 688 4328 bene
703 4273 811 4328 natus.
855 4268 904 4328 De
919 4268 1128 4346 aequoniam
1143 4275 1257 4330 nostra
1271 4270 1382 4330 omnia
1398 4288 1581 4349 cognosces,

386 4368 451 4410 non
479 4357 532 4411 est
558 4351 647 4428 quod
676 4350 825 4430 pluribus
853 4351 887 4411 in
915 4352 1102 4430 praesentia
1129 4370 1235 4431 agam.
1279 4351 1423 4414 Tantum
1449 4352 1580 4427 habeto,

386 4434 508 4493 nemini
521 4453 574 4494 me
588 4433 651 4494 fida
666 4454 742 4513 erga
757 4439 791 4494 te
804 4439 840 4495 et
853 4434 967 4506 officio,
983 4434 1041 4494 vbi
1055 4454 1106 4495 res
1119 4432 1215 4508 ierat,
1230 4454 1407 4498 cessurum.

428 4515 516 4589 Vale,
531 4515 706 4596 compluti.
722 4518 825 4596 pridie
839 4515 907 4579 Cal.
922 4516 1084 4579 Nouemb.
1101 4531 1192 4594 1531.
1595 4546 1627 4582 ιο

516 4625 590 4675 2562.
609 4629 634 4676 6.
653 4625 792 4678 dimittire
803 4625 868 4677 MS.
937 4627 1013 4677 2563.
1033 4641 1056 4678 1.
1074 4627 1274 4693 occupationes
1285 4627 1328 4679 bia
1339 4629 1370 4678 in
1380 4627 1446 4679 MS.

419 4758 495 4808 2562.
513 4772 537 4822 7.
556 4759 720 4824 Augiretini]
731 4758 792 4811 The
804 4759 958 4824 Augustini
1007 4761 1058 4812 tha
1083 4766 1199 4827 present
1223 4760 1309 4812 letter
1334 4777 1372 4812 uo
1397 4761 1482 4812 latter
1506 4762 1581 4813 from

386 4825 474 4888 Opera
493 4826 636 4890 appeared
659 4827 688 4877 in
710 4827 761 4878 the
782 4832 905 4877 autumn
927 4827 958 4878 oi
1007 4828 1134 4879 Foneaca
1150 4834 1182 4878 to
1198 4828 1334 4879 Erasmus
1350 4829 1375 4878 ie
1391 4833 1510 4880 extant:
1528 4844 1581 4879 nor

389 4905 461 4953 1529,
480 4893 549 4943 with
566 4908 585 4942 a
601 4892 761 4944 dedication
781 4900 814 4944 to
833 4893 958 4944 Foneaea
1007 4909 1056 4945 are
1071 4895 1152 4944 there
1165 4909 1223 4960 any
1238 4895 1312 4945 later
1324 4895 1423 4946 lettere
1436 4910 1474 4946 on
1489 4895 1581 4947 either

386 4958 452 5022 (Ep.
468 4962 545 5022 2157)
557 4960 671 5011 written
686 4960 827 5025 probably
837 4961 867 5010 in
881 4960 957 5026 May.
1007 4960 1078 5012 aida.

386 5025 520 5076 Between
535 5027 602 5077 that
618 5025 686 5077 date
701 5025 760 5076 and
776 5027 826 5078 the
843 5026 911 5078 date
927 5026 958 5078 of
1043 5042 1084 5078 11.
1102 5029 1269 5091 manantui]
1281 5028 1332 5079 See
1343 5028 1561 5097 Ep.2511.43n.
