<?xml version="1.0" encoding="UTF-8"?>
<!DOCTYPE html PUBLIC "-//W3C//DTD XHTML 1.0 Transitional//EN"
    "http://www.w3.org/TR/xhtml1/DTD/xhtml1-transitional.dtd">
<html xmlns="http://www.w3.org/1999/xhtml" xml:lang="en" lang="en">
 <head>
  <title>
</title>
<meta http-equiv="Content-Type" content="text/html;charset=utf-8" />
  <meta name='ocr-system' content='tesseract 3.04.00' />
  <meta name='ocr-capabilities' content='ocr_page ocr_carea ocr_par ocr_line ocrx_word'/>
</head>
<body>
  <div class='ocr_page' id='page_1' title='image "./opusepistolarum02garrgoog_0108.png"; bbox 0 0 4042 5900; ppageno 0'>
   <div class='ocr_carea' id='block_1_1' title="bbox 437 654 1641 738">
    <p class='ocr_par' dir='ltr' id='par_1_1' title="bbox 437 654 1641 738">
     <span class='ocr_line' id='line_1_1' title="bbox 437 654 1641 738; baseline 0.003 -21"><span class='ocrx_word' id='word_1_1' title='bbox 437 658 479 717; x_wconf 86' lang='grc'><strong>74</strong></span> <span class='ocrx_word' id='word_1_2' title='bbox 764 655 962 720; x_wconf 80' lang='lat' dir='ltr'>LETTERS</span> <span class='ocrx_word' id='word_1_3' title='bbox 984 655 1040 719; x_wconf 80' lang='lat' dir='ltr'><strong>OF</strong></span> <span class='ocrx_word' id='word_1_4' title='bbox 1061 654 1267 721; x_wconf 80' lang='lat' dir='ltr'><strong>ERASMUS</strong></span> <span class='ocrx_word' id='word_1_5' title='bbox 1543 660 1641 738; x_wconf 84' lang='lat'>[1530</span> 
     </span>
    </p>
   </div>
   <div class='ocr_carea' id='block_1_2' title="bbox 386 814 1641 4566">
    <p class='ocr_par' dir='ltr' id='par_1_2' title="bbox 389 814 1641 1231">
     <span class='ocr_line' id='line_1_2' title="bbox 389 814 1641 897; baseline 0.004 -23"><span class='ocrx_word' id='word_1_6' title='bbox 389 837 423 874; x_wconf 89' lang='grc' dir='ltr'><strong>2ο</strong></span> <span class='ocrx_word' id='word_1_7' title='bbox 435 819 604 877; x_wconf 74' lang='lat' dir='ltr'><strong>curatores</strong></span> <span class='ocrx_word' id='word_1_8' title='bbox 617 814 756 895; x_wconf 88' lang='lat' dir='ltr'><strong>superbe</strong></span> <span class='ocrx_word' id='word_1_9' title='bbox 769 815 1018 896; x_wconf 90' lang='lat' dir='ltr'><strong>responderunt.</strong></span> <span class='ocrx_word' id='word_1_10' title='bbox 1061 816 1158 878; x_wconf 87' lang='lat' dir='ltr'><strong>Nunc</strong></span> <span class='ocrx_word' id='word_1_11' title='bbox 1171 816 1337 878; x_wconf 90' lang='lat' dir='ltr'><strong>Antonius</strong></span> <span class='ocrx_word' id='word_1_12' title='bbox 1350 816 1480 897; x_wconf 73' lang='lat' dir='ltr'><strong>scripsit</strong></span> <span class='ocrx_word' id='word_1_13' title='bbox 1491 815 1568 891; x_wconf 90' lang='lat' dir='ltr'><strong>illis,</strong></span> <span class='ocrx_word' id='word_1_14' title='bbox 1580 837 1641 879; x_wconf 89' lang='lat' dir='ltr'><strong>nec</strong></span> 
     </span>
     <span class='ocr_line' id='line_1_3' title="bbox 436 898 1641 980; baseline 0.003 -22"><span class='ocrx_word' id='word_1_15' title='bbox 436 899 533 959; x_wconf 86' lang='lat' dir='ltr'><strong>video</strong></span> <span class='ocrx_word' id='word_1_16' title='bbox 554 898 635 976; x_wconf 92' lang='lat' dir='ltr'><strong>quid</strong></span> <span class='ocrx_word' id='word_1_17' title='bbox 656 898 717 959; x_wconf 93' lang='lat' dir='ltr'><strong>hoc</strong></span> <span class='ocrx_word' id='word_1_18' title='bbox 738 899 817 960; x_wconf 93' lang='lat' dir='ltr'><strong>mihi</strong></span> <span class='ocrx_word' id='word_1_19' title='bbox 839 901 884 960; x_wconf 92' lang='lat' dir='ltr'><strong>sit</strong></span> <span class='ocrx_word' id='word_1_20' title='bbox 904 899 1126 980; x_wconf 89' lang='lat' dir='ltr'><strong>profuturum.</strong></span> <span class='ocrx_word' id='word_1_21' title='bbox 1170 900 1215 962; x_wconf 89' lang='lat' dir='ltr'><strong>Vt</strong></span> <span class='ocrx_word' id='word_1_22' title='bbox 1232 906 1345 961; x_wconf 91' lang='lat' dir='ltr'><strong>tamen</strong></span> <span class='ocrx_word' id='word_1_23' title='bbox 1365 899 1426 960; x_wconf 91' lang='lat' dir='ltr'><strong>hoc</strong></span> <span class='ocrx_word' id='word_1_24' title='bbox 1445 899 1591 962; x_wconf 85' lang='lat' dir='ltr'><strong>iacerem</strong></span> <span class='ocrx_word' id='word_1_25' title='bbox 1606 902 1641 962; x_wconf 90' lang='lat' dir='ltr'><strong>in</strong></span> 
     </span>
     <span class='ocr_line' id='line_1_4' title="bbox 436 981 1638 1062; baseline 0.003 -20"><span class='ocrx_word' id='word_1_26' title='bbox 436 1000 535 1043; x_wconf 87' lang='lat' dir='ltr'><strong>causa</strong></span> <span class='ocrx_word' id='word_1_27' title='bbox 549 981 614 1043; x_wconf 81' lang='lat' dir='ltr'><strong>fuit</strong></span> <span class='ocrx_word' id='word_1_28' title='bbox 628 982 717 1060; x_wconf 91' lang='lat' dir='ltr'><strong>quod</strong></span> <span class='ocrx_word' id='word_1_29' title='bbox 726 981 824 1062; x_wconf 83' lang='lat' dir='ltr'>Angli</span> <span class='ocrx_word' id='word_1_30' title='bbox 838 1002 906 1044; x_wconf 93' lang='lat' dir='ltr'><strong>non</strong></span> <span class='ocrx_word' id='word_1_31' title='bbox 917 984 1073 1044; x_wconf 87' lang='lat' dir='ltr'><strong>videntur</strong></span> <span class='ocrx_word' id='word_1_32' title='bbox 1087 984 1168 1044; x_wconf 88' lang='lat' dir='ltr'><strong>satis</strong></span> <span class='ocrx_word' id='word_1_33' title='bbox 1182 982 1281 1044; x_wconf 90' lang='lat' dir='ltr'><strong>fidere</strong></span> <span class='ocrx_word' id='word_1_34' title='bbox 1292 982 1459 1044; x_wconf 88' lang='lat' dir='ltr'><strong>Lodouico</strong></span> <span class='ocrx_word' id='word_1_35' title='bbox 1472 1003 1495 1045; x_wconf 85' lang='lat' dir='ltr'><strong>a</strong></span> <span class='ocrx_word' id='word_1_36' title='bbox 1509 982 1638 1047; x_wconf 87' lang='lat' dir='ltr'><strong>Castro</strong></span> 
     </span>
     <span class='ocr_line' id='line_1_5' title="bbox 437 1065 1640 1147; baseline 0.002 -22"><span class='ocrx_word' id='word_1_37' title='bbox 437 1065 600 1143; x_wconf 83' lang='lat' dir='ltr'><strong>Tamagis</strong></span> <span class='ocrx_word' id='word_1_38' title='bbox 615 1066 756 1127; x_wconf 91' lang='lat' dir='ltr'><strong>amicum</strong></span> <span class='ocrx_word' id='word_1_39' title='bbox 776 1067 924 1128; x_wconf 88' lang='lat' dir='ltr'><strong>inuenire</strong></span> <span class='ocrx_word' id='word_1_40' title='bbox 942 1086 1009 1128; x_wconf 92' lang='lat' dir='ltr'><strong>non</strong></span> <span class='ocrx_word' id='word_1_41' title='bbox 1031 1073 1156 1147; x_wconf 91' lang='lat' dir='ltr'><strong>potero.</strong></span> <span class='ocrx_word' id='word_1_42' title='bbox 1200 1066 1340 1139; x_wconf 83' lang='lat' dir='ltr'><strong>Quod</strong></span> <span class='ocrx_word' id='word_1_43' title='bbox 1314 1085 1342 1127; x_wconf 76' lang='grc' dir='ltr'><strong>ει</strong></span> <span class='ocrx_word' id='word_1_44' title='bbox 1361 1068 1503 1147; x_wconf 88' lang='lat' dir='ltr'><strong>pecunia</strong></span> <span class='ocrx_word' id='word_1_45' title='bbox 1524 1068 1640 1129; x_wconf 85' lang='lat' dir='ltr'><strong>veniat</strong></span> 
     </span>
     <span class='ocr_line' id='line_1_6' title="bbox 435 1148 1641 1231; baseline 0.002 -22"><span class='ocrx_word' id='word_1_46' title='bbox 435 1148 480 1209; x_wconf 87' lang='lat' dir='ltr'><strong>ad</strong></span> <span class='ocrx_word' id='word_1_47' title='bbox 494 1167 611 1209; x_wconf 91' lang='lat' dir='ltr'><strong>manus</strong></span> <span class='ocrx_word' id='word_1_48' title='bbox 625 1155 701 1209; x_wconf 91' lang='lat' dir='ltr'><strong>tuas</strong></span> <span class='ocrx_word' id='word_1_49' title='bbox 715 1168 774 1228; x_wconf 88' lang='lat' dir='ltr'><strong>per</strong></span> <span class='ocrx_word' id='word_1_50' title='bbox 787 1149 999 1224; x_wconf 89' lang='lat' dir='ltr'><strong>Lodouicum,</strong></span> <span class='ocrx_word' id='word_1_51' title='bbox 1014 1169 1073 1231; x_wconf 89' lang='lat' dir='ltr'><strong>per</strong></span> <span class='ocrx_word' id='word_1_52' title='bbox 1089 1158 1124 1211; x_wconf 93' lang='lat' dir='ltr'><strong>te</strong></span> <span class='ocrx_word' id='word_1_53' title='bbox 1142 1150 1186 1211; x_wconf 87' lang='lat' dir='ltr'><strong>ad</strong></span> <span class='ocrx_word' id='word_1_54' title='bbox 1200 1169 1317 1210; x_wconf 92' lang='lat' dir='ltr'><strong>manus</strong></span> <span class='ocrx_word' id='word_1_55' title='bbox 1331 1150 1565 1230; x_wconf 83' lang='lat' dir='ltr'><strong>Fuggerorum,</strong></span> <span class='ocrx_word' id='word_1_56' title='bbox 1581 1170 1641 1231; x_wconf 91' lang='lat' dir='ltr'><strong>per</strong></span> 
     </span>
    </p>

    <p class='ocr_par' dir='ltr' id='par_1_3' title="bbox 390 1198 1640 1644">
     <span class='ocr_line' id='line_1_7' title="bbox 390 1198 1638 1314; baseline 0.004 -24"><span class='ocrx_word' id='word_1_57' title='bbox 390 1252 422 1302; x_wconf 92' lang='grc'><strong>25</strong></span> <span class='ocrx_word' id='word_1_58' title='bbox 435 1230 508 1292; x_wconf 91' lang='lat' dir='ltr'><strong>illos</strong></span> <span class='ocrx_word' id='word_1_59' title='bbox 523 1232 566 1292; x_wconf 86' lang='lat' dir='ltr'><strong>ad</strong></span> <span class='ocrx_word' id='word_1_60' title='bbox 580 1251 697 1293; x_wconf 84' lang='lat' dir='ltr'><strong>manus</strong></span> <span class='ocrx_word' id='word_1_61' title='bbox 710 1232 847 1294; x_wconf 90' lang='lat' dir='ltr'><strong>Antonii</strong></span> <span class='ocrx_word' id='word_1_62' title='bbox 862 1198 999 1313; x_wconf 81' lang='lat' dir='ltr'><strong>Fuggeri</strong></span> <span class='ocrx_word' id='word_1_63' title='bbox 1013 1234 1207 1314; x_wconf 74' lang='lat' dir='ltr'><strong>Augustam,</strong></span> <span class='ocrx_word' id='word_1_64' title='bbox 1223 1232 1266 1294; x_wconf 94' lang='lat' dir='ltr'><strong>ab</strong></span> <span class='ocrx_word' id='word_1_65' title='bbox 1280 1233 1431 1312; x_wconf 84' lang='lat' dir='ltr'><strong>Augusta</strong></span> <span class='ocrx_word' id='word_1_66' title='bbox 1442 1234 1486 1295; x_wconf 93' lang='lat' dir='ltr'><strong>ad</strong></span> <span class='ocrx_word' id='word_1_67' title='bbox 1497 1253 1550 1295; x_wconf 94' lang='lat' dir='ltr'><strong>me</strong></span> <span class='ocrx_word' id='word_1_68' title='bbox 1561 1253 1638 1295; x_wconf 90' lang='lat' dir='ltr'><strong>cum</strong></span> 
     </span>
     <span class='ocr_line' id='line_1_8' title="bbox 435 1315 1640 1397; baseline 0.002 -22"><span class='ocrx_word' id='word_1_69' title='bbox 435 1315 581 1394; x_wconf 91' lang='lat' dir='ltr'><strong>periculo</strong></span> <span class='ocrx_word' id='word_1_70' title='bbox 605 1322 640 1377; x_wconf 90' lang='lat' dir='ltr'><strong>et</strong></span> <span class='ocrx_word' id='word_1_71' title='bbox 664 1315 795 1389; x_wconf 90' lang='lat' dir='ltr'><strong>damno,</strong></span> <span class='ocrx_word' id='word_1_72' title='bbox 818 1317 897 1395; x_wconf 91' lang='lat' dir='ltr'><strong>quid</strong></span> <span class='ocrx_word' id='word_1_73' title='bbox 919 1317 1081 1397; x_wconf 76' lang='lat' dir='ltr'><strong>profuerit</strong></span> <span class='ocrx_word' id='word_1_74' title='bbox 1101 1323 1246 1377; x_wconf 89' lang='lat' dir='ltr'><strong>mutasse</strong></span> <span class='ocrx_word' id='word_1_75' title='bbox 1267 1318 1513 1397; x_wconf 78' lang='lat' dir='ltr'><strong>negotiatores?</strong></span> <span class='ocrx_word' id='word_1_76' title='bbox 1555 1317 1640 1379; x_wconf 83' lang='lat' dir='ltr'><strong>Mihi</strong></span> 
     </span>
     <span class='ocr_line' id='line_1_9' title="bbox 436 1399 1640 1478; baseline 0.002 -20"><span class='ocrx_word' id='word_1_77' title='bbox 436 1399 569 1459; x_wconf 87' lang='lat' dir='ltr'><strong>videtur</strong></span> <span class='ocrx_word' id='word_1_78' title='bbox 591 1399 773 1460; x_wconf 88' lang='lat' dir='ltr'><strong>consultius</strong></span> <span class='ocrx_word' id='word_1_79' title='bbox 799 1407 838 1461; x_wconf 88' lang='lat' dir='ltr'><strong>vt</strong></span> <span class='ocrx_word' id='word_1_80' title='bbox 862 1400 952 1478; x_wconf 92' lang='lat' dir='ltr'><strong>quod</strong></span> <span class='ocrx_word' id='word_1_81' title='bbox 974 1400 1037 1461; x_wconf 90' lang='lat' dir='ltr'><strong>tibi</strong></span> <span class='ocrx_word' id='word_1_82' title='bbox 1065 1400 1226 1462; x_wconf 88' lang='lat' dir='ltr'><strong>traditum</strong></span> <span class='ocrx_word' id='word_1_83' title='bbox 1251 1406 1304 1462; x_wconf 87' lang='lat' dir='ltr'><strong>est</strong></span> <span class='ocrx_word' id='word_1_84' title='bbox 1327 1419 1448 1473; x_wconf 91' lang='lat' dir='ltr'><strong>serues,</strong></span> <span class='ocrx_word' id='word_1_85' title='bbox 1471 1400 1578 1462; x_wconf 94' lang='lat' dir='ltr'><strong>donec</strong></span> <span class='ocrx_word' id='word_1_86' title='bbox 1604 1420 1640 1461; x_wconf 90' lang='lat' dir='ltr'><strong>se</strong></span> 
     </span>
     <span class='ocr_line' id='line_1_10' title="bbox 436 1481 1640 1563; baseline 0.003 -21"><span class='ocrx_word' id='word_1_87' title='bbox 436 1481 595 1543; x_wconf 90' lang='lat' dir='ltr'><strong>obtulerit</strong></span> <span class='ocrx_word' id='word_1_88' title='bbox 609 1484 817 1561; x_wconf 79' lang='lat' dir='ltr'><strong>oportunitas</strong></span> <span class='ocrx_word' id='word_1_89' title='bbox 831 1502 897 1561; x_wconf 90' lang='lat' dir='ltr'><strong>qua</strong></span> <span class='ocrx_word' id='word_1_90' title='bbox 911 1483 955 1544; x_wconf 87' lang='lat' dir='ltr'><strong>ad</strong></span> <span class='ocrx_word' id='word_1_91' title='bbox 969 1503 1021 1544; x_wconf 93' lang='lat' dir='ltr'><strong>me</strong></span> <span class='ocrx_word' id='word_1_92' title='bbox 1036 1483 1228 1563; x_wconf 87' lang='lat' dir='ltr'><strong>perferatur.</strong></span> <span class='ocrx_word' id='word_1_93' title='bbox 1261 1482 1348 1557; x_wconf 87' lang='lat' dir='ltr'><strong>Quid</strong></span> <span class='ocrx_word' id='word_1_94' title='bbox 1358 1482 1495 1557; x_wconf 87' lang='lat' dir='ltr'><strong>Quirino</strong></span> <span class='ocrx_word' id='word_1_95' title='bbox 1510 1482 1640 1546; x_wconf 80' lang='lat' dir='ltr'><strong>famulo</strong></span> 
     </span>
     <span class='ocr_line' id='line_1_11' title="bbox 435 1565 1640 1644; baseline 0.002 -18"><span class='ocrx_word' id='word_1_96' title='bbox 435 1565 619 1626; x_wconf 86' lang='lat' dir='ltr'><strong>mandarim</strong></span> <span class='ocrx_word' id='word_1_97' title='bbox 641 1567 717 1639; x_wconf 89' lang='lat' dir='ltr'><strong>scio,</strong></span> <span class='ocrx_word' id='word_1_98' title='bbox 742 1565 821 1644; x_wconf 91' lang='lat' dir='ltr'><strong>quid</strong></span> <span class='ocrx_word' id='word_1_99' title='bbox 846 1566 901 1627; x_wconf 91' lang='lat' dir='ltr'><strong>ille</strong></span> <span class='ocrx_word' id='word_1_100' title='bbox 921 1566 1043 1628; x_wconf 83' lang='lat' dir='ltr'><strong>dixerit</strong></span> <span class='ocrx_word' id='word_1_101' title='bbox 1064 1568 1181 1628; x_wconf 90' lang='lat' dir='ltr'><strong>nescio.</strong></span> <span class='ocrx_word' id='word_1_102' title='bbox 1225 1567 1287 1627; x_wconf 84' lang='lat' dir='ltr'><strong>Est</strong></span> <span class='ocrx_word' id='word_1_103' title='bbox 1306 1568 1387 1628; x_wconf 90' lang='lat' dir='ltr'><strong>satis</strong></span> <span class='ocrx_word' id='word_1_104' title='bbox 1406 1565 1587 1640; x_wconf 87' lang='lat' dir='ltr'><strong>confidens,</strong></span> <span class='ocrx_word' id='word_1_105' title='bbox 1603 1574 1640 1629; x_wconf 91' lang='lat' dir='ltr'><strong>et</strong></span> 
     </span>
    </p>

    <p class='ocr_par' dir='ltr' id='par_1_4' title="bbox 390 1648 1641 2061">
     <span class='ocr_line' id='line_1_12' title="bbox 390 1648 1638 1728; baseline 0.004 -21"><span class='ocrx_word' id='word_1_106' title='bbox 390 1670 423 1720; x_wconf 84' lang='lat'><strong>30</strong></span> <span class='ocrx_word' id='word_1_107' title='bbox 436 1648 497 1709; x_wconf 92' lang='lat' dir='ltr'><strong>hoc</strong></span> <span class='ocrx_word' id='word_1_108' title='bbox 528 1655 579 1710; x_wconf 92' lang='lat' dir='ltr'><strong>est</strong></span> <span class='ocrx_word' id='word_1_109' title='bbox 614 1648 722 1710; x_wconf 86' lang='lat' dir='ltr'><strong>fatum</strong></span> <span class='ocrx_word' id='word_1_110' title='bbox 752 1650 983 1724; x_wconf 90' lang='lat' dir='ltr'><strong>studiosorum,</strong></span> <span class='ocrx_word' id='word_1_111' title='bbox 1018 1669 1187 1728; x_wconf 91' lang='lat' dir='ltr'><strong>nunquam</strong></span> <span class='ocrx_word' id='word_1_112' title='bbox 1217 1650 1337 1711; x_wconf 89' lang='lat' dir='ltr'><strong>habere</strong></span> <span class='ocrx_word' id='word_1_113' title='bbox 1370 1649 1453 1711; x_wconf 90' lang='lat' dir='ltr'><strong>fidos</strong></span> <span class='ocrx_word' id='word_1_114' title='bbox 1481 1648 1638 1713; x_wconf 80' lang='lat' dir='ltr'><strong>famulos.</strong></span> 
     </span>
     <span class='ocr_line' id='line_1_13' title="bbox 435 1730 1639 1813; baseline 0.002 -20"><span class='ocrx_word' id='word_1_115' title='bbox 435 1730 531 1805; x_wconf 87' lang='lat' dir='ltr'><strong>Quod</strong></span> <span class='ocrx_word' id='word_1_116' title='bbox 557 1733 584 1792; x_wconf 92' lang='lat' dir='ltr'><strong>si</strong></span> <span class='ocrx_word' id='word_1_117' title='bbox 609 1732 690 1811; x_wconf 91' lang='lat' dir='ltr'><strong>quid</strong></span> <span class='ocrx_word' id='word_1_118' title='bbox 714 1739 765 1793; x_wconf 88' lang='lat' dir='ltr'><strong>est</strong></span> <span class='ocrx_word' id='word_1_119' title='bbox 786 1752 872 1813; x_wconf 91' lang='lat' dir='ltr'><strong>quur</strong></span> <span class='ocrx_word' id='word_1_120' title='bbox 893 1734 977 1795; x_wconf 88' lang='lat' dir='ltr'><strong>nolis</strong></span> <span class='ocrx_word' id='word_1_121' title='bbox 997 1733 1059 1795; x_wconf 94' lang='lat' dir='ltr'><strong>hoc</strong></span> <span class='ocrx_word' id='word_1_122' title='bbox 1081 1734 1185 1794; x_wconf 89' lang='lat' dir='ltr'><strong>officio</strong></span> <span class='ocrx_word' id='word_1_123' title='bbox 1204 1734 1344 1812; x_wconf 84' lang='lat' dir='ltr'><strong>grauari,</strong></span> <span class='ocrx_word' id='word_1_124' title='bbox 1367 1752 1435 1795; x_wconf 93' lang='lat' dir='ltr'><strong>non</strong></span> <span class='ocrx_word' id='word_1_125' title='bbox 1453 1740 1505 1794; x_wconf 90' lang='lat' dir='ltr'><strong>est</strong></span> <span class='ocrx_word' id='word_1_126' title='bbox 1524 1753 1639 1796; x_wconf 89' lang='lat' dir='ltr'><strong>meum</strong></span> 
     </span>
     <span class='ocr_line' id='line_1_14' title="bbox 436 1816 1640 1895; baseline 0.002 -18"><span class='ocrx_word' id='word_1_127' title='bbox 436 1834 537 1895; x_wconf 88' lang='lat' dir='ltr'><strong>supra</strong></span> <span class='ocrx_word' id='word_1_128' title='bbox 568 1816 702 1876; x_wconf 90' lang='lat' dir='ltr'><strong>modum</strong></span> <span class='ocrx_word' id='word_1_129' title='bbox 738 1835 871 1878; x_wconf 88' lang='lat' dir='ltr'><strong>onerare</strong></span> <span class='ocrx_word' id='word_1_130' title='bbox 903 1819 1033 1878; x_wconf 87' lang='lat' dir='ltr'><strong>amieos.</strong></span> <span class='ocrx_word' id='word_1_131' title='bbox 1078 1816 1247 1890; x_wconf 84' lang='lat' dir='ltr'><strong>Quantum</strong></span> <span class='ocrx_word' id='word_1_132' title='bbox 1279 1816 1420 1878; x_wconf 88' lang='lat' dir='ltr'><strong>abrodat</strong></span> <span class='ocrx_word' id='word_1_133' title='bbox 1450 1816 1640 1879; x_wconf 91' lang='lat' dir='ltr'><strong>Lodouicus</strong></span> 
     </span>
     <span class='ocr_line' id='line_1_15' title="bbox 435 1899 1641 1972; baseline 0.002 -12"><span class='ocrx_word' id='word_1_134' title='bbox 435 1900 552 1972; x_wconf 88' lang='lat' dir='ltr'><strong>nesci0,</strong></span> <span class='ocrx_word' id='word_1_135' title='bbox 568 1905 607 1960; x_wconf 92' lang='lat' dir='ltr'><strong>tu</strong></span> <span class='ocrx_word' id='word_1_136' title='bbox 625 1899 741 1960; x_wconf 91' lang='lat' dir='ltr'><strong>melius</strong></span> <span class='ocrx_word' id='word_1_137' title='bbox 761 1902 858 1961; x_wconf 92' lang='lat' dir='ltr'><strong>nosti.</strong></span> <span class='ocrx_word' id='word_1_138' title='bbox 902 1900 989 1961; x_wconf 94' lang='lat' dir='ltr'><strong>Illud</strong></span> <span class='ocrx_word' id='word_1_139' title='bbox 1014 1902 1119 1961; x_wconf 90' lang='lat' dir='ltr'><strong>sentio</strong></span> <span class='ocrx_word' id='word_1_140' title='bbox 1134 1919 1224 1961; x_wconf 92' lang='lat' dir='ltr'><strong>meos</strong></span> <span class='ocrx_word' id='word_1_141' title='bbox 1243 1902 1364 1961; x_wconf 89' lang='lat' dir='ltr'><strong>amicos</strong></span> <span class='ocrx_word' id='word_1_142' title='bbox 1378 1900 1426 1961; x_wconf 89' lang='lat' dir='ltr'><strong>illi</strong></span> <span class='ocrx_word' id='word_1_143' title='bbox 1440 1919 1509 1961; x_wconf 92' lang='lat' dir='ltr'><strong>non</strong></span> <span class='ocrx_word' id='word_1_144' title='bbox 1523 1900 1641 1963; x_wconf 79' lang='lat' dir='ltr'><strong>fauere</strong></span> 
     </span>
     <span class='ocr_line' id='line_1_16' title="bbox 434 1982 822 2061; baseline 0.008 -19"><span class='ocrx_word' id='word_1_145' title='bbox 434 1987 493 2043; x_wconf 90' lang='lat' dir='ltr'><strong>aut</strong></span> <span class='ocrx_word' id='word_1_146' title='bbox 508 1983 619 2061; x_wconf 91' lang='lat' dir='ltr'><strong>potius</strong></span> <span class='ocrx_word' id='word_1_147' title='bbox 633 2002 700 2044; x_wconf 91' lang='lat' dir='ltr'><strong>non</strong></span> <span class='ocrx_word' id='word_1_148' title='bbox 714 1982 822 2045; x_wconf 87' lang='lat' dir='ltr'><strong>fidere.</strong></span> 
     </span>
    </p>

    <p class='ocr_par' dir='ltr' id='par_1_5' title="bbox 389 2065 1641 2479">
     <span class='ocr_line' id='line_1_17' title="bbox 389 2065 1641 2147; baseline 0.002 -22"><span class='ocrx_word' id='word_1_149' title='bbox 389 2088 421 2138; x_wconf 82' lang='grc'><strong>55</strong></span> <span class='ocrx_word' id='word_1_150' title='bbox 477 2066 526 2126; x_wconf 90' lang='lat' dir='ltr'><strong>De</strong></span> <span class='ocrx_word' id='word_1_151' title='bbox 555 2065 696 2145; x_wconf 87' lang='lat' dir='ltr'><strong>Hayone</strong></span> <span class='ocrx_word' id='word_1_152' title='bbox 724 2066 881 2147; x_wconf 84' lang='lat' dir='ltr'><strong>Caminga</strong></span> <span class='ocrx_word' id='word_1_153' title='bbox 909 2068 1089 2147; x_wconf 88' lang='lat' dir='ltr'><strong>prudenter</strong></span> <span class='ocrx_word' id='word_1_154' title='bbox 1113 2073 1165 2128; x_wconf 92' lang='lat' dir='ltr'><strong>est</strong></span> <span class='ocrx_word' id='word_1_155' title='bbox 1200 2066 1373 2146; x_wconf 81' lang='lat' dir='ltr'><strong>agendum.</strong></span> <span class='ocrx_word' id='word_1_156' title='bbox 1418 2066 1554 2128; x_wconf 91' lang='lat' dir='ltr'><strong>quenis</strong></span> <span class='ocrx_word' id='word_1_157' title='bbox 1585 2073 1641 2129; x_wconf 89' lang='lat' dir='ltr'><strong>est</strong></span> 
     </span>
     <span class='ocr_line' id='line_1_18' title="bbox 435 2148 1641 2229; baseline 0.003 -20"><span class='ocrx_word' id='word_1_158' title='bbox 435 2148 551 2209; x_wconf 85' lang='lat' dir='ltr'><strong>ferocis</strong></span> <span class='ocrx_word' id='word_1_159' title='bbox 565 2150 694 2229; x_wconf 82' lang='lat' dir='ltr'><strong>ingenii,</strong></span> <span class='ocrx_word' id='word_1_160' title='bbox 710 2157 745 2211; x_wconf 92' lang='lat' dir='ltr'><strong>et</strong></span> <span class='ocrx_word' id='word_1_161' title='bbox 763 2151 862 2211; x_wconf 90' lang='lat' dir='ltr'><strong>debet</strong></span> <span class='ocrx_word' id='word_1_162' title='bbox 879 2151 1000 2212; x_wconf 90' lang='lat' dir='ltr'><strong>multis.</strong></span> <span class='ocrx_word' id='word_1_163' title='bbox 1045 2150 1079 2212; x_wconf 87' lang='lat' dir='ltr'><strong>Si</strong></span> <span class='ocrx_word' id='word_1_164' title='bbox 1099 2157 1262 2212; x_wconf 77' lang='lat' dir='ltr'><strong>tractetur</strong></span> <span class='ocrx_word' id='word_1_165' title='bbox 1281 2151 1434 2224; x_wconf 89' lang='lat' dir='ltr'><strong>odiosius,</strong></span> <span class='ocrx_word' id='word_1_166' title='bbox 1449 2150 1554 2229; x_wconf 84' lang='lat' dir='ltr'><strong>finget</strong></span> <span class='ocrx_word' id='word_1_167' title='bbox 1570 2151 1641 2213; x_wconf 89' lang='lat' dir='ltr'><strong>iras</strong></span> 
     </span>
     <span class='ocr_line' id='line_1_19' title="bbox 435 2232 1640 2309; baseline 0.002 -17"><span class='ocrx_word' id='word_1_168' title='bbox 435 2238 470 2293; x_wconf 92' lang='lat' dir='ltr'><strong>et</strong></span> <span class='ocrx_word' id='word_1_169' title='bbox 494 2233 602 2293; x_wconf 92' lang='lat' dir='ltr'><strong>soluet</strong></span> <span class='ocrx_word' id='word_1_170' title='bbox 624 2232 715 2294; x_wconf 89' lang='lat' dir='ltr'><strong>nihil.</strong></span> <span class='ocrx_word' id='word_1_171' title='bbox 760 2234 859 2295; x_wconf 93' lang='lat' dir='ltr'><strong>Illum</strong></span> <span class='ocrx_word' id='word_1_172' title='bbox 882 2235 1008 2295; x_wconf 84' lang='lat' dir='ltr'><strong>factum</strong></span> <span class='ocrx_word' id='word_1_173' title='bbox 1032 2235 1251 2295; x_wconf 84' lang='lat' dir='ltr'><strong>consiliarium</strong></span> <span class='ocrx_word' id='word_1_174' title='bbox 1275 2254 1342 2294; x_wconf 92' lang='lat' dir='ltr'><strong>non</strong></span> <span class='ocrx_word' id='word_1_175' title='bbox 1367 2241 1418 2295; x_wconf 91' lang='lat' dir='ltr'><strong>est</strong></span> <span class='ocrx_word' id='word_1_176' title='bbox 1441 2234 1640 2309; x_wconf 89' lang='lat' dir='ltr'><strong>verisimile;</strong></span> 
     </span>
     <span class='ocr_line' id='line_1_20' title="bbox 434 2316 1641 2397; baseline 0.002 -22"><span class='ocrx_word' id='word_1_177' title='bbox 434 2334 511 2376; x_wconf 94' lang='lat' dir='ltr'><strong>nam</strong></span> <span class='ocrx_word' id='word_1_178' title='bbox 527 2334 594 2375; x_wconf 92' lang='lat' dir='ltr'><strong>non</strong></span> <span class='ocrx_word' id='word_1_179' title='bbox 603 2316 659 2376; x_wconf 93' lang='lat' dir='ltr'><strong>diu</strong></span> <span class='ocrx_word' id='word_1_180' title='bbox 670 2322 721 2376; x_wconf 90' lang='lat' dir='ltr'><strong>est</strong></span> <span class='ocrx_word' id='word_1_181' title='bbox 733 2316 821 2395; x_wconf 93' lang='lat' dir='ltr'><strong>quod</strong></span> <span class='ocrx_word' id='word_1_182' title='bbox 832 2318 916 2378; x_wconf 88' lang='lat' dir='ltr'><strong>vixit</strong></span> <span class='ocrx_word' id='word_1_183' title='bbox 931 2317 1078 2378; x_wconf 90' lang='lat' dir='ltr'><strong>Louanii.</strong></span> <span class='ocrx_word' id='word_1_184' title='bbox 1104 2317 1208 2378; x_wconf 87' lang='lat' dir='ltr'><strong>Citius</strong></span> <span class='ocrx_word' id='word_1_185' title='bbox 1219 2318 1411 2378; x_wconf 84' lang='lat' dir='ltr'><strong>crediderim</strong></span> <span class='ocrx_word' id='word_1_186' title='bbox 1420 2317 1514 2377; x_wconf 93' lang='lat' dir='ltr'><strong>illum</strong></span> <span class='ocrx_word' id='word_1_187' title='bbox 1523 2317 1641 2397; x_wconf 91' lang='lat' dir='ltr'><strong>aliquo</strong></span> 
     </span>
     <span class='ocr_line' id='line_1_21' title="bbox 435 2397 1640 2479; baseline 0.003 -21"><span class='ocrx_word' id='word_1_188' title='bbox 435 2397 541 2459; x_wconf 90' lang='lat' dir='ltr'><strong>abisse</strong></span> <span class='ocrx_word' id='word_1_189' title='bbox 561 2400 595 2459; x_wconf 92' lang='lat' dir='ltr'><strong>in</strong></span> <span class='ocrx_word' id='word_1_190' title='bbox 615 2398 748 2461; x_wconf 88' lang='lat' dir='ltr'><strong>bellum.</strong></span> <span class='ocrx_word' id='word_1_191' title='bbox 793 2400 892 2461; x_wconf 91' lang='lat' dir='ltr'><strong>Mitto</strong></span> <span class='ocrx_word' id='word_1_192' title='bbox 913 2401 1087 2479; x_wconf 90' lang='lat' dir='ltr'><strong>epistolam</strong></span> <span class='ocrx_word' id='word_1_193' title='bbox 1108 2401 1152 2461; x_wconf 92' lang='lat' dir='ltr'><strong>ad</strong></span> <span class='ocrx_word' id='word_1_194' title='bbox 1173 2400 1309 2461; x_wconf 80' lang='lat' dir='ltr'><strong>fratrem</strong></span> <span class='ocrx_word' id='word_1_195' title='bbox 1331 2401 1419 2461; x_wconf 90' lang='lat' dir='ltr'><strong>illius</strong></span> <span class='ocrx_word' id='word_1_196' title='bbox 1438 2420 1512 2461; x_wconf 92' lang='lat' dir='ltr'><strong>mea</strong></span> <span class='ocrx_word' id='word_1_197' title='bbox 1534 2420 1640 2462; x_wconf 89' lang='lat' dir='ltr'><strong>manu</strong></span> 
     </span>
    </p>

    <p class='ocr_par' dir='ltr' id='par_1_6' title="bbox 387 2483 1641 2646">
     <span class='ocr_line' id='line_1_22' title="bbox 387 2483 1641 2563; baseline 0.004 -22"><span class='ocrx_word' id='word_1_198' title='bbox 387 2506 422 2556; x_wconf 87' lang='grc' dir='ltr'><strong>4ο</strong></span> <span class='ocrx_word' id='word_1_199' title='bbox 435 2483 609 2561; x_wconf 85' lang='lat' dir='ltr'><strong>scriptam:</strong></span> <span class='ocrx_word' id='word_1_200' title='bbox 641 2502 761 2543; x_wconf 92' lang='lat' dir='ltr'><strong>nomen</strong></span> <span class='ocrx_word' id='word_1_201' title='bbox 789 2485 824 2544; x_wconf 92' lang='lat' dir='ltr'><strong>in</strong></span> <span class='ocrx_word' id='word_1_202' title='bbox 852 2492 944 2562; x_wconf 83' lang='lat' dir='ltr'><strong>tergo</strong></span> <span class='ocrx_word' id='word_1_203' title='bbox 973 2485 1131 2562; x_wconf 89' lang='lat' dir='ltr'><strong>epistolae</strong></span> <span class='ocrx_word' id='word_1_204' title='bbox 1160 2490 1198 2544; x_wconf 89' lang='lat' dir='ltr'><strong>tu</strong></span> <span class='ocrx_word' id='word_1_205' title='bbox 1227 2484 1338 2557; x_wconf 90' lang='lat' dir='ltr'><strong>addes,</strong></span> <span class='ocrx_word' id='word_1_206' title='bbox 1368 2485 1525 2563; x_wconf 87' lang='lat' dir='ltr'><strong>quoniam</strong></span> <span class='ocrx_word' id='word_1_207' title='bbox 1555 2484 1641 2546; x_wconf 92' lang='lat' dir='ltr'><strong>mihi</strong></span> 
     </span>
     <span class='ocr_line' id='line_1_23' title="bbox 433 2566 1282 2646; baseline 0.002 -21"><span class='ocrx_word' id='word_1_208' title='bbox 433 2566 584 2645; x_wconf 90' lang='lat' dir='ltr'><strong>ignotum</strong></span> <span class='ocrx_word' id='word_1_209' title='bbox 598 2572 658 2639; x_wconf 92' lang='lat' dir='ltr'><strong>est,</strong></span> <span class='ocrx_word' id='word_1_210' title='bbox 673 2573 708 2627; x_wconf 92' lang='lat' dir='ltr'><strong>et</strong></span> <span class='ocrx_word' id='word_1_211' title='bbox 722 2566 908 2645; x_wconf 82' lang='lat' dir='ltr'><strong>obsignabis</strong></span> <span class='ocrx_word' id='word_1_212' title='bbox 921 2567 1093 2646; x_wconf 87' lang='lat' dir='ltr'><strong>epistolam</strong></span> <span class='ocrx_word' id='word_1_213' title='bbox 1107 2586 1146 2627; x_wconf 91' lang='lat' dir='ltr'><strong>ac</strong></span> <span class='ocrx_word' id='word_1_214' title='bbox 1161 2569 1282 2628; x_wconf 90' lang='lat' dir='ltr'><strong>mittes.</strong></span> 
     </span>
    </p>

    <p class='ocr_par' dir='ltr' id='par_1_7' title="bbox 433 2647 1641 2896">
     <span class='ocr_line' id='line_1_24' title="bbox 476 2647 1641 2730; baseline 0.002 -20"><span class='ocrx_word' id='word_1_215' title='bbox 476 2649 526 2710; x_wconf 90' lang='lat' dir='ltr'><strong>De</strong></span> <span class='ocrx_word' id='word_1_216' title='bbox 549 2647 695 2710; x_wconf 85' lang='lat' dir='ltr'><strong>Caesaris</strong></span> <span class='ocrx_word' id='word_1_217' title='bbox 724 2652 877 2729; x_wconf 88' lang='lat' dir='ltr'><strong>pensione</strong></span> <span class='ocrx_word' id='word_1_218' title='bbox 906 2652 1062 2729; x_wconf 89' lang='lat' dir='ltr'><strong>quoniam</strong></span> <span class='ocrx_word' id='word_1_219' title='bbox 1090 2651 1172 2712; x_wconf 91' lang='lat' dir='ltr'><strong>nihil</strong></span> <span class='ocrx_word' id='word_1_220' title='bbox 1197 2649 1294 2711; x_wconf 89' lang='lat' dir='ltr'><strong>video</strong></span> <span class='ocrx_word' id='word_1_221' title='bbox 1321 2651 1400 2730; x_wconf 89' lang='lat' dir='ltr'><strong>spei,</strong></span> <span class='ocrx_word' id='word_1_222' title='bbox 1424 2670 1491 2712; x_wconf 92' lang='lat' dir='ltr'><strong>non</strong></span> <span class='ocrx_word' id='word_1_223' title='bbox 1515 2652 1641 2730; x_wconf 90' lang='lat' dir='ltr'><strong>putaui</strong></span> 
     </span>
     <span class='ocr_line' id='line_1_25' title="bbox 433 2731 606 2793; baseline 0.006 -1"><span class='ocrx_word' id='word_1_224' title='bbox 433 2731 606 2793; x_wconf 90' lang='lat' dir='ltr'><strong>aendum.</strong></span> 
     </span>
     <span class='ocr_line' id='line_1_26' title="bbox 453 2751 1640 2896; baseline 0.002 -20"><span class='ocrx_word' id='word_1_225' title='bbox 453 2751 518 2876; x_wconf 78' lang='lat' dir='ltr'><strong>gIn</strong></span> <span class='ocrx_word' id='word_1_226' title='bbox 540 2822 706 2877; x_wconf 88' lang='lat' dir='ltr'><strong>conuentu</strong></span> <span class='ocrx_word' id='word_1_227' title='bbox 728 2818 911 2896; x_wconf 88' lang='lat' dir='ltr'><strong>principum</strong></span> <span class='ocrx_word' id='word_1_228' title='bbox 933 2817 1015 2877; x_wconf 91' lang='lat' dir='ltr'><strong>nihil</strong></span> <span class='ocrx_word' id='word_1_229' title='bbox 1036 2824 1148 2878; x_wconf 90' lang='lat' dir='ltr'><strong>actum</strong></span> <span class='ocrx_word' id='word_1_230' title='bbox 1170 2824 1221 2878; x_wconf 87' lang='lat' dir='ltr'><strong>est</strong></span> <span class='ocrx_word' id='word_1_231' title='bbox 1238 2819 1301 2878; x_wconf 93' lang='lat' dir='ltr'><strong>nisi</strong></span> <span class='ocrx_word' id='word_1_232' title='bbox 1318 2817 1408 2896; x_wconf 91' lang='lat' dir='ltr'><strong>quod</strong></span> <span class='ocrx_word' id='word_1_233' title='bbox 1430 2836 1471 2878; x_wconf 87' lang='lat' dir='ltr'><strong>ex</strong></span> <span class='ocrx_word' id='word_1_234' title='bbox 1493 2822 1640 2896; x_wconf 90' lang='lat' dir='ltr'><strong>vtraque</strong></span> 
     </span>
    </p>

    <p class='ocr_par' dir='ltr' id='par_1_8' title="bbox 388 2899 1640 3232">
     <span class='ocr_line' id='line_1_27' title="bbox 388 2899 1640 2979; baseline 0.002 -20"><span class='ocrx_word' id='word_1_235' title='bbox 388 2922 421 2975; x_wconf 94' lang='grc'><strong><em>45</em></strong></span> <span class='ocrx_word' id='word_1_236' title='bbox 434 2905 529 2979; x_wconf 91' lang='lat' dir='ltr'><strong>parte</strong></span> <span class='ocrx_word' id='word_1_237' title='bbox 551 2918 726 2961; x_wconf 88' lang='lat' dir='ltr'><strong>consensus</strong></span> <span class='ocrx_word' id='word_1_238' title='bbox 747 2899 812 2962; x_wconf 88' lang='lat' dir='ltr'><strong>fuit</strong></span> <span class='ocrx_word' id='word_1_239' title='bbox 834 2899 878 2962; x_wconf 88' lang='lat' dir='ltr'><strong>ad</strong></span> <span class='ocrx_word' id='word_1_240' title='bbox 904 2901 1128 2962; x_wconf 92' lang='lat' dir='ltr'><strong>inuadendum</strong></span> <span class='ocrx_word' id='word_1_241' title='bbox 1154 2900 1304 2975; x_wconf 89' lang='lat' dir='ltr'><strong>Turcam,</strong></span> <span class='ocrx_word' id='word_1_242' title='bbox 1327 2903 1354 2961; x_wconf 90' lang='lat' dir='ltr'><strong>si</strong></span> <span class='ocrx_word' id='word_1_243' title='bbox 1375 2900 1493 2963; x_wconf 89' lang='lat' dir='ltr'><strong>Caesar</strong></span> <span class='ocrx_word' id='word_1_244' title='bbox 1514 2901 1640 2963; x_wconf 90' lang='lat' dir='ltr'><strong>sineret</strong></span> 
     </span>
     <span class='ocr_line' id='line_1_28' title="bbox 435 2981 1637 3064; baseline 0.002 -21"><span class='ocrx_word' id='word_1_245' title='bbox 435 2981 643 3044; x_wconf 86' lang='lat' dir='ltr'><strong>Germaniam</strong></span> <span class='ocrx_word' id='word_1_246' title='bbox 660 3003 729 3044; x_wconf 90' lang='lat' dir='ltr'><strong>esse</strong></span> <span class='ocrx_word' id='word_1_247' title='bbox 751 2986 914 3062; x_wconf 88' lang='lat' dir='ltr'><strong>quietam:</strong></span> <span class='ocrx_word' id='word_1_248' title='bbox 937 2984 1062 3063; x_wconf 90' lang='lat' dir='ltr'><strong>alioqui</strong></span> <span class='ocrx_word' id='word_1_249' title='bbox 1083 3005 1158 3046; x_wconf 90' lang='lat' dir='ltr'><strong>cum</strong></span> <span class='ocrx_word' id='word_1_250' title='bbox 1180 2985 1287 3046; x_wconf 88' lang='lat' dir='ltr'><strong>Turca</strong></span> <span class='ocrx_word' id='word_1_251' title='bbox 1307 2985 1422 3045; x_wconf 91' lang='lat' dir='ltr'><strong>bellari</strong></span> <span class='ocrx_word' id='word_1_252' title='bbox 1439 3003 1507 3046; x_wconf 92' lang='lat' dir='ltr'><strong>non</strong></span> <span class='ocrx_word' id='word_1_253' title='bbox 1527 3004 1637 3064; x_wconf 87' lang='lat' dir='ltr'><strong>posse.</strong></span> 
     </span>
     <span class='ocr_line' id='line_1_29' title="bbox 435 3066 1639 3146; baseline 0.002 -20"><span class='ocrx_word' id='word_1_254' title='bbox 435 3066 661 3128; x_wconf 86' lang='lat' dir='ltr'><strong>Ferdinandus</strong></span> <span class='ocrx_word' id='word_1_255' title='bbox 682 3069 807 3146; x_wconf 86' lang='lat' dir='ltr'><strong>magnis</strong></span> <span class='ocrx_word' id='word_1_256' title='bbox 829 3070 1018 3129; x_wconf 85' lang='lat' dir='ltr'><strong>ceremoniis</strong></span> <span class='ocrx_word' id='word_1_257' title='bbox 1039 3068 1148 3129; x_wconf 87' lang='lat' dir='ltr'><strong>factus</strong></span> <span class='ocrx_word' id='word_1_258' title='bbox 1169 3075 1220 3129; x_wconf 90' lang='lat' dir='ltr'><strong>est</strong></span> <span class='ocrx_word' id='word_1_259' title='bbox 1237 3068 1407 3129; x_wconf 86' lang='lat' dir='ltr'><strong>Archidux</strong></span> <span class='ocrx_word' id='word_1_260' title='bbox 1429 3068 1584 3129; x_wconf 85' lang='lat' dir='ltr'><strong>Austriae</strong></span> <span class='ocrx_word' id='word_1_261' title='bbox 1600 3075 1639 3130; x_wconf 89' lang='lat' dir='ltr'><strong>et</strong></span> 
     </span>
     <span class='ocr_line' id='line_1_30' title="bbox 435 3151 1636 3232; baseline 0.002 -22"><span class='ocrx_word' id='word_1_262' title='bbox 435 3155 572 3210; x_wconf 85' lang='lat' dir='ltr'><strong>caetera.</strong></span> <span class='ocrx_word' id='word_1_263' title='bbox 610 3151 839 3211; x_wconf 80' lang='lat' dir='ltr'><strong>Franciordiae</strong></span> <span class='ocrx_word' id='word_1_264' title='bbox 853 3153 961 3232; x_wconf 91' lang='lat' dir='ltr'><strong>capiet</strong></span> <span class='ocrx_word' id='word_1_265' title='bbox 975 3171 1129 3213; x_wconf 92' lang='lat' dir='ltr'><strong>coronam</strong></span> <span class='ocrx_word' id='word_1_266' title='bbox 1144 3153 1235 3230; x_wconf 82' lang='lat' dir='ltr'><strong>regni</strong></span> <span class='ocrx_word' id='word_1_267' title='bbox 1249 3152 1392 3213; x_wconf 87' lang='lat' dir='ltr'><strong>Romani</strong></span> <span class='ocrx_word' id='word_1_268' title='bbox 1403 3157 1499 3212; x_wconf 86' lang='lat' dir='ltr'><strong>extra</strong></span> <span class='ocrx_word' id='word_1_269' title='bbox 1512 3170 1636 3213; x_wconf 91' lang='lat' dir='ltr'><strong>muros.</strong></span> 
     </span>
    </p>

    <p class='ocr_par' dir='ltr' id='par_1_9' title="bbox 477 3233 1638 3314">
     <span class='ocr_line' id='line_1_31' title="bbox 477 3233 1638 3314; baseline 0.003 -21"><span class='ocrx_word' id='word_1_270' title='bbox 477 3233 541 3294; x_wconf 92' lang='lat' dir='ltr'><strong>Diu</strong></span> <span class='ocrx_word' id='word_1_271' title='bbox 557 3233 764 3312; x_wconf 88' lang='lat' dir='ltr'><strong>disputatum</strong></span> <span class='ocrx_word' id='word_1_272' title='bbox 780 3241 831 3295; x_wconf 92' lang='lat' dir='ltr'><strong>est</strong></span> <span class='ocrx_word' id='word_1_273' title='bbox 850 3235 891 3296; x_wconf 90' lang='lat' dir='ltr'><strong>de</strong></span> <span class='ocrx_word' id='word_1_274' title='bbox 910 3236 1131 3314; x_wconf 88' lang='lat' dir='ltr'><strong>qualicunque</strong></span> <span class='ocrx_word' id='word_1_275' title='bbox 1148 3235 1322 3296; x_wconf 87' lang='lat' dir='ltr'><strong>concordia</strong></span> <span class='ocrx_word' id='word_1_276' title='bbox 1341 3235 1583 3296; x_wconf 88' lang='lat' dir='ltr'><strong>Luteranorum</strong></span> <span class='ocrx_word' id='word_1_277' title='bbox 1600 3242 1638 3296; x_wconf 92' lang='lat' dir='ltr'><strong>et</strong></span> 
     </span>
    </p>

    <p class='ocr_par' dir='ltr' id='par_1_10' title="bbox 389 3315 1638 3731">
     <span class='ocr_line' id='line_1_32' title="bbox 389 3315 1638 3397; baseline 0.003 -21"><span class='ocrx_word' id='word_1_278' title='bbox 389 3339 422 3388; x_wconf 86' lang='grc' dir='ltr'><strong>5ο</strong></span> <span class='ocrx_word' id='word_1_279' title='bbox 434 3315 688 3390; x_wconf 89' lang='lat' dir='ltr'><strong>Catholicorum,</strong></span> <span class='ocrx_word' id='word_1_280' title='bbox 714 3319 748 3377; x_wconf 94' lang='lat' dir='ltr'><strong>in</strong></span> <span class='ocrx_word' id='word_1_281' title='bbox 772 3318 885 3379; x_wconf 92' lang='lat' dir='ltr'><strong>multis</strong></span> <span class='ocrx_word' id='word_1_282' title='bbox 914 3319 1061 3380; x_wconf 88' lang='lat' dir='ltr'><strong>articulis</strong></span> <span class='ocrx_word' id='word_1_283' title='bbox 1087 3325 1255 3397; x_wconf 91' lang='lat' dir='ltr'><strong>vtcunque</strong></span> <span class='ocrx_word' id='word_1_284' title='bbox 1278 3319 1526 3380; x_wconf 90' lang='lat' dir='ltr'><strong>concordarant.</strong></span> <span class='ocrx_word' id='word_1_285' title='bbox 1571 3317 1638 3380; x_wconf 85' lang='lat' dir='ltr'><strong>Sed</strong></span> 
     </span>
     <span class='ocr_line' id='line_1_33' title="bbox 435 3400 1638 3482; baseline 0.002 -22"><span class='ocrx_word' id='word_1_286' title='bbox 435 3400 569 3460; x_wconf 88' lang='lat' dir='ltr'><strong>tandem</strong></span> <span class='ocrx_word' id='word_1_287' title='bbox 599 3402 632 3460; x_wconf 93' lang='lat' dir='ltr'><strong>in</strong></span> <span class='ocrx_word' id='word_1_288' title='bbox 657 3402 821 3461; x_wconf 88' lang='lat' dir='ltr'><strong>sententia</strong></span> <span class='ocrx_word' id='word_1_289' title='bbox 845 3401 990 3463; x_wconf 84' lang='lat' dir='ltr'><strong>Caesaris</strong></span> <span class='ocrx_word' id='word_1_290' title='bbox 1016 3403 1083 3463; x_wconf 93' lang='lat' dir='ltr'><strong>duo</strong></span> <span class='ocrx_word' id='word_1_291' title='bbox 1108 3401 1335 3481; x_wconf 88' lang='lat' dir='ltr'><strong>displicebant,</strong></span> <span class='ocrx_word' id='word_1_292' title='bbox 1358 3403 1501 3482; x_wconf 91' lang='lat' dir='ltr'><strong>primum</strong></span> <span class='ocrx_word' id='word_1_293' title='bbox 1527 3408 1638 3463; x_wconf 86' lang='lat' dir='ltr'><strong>sectae</strong></span> 
     </span>
     <span class='ocr_line' id='line_1_34' title="bbox 434 3483 1638 3563; baseline 0.002 -20"><span class='ocrx_word' id='word_1_294' title='bbox 434 3483 643 3556; x_wconf 89' lang='lat' dir='ltr'><strong>vocabulum,</strong></span> <span class='ocrx_word' id='word_1_295' title='bbox 659 3484 775 3545; x_wconf 91' lang='lat' dir='ltr'><strong>deinde</strong></span> <span class='ocrx_word' id='word_1_296' title='bbox 790 3484 880 3563; x_wconf 92' lang='lat' dir='ltr'><strong>quod</strong></span> <span class='ocrx_word' id='word_1_297' title='bbox 893 3486 1061 3546; x_wconf 90' lang='lat' dir='ltr'><strong>adiectum</strong></span> <span class='ocrx_word' id='word_1_298' title='bbox 1076 3493 1147 3546; x_wconf 87' lang='lat' dir='ltr'><strong>erat</strong></span> <span class='ocrx_word' id='word_1_299' title='bbox 1162 3485 1402 3547; x_wconf 91' lang='lat' dir='ltr'><strong>Luteranorum</strong></span> <span class='ocrx_word' id='word_1_300' title='bbox 1417 3485 1638 3546; x_wconf 79' lang='lat' dir='ltr'><strong>fundamenta</strong></span> 
     </span>
     <span class='ocr_line' id='line_1_35' title="bbox 435 3567 1637 3648; baseline 0.003 -22"><span class='ocrx_word' id='word_1_301' title='bbox 435 3568 515 3627; x_wconf 90' lang='lat' dir='ltr'><strong>satis</strong></span> <span class='ocrx_word' id='word_1_302' title='bbox 540 3586 608 3627; x_wconf 89' lang='lat' dir='ltr'><strong>esse</strong></span> <span class='ocrx_word' id='word_1_303' title='bbox 637 3567 794 3628; x_wconf 87' lang='lat' dir='ltr'><strong>subuersa</strong></span> <span class='ocrx_word' id='word_1_304' title='bbox 823 3588 864 3629; x_wconf 88' lang='lat' dir='ltr'><strong>ex</strong></span> <span class='ocrx_word' id='word_1_305' title='bbox 886 3569 1005 3629; x_wconf 89' lang='lat' dir='ltr'><strong>litteris</strong></span> <span class='ocrx_word' id='word_1_306' title='bbox 1034 3569 1241 3648; x_wconf 83' lang='lat' dir='ltr'><strong>Euangelieis</strong></span> <span class='ocrx_word' id='word_1_307' title='bbox 1270 3575 1305 3630; x_wconf 92' lang='lat' dir='ltr'><strong>et</strong></span> <span class='ocrx_word' id='word_1_308' title='bbox 1334 3569 1541 3648; x_wconf 91' lang='lat' dir='ltr'><strong>Apostolicis.</strong></span> <span class='ocrx_word' id='word_1_309' title='bbox 1586 3568 1637 3630; x_wconf 82' lang='lat' dir='ltr'><strong>Ea</strong></span> 
     </span>
     <span class='ocr_line' id='line_1_36' title="bbox 435 3649 1637 3731; baseline 0.003 -22"><span class='ocrx_word' id='word_1_310' title='bbox 435 3668 536 3727; x_wconf 91' lang='lat' dir='ltr'><strong>quum</strong></span> <span class='ocrx_word' id='word_1_311' title='bbox 561 3649 679 3711; x_wconf 91' lang='lat' dir='ltr'><strong>Caesar</strong></span> <span class='ocrx_word' id='word_1_312' title='bbox 703 3657 833 3712; x_wconf 89' lang='lat' dir='ltr'><strong>mutare</strong></span> <span class='ocrx_word' id='word_1_313' title='bbox 858 3652 970 3725; x_wconf 92' lang='lat' dir='ltr'><strong>nollet,</strong></span> <span class='ocrx_word' id='word_1_314' title='bbox 997 3672 1116 3731; x_wconf 85' lang='lat' dir='ltr'><strong>magna</strong></span> <span class='ocrx_word' id='word_1_315' title='bbox 1137 3654 1325 3730; x_wconf 84' lang='lat' dir='ltr'><strong>arrogantia</strong></span> <span class='ocrx_word' id='word_1_316' title='bbox 1346 3653 1502 3713; x_wconf 82' lang='lat' dir='ltr'><strong>dixerunt</strong></span> <span class='ocrx_word' id='word_1_317' title='bbox 1524 3670 1637 3713; x_wconf 90' lang='lat' dir='ltr'><strong>coram</strong></span> 
     </span>
    </p>

    <p class='ocr_par' dir='ltr' id='par_1_11' title="bbox 389 3731 1638 4145">
     <span class='ocr_line' id='line_1_37' title="bbox 389 3731 1637 3806; baseline 0.002 -13"><span class='ocrx_word' id='word_1_318' title='bbox 389 3756 421 3806; x_wconf 94' lang='grc'><strong>55</strong></span> <span class='ocrx_word' id='word_1_319' title='bbox 433 3731 549 3793; x_wconf 89' lang='lat' dir='ltr'><strong>Cesare</strong></span> <span class='ocrx_word' id='word_1_320' title='bbox 567 3753 601 3794; x_wconf 89' lang='lat' dir='ltr'><strong>se</strong></span> <span class='ocrx_word' id='word_1_321' title='bbox 621 3753 688 3794; x_wconf 92' lang='lat' dir='ltr'><strong>non</strong></span> <span class='ocrx_word' id='word_1_322' title='bbox 708 3734 814 3796; x_wconf 94' lang='lat' dir='ltr'><strong>solum</strong></span> <span class='ocrx_word' id='word_1_323' title='bbox 834 3735 964 3796; x_wconf 89' lang='lat' dir='ltr'><strong>credere</strong></span> <span class='ocrx_word' id='word_1_324' title='bbox 981 3737 1196 3796; x_wconf 85' lang='lat' dir='ltr'><strong>verumetiam</strong></span> <span class='ocrx_word' id='word_1_325' title='bbox 1215 3737 1295 3796; x_wconf 92' lang='lat' dir='ltr'><strong>scire</strong></span> <span class='ocrx_word' id='word_1_326' title='bbox 1315 3735 1428 3797; x_wconf 86' lang='lat' dir='ltr'><strong>Luteri</strong></span> <span class='ocrx_word' id='word_1_327' title='bbox 1448 3736 1637 3796; x_wconf 88' lang='lat' dir='ltr'><strong>doctrinam</strong></span> 
     </span>
     <span class='ocr_line' id='line_1_38' title="bbox 434 3814 1638 3898; baseline 0.002 -22"><span class='ocrx_word' id='word_1_328' title='bbox 434 3814 647 3877; x_wconf 80' lang='lat' dir='ltr'><strong>fundatam</strong></span> <span class='ocrx_word' id='word_1_329' title='bbox 638 3837 671 3877; x_wconf 90' lang='grc' dir='ltr'><strong>ιιι</strong></span> <span class='ocrx_word' id='word_1_330' title='bbox 703 3818 892 3896; x_wconf 81' lang='lat' dir='ltr'><strong>Euangelio</strong></span> <span class='ocrx_word' id='word_1_331' title='bbox 948 3819 1066 3898; x_wconf 88' lang='lat' dir='ltr'><strong>Itaque</strong></span> <span class='ocrx_word' id='word_1_332' title='bbox 1096 3820 1218 3880; x_wconf 88' lang='lat' dir='ltr'><strong>rediere</strong></span> <span class='ocrx_word' id='word_1_333' title='bbox 1246 3819 1380 3880; x_wconf 94' lang='lat' dir='ltr'><strong>domum</strong></span> <span class='ocrx_word' id='word_1_334' title='bbox 1409 3838 1484 3879; x_wconf 93' lang='lat' dir='ltr'><strong>cum</strong></span> <span class='ocrx_word' id='word_1_335' title='bbox 1514 3837 1638 3898; x_wconf 81' lang='lat' dir='ltr'><strong>magna</strong></span> 
     </span>
     <span class='ocr_line' id='line_1_39' title="bbox 433 3897 1637 4000; baseline 0.002 -40"><span class='ocrx_word' id='word_1_336' title='bbox 433 3897 557 3960; x_wconf 85' lang='lat' dir='ltr'><strong>Oesaris</strong></span> <span class='ocrx_word' id='word_1_337' title='bbox 572 3901 804 3979; x_wconf 84' lang='lat' dir='ltr'><strong>indignatione.</strong></span> <span class='ocrx_word' id='word_1_338' title='bbox 848 3903 1055 3982; x_wconf 83' lang='lat' dir='ltr'><strong>Expectatur</strong></span> <span class='ocrx_word' id='word_1_339' title='bbox 1071 3921 1186 4000; x_wconf 82' lang='lat' dir='ltr'><strong>aspera</strong></span> <span class='ocrx_word' id='word_1_340' title='bbox 1197 3902 1371 3975; x_wconf 90' lang='lat' dir='ltr'><strong>conclusio,</strong></span> <span class='ocrx_word' id='word_1_341' title='bbox 1387 3921 1471 3980; x_wconf 93' lang='lat' dir='ltr'><strong>quae</strong></span> <span class='ocrx_word' id='word_1_342' title='bbox 1485 3900 1637 3963; x_wconf 91' lang='lat' dir='ltr'><strong>noudum</strong></span> 
     </span>
     <span class='ocr_line' id='line_1_40' title="bbox 432 3982 1635 4061; baseline 0.003 -20"><span class='ocrx_word' id='word_1_343' title='bbox 432 3982 602 4061; x_wconf 88' lang='lat' dir='ltr'><strong>publicata</strong></span> <span class='ocrx_word' id='word_1_344' title='bbox 617 3990 676 4045; x_wconf 90' lang='lat' dir='ltr'><strong>est.</strong></span> <span class='ocrx_word' id='word_1_345' title='bbox 720 3982 783 4045; x_wconf 83' lang='lat' dir='ltr'><strong>Sed</strong></span> <span class='ocrx_word' id='word_1_346' title='bbox 799 3991 872 4047; x_wconf 90' lang='lat' dir='ltr'><strong>tota</strong></span> <span class='ocrx_word' id='word_1_347' title='bbox 893 3987 956 4047; x_wconf 90' lang='lat' dir='ltr'><strong>erit</strong></span> <span class='ocrx_word' id='word_1_348' title='bbox 977 4005 1018 4046; x_wconf 87' lang='lat' dir='ltr'><strong>ex</strong></span> <span class='ocrx_word' id='word_1_349' title='bbox 1037 3988 1147 4046; x_wconf 91' lang='lat' dir='ltr'><strong>animo</strong></span> <span class='ocrx_word' id='word_1_350' title='bbox 1167 3985 1335 4046; x_wconf 89' lang='lat' dir='ltr'><strong>Pontificis</strong></span> <span class='ocrx_word' id='word_1_351' title='bbox 1356 4004 1395 4046; x_wconf 94' lang='lat' dir='ltr'><strong>ac</strong></span> <span class='ocrx_word' id='word_1_352' title='bbox 1414 3985 1635 4046; x_wconf 91' lang='lat' dir='ltr'><strong>sacerdotum.</strong></span> 
     </span>
     <span class='ocr_line' id='line_1_41' title="bbox 433 4064 1636 4145; baseline 0.003 -19"><span class='ocrx_word' id='word_1_353' title='bbox 433 4064 515 4126; x_wconf 87' lang='lat' dir='ltr'><strong>Cum</strong></span> <span class='ocrx_word' id='word_1_354' title='bbox 538 4065 739 4145; x_wconf 84' lang='lat' dir='ltr'><strong>Zuinglianis</strong></span> <span class='ocrx_word' id='word_1_355' title='bbox 763 4067 845 4128; x_wconf 91' lang='lat' dir='ltr'><strong>nihil</strong></span> <span class='ocrx_word' id='word_1_356' title='bbox 869 4075 1000 4143; x_wconf 89' lang='lat' dir='ltr'><strong>actum;</strong></span> <span class='ocrx_word' id='word_1_357' title='bbox 1024 4069 1198 4130; x_wconf 91' lang='lat' dir='ltr'><strong>nonenim</strong></span> <span class='ocrx_word' id='word_1_358' title='bbox 1223 4068 1357 4129; x_wconf 90' lang='lat' dir='ltr'><strong>admissi</strong></span> <span class='ocrx_word' id='word_1_359' title='bbox 1379 4067 1521 4128; x_wconf 88' lang='lat' dir='ltr'><strong>suntad</strong></span> <span class='ocrx_word' id='word_1_360' title='bbox 1542 4068 1636 4129; x_wconf 90' lang='lat' dir='ltr'><strong>audi·</strong></span> 
     </span>
    </p>

    <p class='ocr_par' dir='ltr' id='par_1_12' title="bbox 386 4150 1637 4312">
     <span class='ocr_line' id='line_1_42' title="bbox 386 4150 1637 4231; baseline 0.003 -22"><span class='ocrx_word' id='word_1_361' title='bbox 386 4150 566 4210; x_wconf 79' lang='lat' dir='ltr'><strong>scentiam.</strong></span> <span class='ocrx_word' id='word_1_362' title='bbox 618 4150 707 4211; x_wconf 89' lang='lat' dir='ltr'><strong>Deus</strong></span> <span class='ocrx_word' id='word_1_363' title='bbox 736 4152 846 4212; x_wconf 90' lang='lat' dir='ltr'><strong>omnia</strong></span> <span class='ocrx_word' id='word_1_364' title='bbox 875 4158 986 4214; x_wconf 86' lang='lat' dir='ltr'><strong>vertat</strong></span> <span class='ocrx_word' id='word_1_365' title='bbox 1015 4153 1049 4213; x_wconf 92' lang='lat' dir='ltr'><strong>in</strong></span> <span class='ocrx_word' id='word_1_366' title='bbox 1074 4152 1240 4213; x_wconf 89' lang='lat' dir='ltr'><strong>meliorem</strong></span> <span class='ocrx_word' id='word_1_367' title='bbox 1269 4154 1396 4212; x_wconf 83' lang='lat' dir='ltr'><strong>exitum</strong></span> <span class='ocrx_word' id='word_1_368' title='bbox 1424 4170 1525 4231; x_wconf 89' lang='lat' dir='ltr'><strong>quam</strong></span> <span class='ocrx_word' id='word_1_369' title='bbox 1553 4151 1637 4213; x_wconf 89' lang='lat' dir='ltr'><strong>mihi</strong></span> 
     </span>
     <span class='ocr_line' id='line_1_43' title="bbox 432 4233 727 4312; baseline 0.014 -21"><span class='ocrx_word' id='word_1_370' title='bbox 432 4233 576 4312; x_wconf 85' lang='lat' dir='ltr'><strong>presagit</strong></span> <span class='ocrx_word' id='word_1_371' title='bbox 589 4234 727 4295; x_wconf 90' lang='lat' dir='ltr'><strong>animus.</strong></span> 
     </span>
    </p>

    <p class='ocr_par' dir='ltr' id='par_1_13' title="bbox 432 4315 1635 4566">
     <span class='ocr_line' id='line_1_44' title="bbox 474 4315 1635 4397; baseline 0.004 -22"><span class='ocrx_word' id='word_1_372' title='bbox 474 4315 537 4375; x_wconf 93' lang='lat' dir='ltr'><strong>Hic</strong></span> <span class='ocrx_word' id='word_1_373' title='bbox 551 4323 682 4395; x_wconf 84' lang='lat' dir='ltr'><strong>praeter</strong></span> <span class='ocrx_word' id='word_1_374' title='bbox 695 4336 859 4380; x_wconf 91' lang='lat' dir='ltr'><strong>enormem</strong></span> <span class='ocrx_word' id='word_1_375' title='bbox 879 4338 988 4380; x_wconf 90' lang='lat' dir='ltr'><strong>rerum</strong></span> <span class='ocrx_word' id='word_1_376' title='bbox 1005 4318 1201 4379; x_wconf 86' lang='lat' dir='ltr'><strong>charitatem</strong></span> <span class='ocrx_word' id='word_1_377' title='bbox 1221 4319 1322 4379; x_wconf 87' lang='lat' dir='ltr'><strong>etiam</strong></span> <span class='ocrx_word' id='word_1_378' title='bbox 1335 4319 1421 4379; x_wconf 90' lang='lat' dir='ltr'><strong>seuit</strong></span> <span class='ocrx_word' id='word_1_379' title='bbox 1435 4317 1635 4397; x_wconf 88' lang='lat' dir='ltr'><strong>pestilentia.</strong></span> 
     </span>
     <span class='ocr_line' id='line_1_45' title="bbox 433 4398 1635 4499; baseline 0.003 -40"><span class='ocrx_word' id='word_1_380' title='bbox 433 4398 540 4460; x_wconf 91' lang='lat' dir='ltr'><strong>Pluris</strong></span> <span class='ocrx_word' id='word_1_381' title='bbox 569 4418 668 4477; x_wconf 91' lang='lat' dir='ltr'><strong>quam</strong></span> <span class='ocrx_word' id='word_1_382' title='bbox 697 4401 836 4481; x_wconf 90' lang='lat' dir='ltr'><strong>decuplo</strong></span> <span class='ocrx_word' id='word_1_383' title='bbox 864 4408 1020 4463; x_wconf 90' lang='lat' dir='ltr'><strong>emuntur</strong></span> <span class='ocrx_word' id='word_1_384' title='bbox 1048 4403 1167 4463; x_wconf 92' lang='lat' dir='ltr'><strong>omnia.</strong></span> <span class='ocrx_word' id='word_1_385' title='bbox 1211 4402 1336 4463; x_wconf 92' lang='lat' dir='ltr'><strong>Vellem</strong></span> <span class='ocrx_word' id='word_1_386' title='bbox 1359 4421 1432 4462; x_wconf 92' lang='lat' dir='ltr'><strong>eam</strong></span> <span class='ocrx_word' id='word_1_387' title='bbox 1461 4401 1635 4499; x_wconf 90' lang='lat' dir='ltr'><strong>pecuniam</strong></span> 
     </span>
     <span class='ocr_line' id='line_1_46' title="bbox 432 4483 1633 4566; baseline 0.003 -23"><span class='ocrx_word' id='word_1_388' title='bbox 432 4501 533 4561; x_wconf 89' lang='lat' dir='ltr'><strong>quam</strong></span> <span class='ocrx_word' id='word_1_389' title='bbox 554 4483 656 4545; x_wconf 90' lang='lat' dir='ltr'><strong>habet</strong></span> <span class='ocrx_word' id='word_1_390' title='bbox 677 4483 795 4545; x_wconf 90' lang='lat' dir='ltr'><strong>Petrus</strong></span> <span class='ocrx_word' id='word_1_391' title='bbox 816 4485 971 4565; x_wconf 80' lang='lat' dir='ltr'><strong>Aegidius</strong></span> <span class='ocrx_word' id='word_1_392' title='bbox 992 4485 1083 4566; x_wconf 91' lang='lat' dir='ltr'><strong>apud</strong></span> <span class='ocrx_word' id='word_1_393' title='bbox 1104 4492 1138 4546; x_wconf 93' lang='lat' dir='ltr'><strong>te</strong></span> <span class='ocrx_word' id='word_1_394' title='bbox 1159 4504 1228 4546; x_wconf 87' lang='lat' dir='ltr'><strong>esse</strong></span> <span class='ocrx_word' id='word_1_395' title='bbox 1247 4492 1286 4546; x_wconf 86' lang='lat' dir='ltr'><strong>vt</strong></span> <span class='ocrx_word' id='word_1_396' title='bbox 1303 4504 1450 4546; x_wconf 85' lang='lat' dir='ltr'><strong>summae</strong></span> <span class='ocrx_word' id='word_1_397' title='bbox 1463 4486 1633 4565; x_wconf 78' lang='lat' dir='ltr'><strong>iungeren-</strong></span> 
     </span>
    </p>
   </div>
   <div class='ocr_carea' id='block_1_3' title="bbox 432 4617 1634 5086">
    <p class='ocr_par' dir='ltr' id='par_1_14' title="bbox 432 4617 1634 4737">
     <span class='ocr_line' id='line_1_47' title="bbox 466 4617 1634 4737; baseline 0.003 -70"><span class='ocrx_word' id='word_1_398' title='bbox 466 4630 508 4680; x_wconf 83' lang='grc'><strong>55.</strong></span> <span class='ocrx_word' id='word_1_399' title='bbox 527 4617 649 4681; x_wconf 84' lang='lat' dir='ltr'><strong>Hayone</strong></span> <span class='ocrx_word' id='word_1_400' title='bbox 683 4617 829 4685; x_wconf 79' lang='lat' dir='ltr'><strong>Caminga]</strong></span> <span class='ocrx_word' id='word_1_401' title='bbox 865 4619 916 4670; x_wconf 82' lang='lat' dir='ltr'><strong>See</strong></span> <span class='ocrx_word' id='word_1_402' title='bbox 950 4619 1006 4685; x_wconf 81' lang='lat' dir='ltr'><strong>Ep.</strong></span> <span class='ocrx_word' id='word_1_403' title='bbox 1058 4633 1134 4737; x_wconf 81' lang='grc'><strong>6059</strong></span> <span class='ocrx_word' id='word_1_404' title='bbox 1152 4619 1418 4685; x_wconf 83' lang='lat' dir='ltr'><strong>CumZuinglianis]</strong></span> <span class='ocrx_word' id='word_1_405' title='bbox 1433 4619 1476 4670; x_wconf 86' lang='lat' dir='ltr'><strong>Ci.</strong></span> <span class='ocrx_word' id='word_1_406' title='bbox 1489 4619 1545 4685; x_wconf 88' lang='lat' dir='ltr'><strong>Ep</strong></span> <span class='ocrx_word' id='word_1_407' title='bbox 1557 4633 1634 4685; x_wconf 82' lang='lat'>²41⁰·</span> 
     </span>
     <span class='ocr_line' id='line_1_48' title="bbox 432 4697 583 4735; baseline 0.007 -2"><span class='ocrx_word' id='word_1_408' title='bbox 432 4697 448 4733; x_wconf 88' lang='lat'>2</span> <span class='ocrx_word' id='word_1_409' title='bbox 523 4699 583 4735; x_wconf 84' lang='lat' dir='ltr'><strong>rrn</strong></span> 
     </span>
    </p>

    <p class='ocr_par' dir='ltr' id='par_1_15' title="bbox 432 4686 1634 5086">
     <span class='ocr_line' id='line_1_49' title="bbox 450 4686 1634 4818; baseline 0.003 -18"><span class='ocrx_word' id='word_1_410' title='bbox 450 4686 508 4812; x_wconf 50' lang='grc' dir='ltr'><strong><em>35ῗ.</em></strong></span> <span class='ocrx_word' id='word_1_411' title='bbox 527 4751 681 4812; x_wconf 83' lang='lat' dir='ltr'><strong>sententie]</strong></span> <span class='ocrx_word' id='word_1_412' title='bbox 709 4751 769 4802; x_wconf 75' lang='lat' dir='ltr'><strong>&#39;l&#39;he</strong></span> <span class='ocrx_word' id='word_1_413' title='bbox 791 4752 920 4818; x_wconf 88' lang='lat' dir='ltr'><strong>imperial</strong></span> <span class='ocrx_word' id='word_1_414' title='bbox 942 4767 1006 4818; x_wconf 90' lang='lat' dir='ltr'><strong>pro-</strong></span> <span class='ocrx_word' id='word_1_415' title='bbox 1058 4690 1134 4817; x_wconf 81' lang='grc'><strong>6064.</strong></span> <span class='ocrx_word' id='word_1_416' title='bbox 1153 4752 1255 4803; x_wconf 89' lang='lat' dir='ltr'><strong>Petrus</strong></span> <span class='ocrx_word' id='word_1_417' title='bbox 1271 4753 1416 4818; x_wconf 83' lang='lat' dir='ltr'><strong>Aegidius]</strong></span> <span class='ocrx_word' id='word_1_418' title='bbox 1431 4752 1634 4804; x_wconf 84' lang='lat' dir='ltr'><strong>Forhishold·</strong></span> 
     </span>
     <span class='ocr_line' id='line_1_50' title="bbox 432 4818 1634 4885; baseline 0.005 -20"><span class='ocrx_word' id='word_1_419' title='bbox 432 4823 623 4869; x_wconf 88' lang='lat' dir='ltr'><strong>nouncement</strong></span> <span class='ocrx_word' id='word_1_420' title='bbox 639 4820 670 4869; x_wconf 83' lang='lat' dir='ltr'><strong>of</strong></span> <span class='ocrx_word' id='word_1_421' title='bbox 688 4832 703 4881; x_wconf 89' lang='lat'>7</span> <span class='ocrx_word' id='word_1_422' title='bbox 720 4818 810 4884; x_wconf 69' lang='lat' dir='ltr'><strong>Sept„</strong></span> <span class='ocrx_word' id='word_1_423' title='bbox 827 4834 845 4870; x_wconf 88' lang='lat' dir='ltr'><strong>a</strong></span> <span class='ocrx_word' id='word_1_424' title='bbox 862 4819 946 4870; x_wconf 86' lang='lat' dir='ltr'><strong>fuller</strong></span> <span class='ocrx_word' id='word_1_425' title='bbox 961 4835 1006 4870; x_wconf 87' lang='lat' dir='ltr'><strong>ac-</strong></span> <span class='ocrx_word' id='word_1_426' title='bbox 1057 4820 1106 4885; x_wconf 81' lang='lat' dir='ltr'><strong>ing</strong></span> <span class='ocrx_word' id='word_1_427' title='bbox 1125 4821 1233 4870; x_wconf 85' lang='lat' dir='ltr'><strong>menies</strong></span> <span class='ocrx_word' id='word_1_428' title='bbox 1256 4836 1293 4870; x_wconf 90' lang='lat' dir='ltr'><strong>on</strong></span> <span class='ocrx_word' id='word_1_429' title='bbox 1314 4819 1459 4870; x_wconf 77' lang='lat' dir='ltr'><strong>Erasmus&#39;</strong></span> <span class='ocrx_word' id='word_1_430' title='bbox 1481 4819 1577 4871; x_wconf 81' lang='lat' dir='ltr'><strong>bahali</strong></span> <span class='ocrx_word' id='word_1_431' title='bbox 1596 4820 1634 4871; x_wconf 83' lang='lat' dir='ltr'><strong>ol.</strong></span> 
     </span>
     <span class='ocr_line' id='line_1_51' title="bbox 432 4885 1634 4952; baseline 0.003 -18"><span class='ocrx_word' id='word_1_432' title='bbox 432 4890 521 4934; x_wconf 85' lang='lat' dir='ltr'><strong>count</strong></span> <span class='ocrx_word' id='word_1_433' title='bbox 532 4885 563 4934; x_wconf 84' lang='lat' dir='ltr'><strong>ci</strong></span> <span class='ocrx_word' id='word_1_434' title='bbox 574 4885 913 4951; x_wconf 76' lang='lat' dir='ltr'><strong>whrchrsgrvenmEp</strong></span> <span class='ocrx_word' id='word_1_435' title='bbox 930 4901 1005 4952; x_wconf 89' lang='grc' dir='ltr'>24ιο.</span> <span class='ocrx_word' id='word_1_436' title='bbox 1058 4888 1134 4952; x_wconf 89' lang='lat' dir='ltr'><strong>Epp.</strong></span> <span class='ocrx_word' id='word_1_437' title='bbox 1147 4900 1222 4951; x_wconf 83' lang='lat'><strong>²494·</strong></span> <span class='ocrx_word' id='word_1_438' title='bbox 1235 4901 1285 4950; x_wconf 91' lang='grc'><strong>25</strong></span> <span class='ocrx_word' id='word_1_439' title='bbox 1286 4902 1328 4951; x_wconf 84' lang='lat'><strong>33,</strong></span> <span class='ocrx_word' id='word_1_440' title='bbox 1341 4900 1462 4951; x_wconf 82' lang='lat'><em>2511.7</em></span> <span class='ocrx_word' id='word_1_441' title='bbox 1464 4900 1634 4949; x_wconf 83' lang='lat'><strong>11,2512.1-</strong></span> 
     </span>
     <span class='ocr_line' id='line_1_52' title="bbox 433 4951 1634 5020; baseline 0.005 -20"><span class='ocrx_word' id='word_1_442' title='bbox 433 4951 533 5010; x_wconf 75' lang='lat'>60-803</span> <span class='ocrx_word' id='word_1_443' title='bbox 559 4953 596 5002; x_wconf 85' lang='lat' dir='ltr'><strong>cf.</strong></span> <span class='ocrx_word' id='word_1_444' title='bbox 620 4952 816 5015; x_wconf 77' lang='lat' dir='ltr'><strong>Forstsmanu,</strong></span> <span class='ocrx_word' id='word_1_445' title='bbox 844 4952 1006 5005; x_wconf 75' lang='lat' dir='ltr'><strong>Urlranden·</strong></span> <span class='ocrx_word' id='word_1_446' title='bbox 1058 4966 1172 5015; x_wconf 80' lang='lat'><strong>2,2527</strong></span> <span class='ocrx_word' id='word_1_447' title='bbox 1185 4955 1243 5017; x_wconf 89' lang='grc'><strong><em>5-8,</em></strong></span> <span class='ocrx_word' id='word_1_448' title='bbox 1255 4969 1331 5017; x_wconf 74' lang='grc'><strong><em>2559.</em></strong></span> <span class='ocrx_word' id='word_1_449' title='bbox 1343 4968 1395 5019; x_wconf 87' lang='grc'><strong><em>45-</em></strong></span> <span class='ocrx_word' id='word_1_450' title='bbox 1395 4968 1437 5017; x_wconf 89' lang='grc' dir='ltr'><strong><em>5ο,</em></strong></span> <span class='ocrx_word' id='word_1_451' title='bbox 1449 4967 1525 5018; x_wconf 88' lang='grc'><strong><em>2552.</em></strong></span> <span class='ocrx_word' id='word_1_452' title='bbox 1540 4969 1590 5020; x_wconf 83' lang='lat'><strong>14-</strong></span> <span class='ocrx_word' id='word_1_453' title='bbox 1591 4968 1634 5019; x_wconf 82' lang='lat'><strong>15,</strong></span> 
     </span>
     <span class='ocr_line' id='line_1_53' title="bbox 433 5017 1416 5086; baseline 0.002 -18"><span class='ocrx_word' id='word_1_454' title='bbox 433 5017 532 5077; x_wconf 84' lang='grc'>6166,</span> <span class='ocrx_word' id='word_1_455' title='bbox 524 5017 553 5068; x_wconf 82' lang='lat' dir='ltr'><strong>ri.</strong></span> <span class='ocrx_word' id='word_1_456' title='bbox 567 5030 624 5081; x_wconf 84' lang='lat'><strong>179</strong></span> <span class='ocrx_word' id='word_1_457' title='bbox 1058 5022 1134 5084; x_wconf 89' lang='grc'><strong><em>2558.</em></strong></span> <span class='ocrx_word' id='word_1_458' title='bbox 1147 5021 1240 5085; x_wconf 82' lang='grc'>28-56,</span> <span class='ocrx_word' id='word_1_459' title='bbox 1253 5023 1328 5085; x_wconf 80' lang='grc'><strong><em>2578.</em></strong></span> <span class='ocrx_word' id='word_1_460' title='bbox 1341 5034 1416 5086; x_wconf 89' lang='lat'>4-12.</span> 
     </span>
    </p>
   </div>
   <div class='ocr_carea' id='block_1_4' title="bbox 0 0 2026 5900">
    <p class='ocr_par' dir='ltr' id='par_1_16' title="bbox 0 0 2026 5900">
     <span class='ocr_line' id='line_1_54' title="bbox 0 0 2026 5900; baseline 0 1"><span class='ocrx_word' id='word_1_461' title='bbox 0 0 2026 5900; x_wconf 95' lang='lat' dir='ltr'><strong> </strong></span> 
     </span>
    </p>
   </div>
  </div>
 </body>
</html>
