4042 5900
501 618 562 681 124
826 614 1328 680 mrrsasorsansuua
1605 620 1704 696 [1531

456 800 488 853 15
500 778 665 840 hominem
687 776 777 856 quod
800 777 845 838 ibi
867 777 927 839 fiat
950 778 1074 840 mentio
1098 777 1209 839 decem
1238 776 1443 839 florenorum.
1486 774 1540 837 Ad
1562 776 1627 838 hoc
1651 778 1705 838 ita

500 860 693 941 respondet:
718 859 817 935 ‘Quis
836 860 898 923 tibi
919 860 1005 923 dixit
1027 880 1079 922 me
1099 861 1230 941 petiisse
1245 859 1356 922 decem
1370 859 1533 922 florenos?
1575 858 1640 920 Die
1653 858 1705 920 illi

500 963 576 1005 eum
604 964 673 1005 esse
701 942 984 1005 sceleratissimum
1006 943 1196 1006 furciferum
1218 949 1254 1004 et
1277 942 1578 1022 nephandissimum
1608 961 1705 1022 syco-

501 1027 681 1108 phantam’
715 1027 852 1088 Videtur
867 1027 989 1088 oblitus
1004 1027 1085 1106 quid
1100 1027 1162 1088 tibi
1176 1027 1344 1105 Beatoque
1359 1026 1489 1087 dixerit.
1522 1026 1706 1087 Dissimulo

501 1130 553 1172 me
566 1112 728 1191 accepisse
741 1110 925 1191 epistolam.
963 1109 1049 1184 Quid
1063 1130 1141 1190 agas
1157 1129 1232 1171 cum
1244 1109 1304 1170 tali
1314 1114 1495 1190 portento?
1529 1108 1707 1171 Sedhuius

455 1218 489 1255 20
500 1195 624 1274 generis
637 1195 734 1255 nimis
748 1194 854 1255 multa
868 1194 929 1255 alit
943 1193 1126 1255 Germania.

543 1275 577 1338 Si
591 1277 655 1338 huc
666 1278 801 1350 veneris,
817 1277 934 1339 domus
948 1277 1007 1339 hec
1021 1277 1178 1357 gaudebit
1192 1277 1252 1337 tali
1267 1277 1405 1357 hospite.
1450 1275 1622 1337 Habemus
1636 1276 1706 1336 iam

502 1360 613 1423 lectos.
643 1359 731 1441 Opto
746 1367 779 1422 te
794 1381 869 1422 cum
884 1363 951 1422 tuis
966 1360 1117 1422 omnibus
1131 1380 1231 1439 quem
1246 1361 1425 1423 rectissime
1436 1359 1553 1420 valere.
1584 1357 1707 1420 Saluta

502 1444 659 1505 Basilium
674 1446 753 1505 meis
767 1444 876 1505 verbis
890 1449 1048 1506 amanter.
1148 1470 1153 1479 ·

544 1527 702 1607 Friburgi.
718 1547 805 1588 nono
819 1526 886 1588 Cal.
903 1527 1001 1589 Mart.
1020 1544 1109 1604 1530.

456 1632 489 1682 25
1212 1611 1367 1672 Erasmus
1383 1611 1472 1671 omni
1485 1611 1554 1670 iure
1570 1613 1660 1670 tuus.

545 1717 759 1781 Ornatissimo
773 1718 879 1780 LL.D.
896 1718 1064 1780 Bonifaeio
1078 1718 1303 1781 Amerbaehio.
1320 1718 1476 1780 Besileae.

749 1978 956 2068 ²⁴1⁴2430,⁴⁴⁵
1003 1980 1110 2045 From
1125 1979 1297 2046 Marsus
1313 1979 1451 2045 Kanrz.

541 2109 666 2182 Leipzig
677 2108 742 2164 MS.
1428 2107 1601 2179 Augsburg.

541 2185 607 2240 EE.
624 2198 686 2255 145.
1357 2200 1393 2239 22
1406 2183 1567 2254 February
1582 2196 1667 2251 1531.

538 2301 595 2363 [An
606 2301 724 2368 original
734 2302 828 2362 letter,
840 2304 1001 2369 autogrsph
1013 2304 1199 2369 throughout.
1234 2303 1294 2353 The
1305 2302 1453 2369 yser-date
1464 2302 1488 2353 is
1499 2300 1655 2352 confirmed
1666 2300 1707 2366 by

504 2370 555 2421 the
565 2370 691 2435 subjecto
702 2370 835 2431 treated]

546 2475 578 2538 S.
595 2477 634 2538 D.
658 2497 755 2556 seque
777 2479 994 2540 commendat.
1039 2479 1165 2540 Priores
1187 2485 1263 2540 tuas
1283 2477 1421 2551 litteras,
1444 2478 1495 2538 vir
1517 2476 1705 2549 clarissime,

504 2561 655 2621 exhibuit
677 2560 907 2641 Polyphemus,
922 2561 1043 2623 alteras
1065 2561 1199 2623 tabellio
1221 2581 1291 2622 sero
1313 2561 1419 2622 valde.
1464 2559 1705 2621 Salutationem

505 2650 599 2705 tuam
622 2645 761 2705 amicam
789 2664 893 2725 nuper
922 2645 1118 2725 significauit
1146 2645 1186 2705 D.
1210 2644 1376 2707 Cholerus.
1417 2644 1478 2705 His
1503 2660 1705 2722 supraquam

505 2727 570 2788 dici
583 2733 685 2806 queat
698 2727 900 2789 exhilaratus
914 2748 996 2801 sum,
1013 2729 1110 2790 homo
1125 2728 1247 2808 alioqui
1269 2728 1460 2808 plerumque
1477 2727 1591 2787 tristis.
1635 2724 1705 2784 Lit-

476 2816 593 2883 5teras
608 2817 764 2890 vtrasque
778 2812 918 2873 recondo
932 2811 1101 2873 exosculor
1112 2830 1247 2873 veneror
1258 2831 1354 2891 super
1365 2829 1482 2872 aurum
1493 2815 1528 2871 et
1538 2809 1704 2889 topazion.

506 2893 601 2969 Quod
627 2913 704 2956 vero
727 2895 979 2975 do<minati0ni>
1002 2901 1080 2958 tuae
1106 2897 1248 2957 vicissim
1270 2894 1453 2968 exhibeam,
1477 2892 1574 2974 plane
1597 2891 1706 2953 habeo

505 2978 586 3040 nihil
607 2984 716 3058 preter
741 2981 887 3040 animum
912 2986 1043 3059 gratum
1069 2981 1183 3059 tuique
1207 2980 1386 3052 amantiss,
1410 2977 1642 3039 obseruantiss.
1668 2981 1705 3036 et

505 3062 697 3136 studiosiss,
713 3082 809 3141 quem
829 3068 917 3124 certe
936 3064 1043 3144 reipsa
1060 3062 1269 3136 declararem,
1285 3062 1342 3122 vbi
1361 3081 1395 3122 se
1417 3061 1549 3123 offerret
1565 3059 1704 3120 occasio.

506 3143 657 3206 Ceterum
672 3164 731 3225 ego
744 3165 847 3225 nuper
862 3145 1046 3226 Augustam
1057 3146 1346 3219 commendabam
1368 3164 1455 3206 nunc
1466 3143 1581 3206 eadem
1595 3146 1707 3222 preter

462 3253 494 3288 10
506 3229 690 3309 opinionem
706 3228 782 3290 talis
795 3228 885 3290 facta
899 3235 951 3290 est
966 3235 1005 3290 vt
1020 3231 1184 3310 vituperio
1199 3230 1296 3309 digne
1310 3230 1363 3290 sit.
1407 3227 1526 3290 Coesar
1539 3227 1623 3287 risus
1636 3231 1706 3298 est;

506 3330 591 3391 quae
612 3312 717 3372 eidem
732 3313 891 3392 promissa
908 3320 985 3374 sunt
1000 3332 1117 3393 parum
1132 3319 1315 3375 seruantur.
1359 3310 1609 3373 contionatores
1625 3309 1706 3369 noui

505 3413 547 3454 ex
576 3394 754 3473 Argentina
779 3395 984 3457 aduocantur
1007 3398 1065 3476 qui
1090 3397 1288 3457 monasteria
1312 3394 1380 3456 fere
1405 3395 1515 3455 omnia
1540 3393 1606 3453 suis
1628 3410 1705 3452 eon-

506 3478 652 3539 tionibus
667 3479 883 3558 prophanaut.
907 3480 1021 3560 Nuper
1034 3481 1135 3541 etiam
1146 3479 1307 3560 templum
1319 3478 1388 3540 diui
1397 3477 1543 3538 Mauritii
1553 3475 1705 3554 aggressi,

506 3580 604 3640 quem
619 3561 727 3621 locum
741 3562 864 3623 domini
879 3563 1019 3643 Fuglreri
1034 3564 1200 3643 hucusque
1216 3582 1336 3643 purum
1351 3566 1533 3623 seruarunt.
1565 3557 1706 3620 Senatus

463 3666 493 3716 15
507 3645 541 3704 in
559 3643 763 3705 Lutheranos
784 3653 819 3706 et
840 3647 1053 3725 Zwinglianos
1074 3653 1125 3708 est
1146 3653 1254 3708 sectus
1278 3647 1345 3707 acri
1367 3645 1573 3706 dissensione.
1617 3641 1705 3701 Ana-

507 3726 673 3807 baptistae
688 3729 721 3788 in
737 3728 816 3789 vrbe
830 3735 865 3790 et
879 3736 974 3791 extra
989 3730 1218 3791 conuenticula
1230 3729 1354 3790 habent
1362 3728 1556 3806 frequentia,
1565 3731 1600 3785 et
1608 3723 1706 3804 plane

489 3811 558 3870 'res
572 3829 699 3890 semper
714 3812 748 3871 in
762 3812 853 3891 peius
867 3813 982 3891 gliscit.
1027 3811 1113 3886 Quid
1128 3814 1278 3874 futurum
1293 3814 1337 3873 sit
1351 3813 1479 3883 neseio;
1503 3826 1643 3888 auguror
1657 3806 1707 3867 nil

508 3893 594 3966 boni,
616 3895 678 3954 nisi
701 3895 862 3973 singulare
885 3897 1006 3975 aspiret
1031 3896 1093 3957 Dei
1118 3897 1250 3957 donum.
1295 3896 1365 3975 Ego
1387 3912 1491 3974 nuper
1516 3913 1537 3954 a
1560 3891 1706 3971 principe

507 3976 668 4037 Bauariae
682 3985 820 4038 vocatus
831 3997 903 4038 sum
914 3979 956 4040 ad
965 3979 1185 4041 conditionem
1195 3979 1375 4052 honestam,
1388 3995 1487 4057 quam
1496 3982 1531 4036 et
1540 3992 1707 4036 assumam

461 4083 496 4119 κο
507 4060 536 4120 si
549 4058 582 4119 id
594 4059 674 4120 mihi
685 4079 743 4139 per
751 4061 899 4122 dominos
908 4082 1006 4135 meos,
1019 4062 1202 4143 capitulum
1213 4063 1335 4123 scilicet
1343 4060 1557 4141 Augustense,
1567 4057 1705 4119 licuerit.

508 4142 601 4204 Insto
620 4143 711 4223 apud
731 4143 790 4205 hos
809 4144 870 4205 hoe
892 4151 966 4206 toto
987 4165 1073 4207 anno
1092 4152 1131 4207 vt
1154 4165 1206 4207 me
1229 4146 1477 4217 manumittunt,
1493 4143 1581 4222 regia
1604 4141 1706 4202 etiam

507 4227 735 4288 intercessione
749 4246 854 4307 nuper
868 4229 902 4288 in
917 4228 978 4289 hoe
993 4247 1080 4289 vsus.
1124 4228 1225 4309 Spero
1240 4235 1353 4290 autem
1372 4228 1464 4288 breui
1483 4245 1536 4287 me
1550 4224 1620 4286 fore
1634 4225 1707 4285 voti

509 4314 705 4389 compotem.
749 4309 845 4384 Quod
859 4311 915 4372 vbi
930 4311 995 4385 fiet,
1010 4310 1154 4374 foelitior
1167 4332 1223 4373 ero
1238 4331 1338 4391 quam
1352 4309 1450 4372 multi
1464 4309 1517 4370 hic
1532 4309 1596 4369 mei
1613 4313 1705 4369 ante-

813 4445 888 4497 2430.
906 4449 932 4497 o.
950 4445 1034 4506 Quod
1044 4447 1226 4512 mamus:
1245 4445 1320 4505 Quid
1331 4445 1395 4495 rus.

542 4579 617 4630 2429.
637 4593 677 4642 15.
695 4578 979 4643 decemflcrenorum]
989 4581 1025 4631 In
1032 4582 1082 4633 the
1132 4593 1191 4646 27⁵·
1203 4596 1229 4643 4.

507 4646 678 4706 Admonitio,
701 4646 758 4697 LB.
783 4663 811 4697 x.
834 4649 928 4707 16891s,
946 4648 1082 4699 Erasmus
1166 4647 1241 4697 24³0.
1261 4660 1319 4696 1-2.
1338 4645 1446 4711 priores
1459 4649 1526 4695 tuas
1538 4642 1650 4694 litteras
1665 4677 1708 4694 ...

507 4718 599 4765 states
626 4714 693 4765 that
721 4714 898 4779 Eppendorff
922 4715 1011 4765 asked
1037 4715 1082 4766 for
1131 4713 1247 4775 alteru]
1255 4712 1330 4777 Only
1338 4726 1392 4763 one
1400 4711 1642 4769 letterisextant‚
1650 4708 1707 4775 Ep.

508 4778 732 4833 ‘decemaurei'
749 4781 1080 4848 iorhistravellingex·
1133 4795 1209 4847 ²414·
1314 4847 1320 4857 ·
1360 4846 1366 4858 ¹
1535 4845 1541 4857 ι

507 4861 701 4977 wacon]
718 4913 774 4965 ror
789 4915 840 4966 the
859 4915 1036 4980 importunae
1052 4916 1083 4967 or
1132 4848 1404 4966 wffilprmare
1437 4843 1588 4906 meam]
1623 4843 1708 4895 Dm

508 4980 589 5030 these
605 4995 643 5032 on
660 4997 698 5032 an
714 4980 814 5033 earlier
828 4983 957 5034 occasion
971 4984 1008 5034 el.
1025 4984 1081 5049 Ep.
