4042 5900
295 684 389 762 2625]
622 680 745 743 FROM
766 680 971 745 ERASMUS
993 681 1155 745 SCHETS
1427 686 1488 746 467

336 842 489 904 Commisi
504 860 611 902 rerum
625 841 811 920 gestoribus
826 843 906 903 meis
921 842 1163 915 Francfordiae,
1179 848 1218 902 vt
1238 842 1288 903 his
1302 842 1490 903 vemahbus

292 926 449 988 nundinis
471 931 530 986 tuo
555 925 686 986 nomine
708 932 882 986 numerent
905 925 1069 986 Ieronimo
1091 925 1252 986 Frobenio
1273 925 1433 987 ducentos
1453 933 1489 986 et

291 1016 360 1071 tres
375 1010 514 1071 florenos
528 1028 644 1069 aureos
655 1028 730 1069 cum
745 1007 857 1069 solidis
867 1008 1059 1082 octodecim,
1067 1014 1102 1069 et
1115 1009 1275 1088 recipiant
1289 1008 1332 1070 ab
1346 1027 1385 1069 eo
1395 1028 1487 1069 suam
1502 1037 1517 1085 5

292 1094 591 1173 acceptitationem.
635 1092 734 1152 Hunc
757 1098 828 1152 tam
857 1098 939 1172 puto
967 1091 1069 1153 fidum
1098 1091 1170 1164 tibi,
1194 1097 1232 1152 vt
1257 1111 1316 1153 uec
1339 1092 1487 1153 dubitem

292 1176 425 1255 quidem
449 1176 490 1237 de
512 1176 773 1236 renumeratione
795 1175 858 1236 tibi
880 1175 996 1237 fienda.
1040 1175 1085 1235 Et
1106 1193 1172 1253 quo
1194 1174 1305 1236 videas
1326 1176 1487 1236 rationem

291 1260 438 1340 predicte
463 1260 607 1339 pecunie,
630 1264 744 1338 repeto
764 1258 936 1338 epistolam
961 1278 1078 1331 meam,
1100 1277 1201 1336 quam
1222 1259 1318 1318 xviii·
1336 1256 1487 1320 Octobris

291 1344 443 1424 preteriti
468 1342 510 1403 ad
539 1346 573 1403 te
596 1341 688 1415 dedi;
725 1360 792 1420 qua
819 1342 915 1403 docui
938 1362 989 1403 me
1018 1348 1091 1402 tum
1116 1348 1249 1402 tuarum
1274 1342 1487 1421 pecuniarum

289 1427 444 1488 habuisse
458 1426 617 1487 ducentos
631 1424 851 1504 quadraginta
872 1426 1015 1504 quinque
1029 1425 1176 1497 florenos,
1191 1431 1226 1485 et
1247 1424 1388 1485 stuferos
1406 1426 1487 1485 xviii
1501 1454 1533 1490 ιο

290 1516 467 1571 nostrates.
510 1509 639 1570 Abhinc
654 1509 769 1587 recepi,
785 1507 874 1587 quod
888 1507 931 1569 ad
949 1528 1000 1570 me
1015 1509 1218 1588 permutauit
1236 1506 1412 1581 Castricus,
1426 1528 1487 1588 pro

290 1594 384 1655 libris
398 1595 541 1672 quinque
555 1591 719 1671 sterlingis
739 1611 760 1651 a
778 1592 936 1653 Zachario
952 1591 1096 1670 quodam
1114 1592 1253 1671 receptis
1272 1592 1306 1651 in
1324 1591 1486 1671 Angliam,

290 1678 428 1756 triginta
442 1694 560 1736 nouem
575 1676 715 1736 florenos
729 1693 803 1735 cum
822 1674 955 1736 etuieris
974 1674 1133 1735 vndecim.
1182 1673 1317 1735 Summa
1331 1675 1487 1754 pecuniae

290 1767 358 1832 tue,
374 1778 437 1838 que
452 1778 551 1838 penes
564 1778 616 1819 me
632 1760 697 1819 iam
712 1764 773 1831 est,
788 1758 937 1819 ascendit
954 1758 997 1819 ad
1015 1758 1174 1819 ducentos
1188 1758 1380 1837 octuaginta
1393 1759 1486 1837 quin·

290 1862 355 1921 que
369 1843 507 1903 florenos
516 1861 589 1903 curn
606 1842 738 1902 stuleris
753 1861 882 1915 nouem,
894 1842 951 1920 qui
965 1841 1155 1920 integritate
1167 1840 1288 1901 valoris
1299 1841 1333 1900 in
1348 1840 1488 1903 florenos
1502 1870 1512 1904 ι
1517 1869 1533 1918 5

290 1945 407 1987 aureos
430 1925 562 1987 deducti
590 1924 781 2004 equiualeut
807 1924 963 2005 predictis
988 1924 1138 1985 ducentis
1165 1929 1201 1983 et
1229 1924 1336 1985 tribus
1358 1924 1488 1985 florenis

288 2010 407 2082 aureis,
425 2028 500 2069 cum
520 2007 630 2069 solidis
650 2009 730 2068 xviii
747 2026 840 2086 quoa,
863 2014 901 2068 vt
920 2026 1020 2087 supra
1044 2007 1251 2080 dictumest,
1271 2007 1350 2067 iussi
1368 2007 1485 2069 Franc-

252 2104 255 2111 '
290 2091 415 2153 fordiae
439 2092 603 2152 numerari
631 2091 794 2152 Ieronimo
822 2091 992 2152 Frobenio.
1036 2088 1087 2151 Sic
1112 2091 1324 2170 pecuniarum
1353 2096 1487 2152 tuarum

290 2177 356 2236 iam
384 2195 506 2236 vacuus
528 2173 727 2255 exspectabo
750 2193 871 2235 nouam
895 2174 1124 2254 receptionem.
1167 2172 1331 2235 Castricus
1360 2174 1487 2255 plangit

289 2259 406 2320 dietim
426 2258 515 2331 mihi,
535 2257 624 2337 quod
639 2259 743 2318 tantis
762 2259 829 2318 suis
846 2256 1141 2328 exhortationibus,
1157 2258 1371 2335 quantumuis
1385 2259 1485 2319 etiam
1499 2284 1533 2321 20

289 2349 401 2423 preter
416 2343 702 2422 importunitatem
717 2341 872 2413 honestis,
887 2340 934 2401 nil
949 2340 1059 2401 valeat
1073 2341 1224 2420 recipere.

333 2426 460 2487 Rumor
473 2431 525 2486 est
539 2431 572 2485 te
587 2425 790 2485 moriturum
809 2425 952 2501 isti<n>c,
967 2429 1002 2485 et
1022 2424 1086 2484 huc
1104 2429 1290 2486 venturum.
1335 2423 1398 2485 Vbi
1412 2443 1485 2504 pro·

289 2510 363 2589 pior
374 2509 483 2580 fueris,
492 2510 555 2569 erit
566 2527 679 2568 earum
689 2508 898 2587 pecuniarum
908 2508 970 2568 tibi
983 2506 1257 2568 exsoluendamm
1269 2527 1343 2588 spes
1358 2507 1486 2570 vberIor

288 2612 388 2671 quam
409 2611 496 2653 nunc
512 2597 573 2652 est.
617 2590 689 2651 Iam
706 2596 836 2670 putant,
858 2592 921 2652 etsi
939 2591 1043 2664 viuas,
1061 2591 1213 2652 omnibus
1234 2590 1323 2652 horis
1344 2596 1378 2652 te
1400 2591 1486 2653 celos

288 2678 482 2755 petiturum,
491 2681 526 2736 et
540 2676 586 2735 eis
600 2674 818 2735 solutionibus
829 2693 863 2735 se
876 2675 946 2735 fore
957 2673 1135 2736 absolutos.
1173 2674 1311 2748 Acciuit,
1323 2680 1362 2734 vt
1376 2675 1484 2749 audio,
1499 2700 1531 2750 25

288 2766 323 2820 te
338 2759 442 2819 Maria
456 2759 566 2838 regina
587 2759 638 2818 tui
651 2757 873 2819 deuotissima.
917 2758 980 2818 Vbi
998 2759 1064 2818 iam
1078 2758 1132 2818 ille
1154 2757 1348 2819 relutaueris
1362 2777 1484 2838 uosque

287 2849 322 2903 et
336 2843 478 2922 patriam
493 2842 715 2921 abnegaueris‚
731 2841 825 2903 crede
843 2841 967 2903 multos
980 2841 1033 2902 hic
1052 2842 1101 2902 tui
1121 2841 1246 2903 reditus
1267 2845 1337 2902 tam
1353 2841 1484 2922 longam

287 2927 467 2987 enutritam
482 2944 572 3005 spem
588 2926 622 2986 in
636 2924 896 3004 desperationem
911 2926 1107 2987 abiecturos.

330 3010 429 3070 Mitto
444 3009 506 3070 tibi
523 3028 589 3070 vna
604 3009 666 3070 hec
681 3008 872 3070 fasciculum
886 3009 1100 3089 epistolarum
1115 3029 1136 3070 a
1146 3008 1300 3070 Goelenio
1315 3011 1482 3070 transmis-

288 3113 361 3154 sum
379 3092 469 3165 mihi,
484 3098 519 3154 et
532 3099 611 3154 ante
625 3091 694 3152 dies
712 3092 840 3171 aliquot
853 3095 1001 3155 commisi
1015 3093 1170 3173 pleraque
1188 3092 1253 3154 aha
1269 3092 1483 3173 epistolarum
1496 3119 1530 3168 30

286 3175 443 3237 fascicula
458 3177 580 3257 passim
595 3177 694 3237 missa
708 3176 789 3236 mihi
804 3176 929 3255 tibique
943 3177 1209 3238 transmittenda.
1247 3174 1365 3237 Omnia
1379 3176 1484 3237 direxi

286 3260 470 3339 gestoribus
492 3261 571 3320 meis
596 3258 815 3331 Francfordie,
837 3278 904 3338 quo
926 3259 1025 3320 simul
1048 3261 1301 3321 committantur
1322 3259 1485 3322 Ieronimo

286 3343 457 3405 Frobenio.

327 3426 383 3488 Nil
403 3426 515 3507 prodit
535 3427 631 3488 huius
653 3427 810 3505 temporis
832 3425 940 3488 iatum
962 3428 1085 3507 scriptu
1107 3427 1251 3506 dignum.
1295 3426 1484 3489 Conueutus

287 3508 536 3590 Ratisponensis
551 3511 707 3572 enixurus
720 3510 800 3589 quid
815 3515 876 3584 est,
891 3511 980 3589 quod
997 3511 1094 3572 huius
1105 3510 1206 3572 seculi
1220 3510 1420 3572 tumultibus
1430 3511 1483 3572 vel
1497 3534 1529 3584 35

284 3593 380 3654 dabit
401 3594 470 3655 alas
491 3593 543 3654 vel
566 3593 739 3655 distrahet.
783 3593 917 3654 Vtinam
939 3614 1015 3674 pars
1036 3613 1136 3673 quam
1158 3594 1260 3673 magis
1282 3613 1397 3655 vereor
1417 3613 1483 3656 non

285 3677 481 3738 succederet.

329 3761 416 3820 Bene
438 3759 511 3821 vale
530 3760 718 3821 charissime
738 3780 794 3839 my
816 3761 955 3823 Domine
977 3760 1121 3833 Erasme,
1143 3766 1177 3822 et
1198 3761 1232 3821 ni
1255 3761 1382 3821 veneris
1403 3761 1482 3841 ipse,

286 3843 425 3904 rescribe
440 3843 480 3904 de
494 3845 639 3924 pecuniis
653 3862 711 3923 per
725 3844 926 3905 Ieronimum
941 3844 1142 3924 recipiendis.

326 3926 377 3986 Ex
393 3927 567 4006 Anuerpie.
585 3928 666 3987 xri·.
683 3927 794 3988 Martii
811 3942 901 4004 1532.
1495 3951 1529 4000 40

920 4011 1011 4072 Tuus
1026 4031 1066 4072 ex
1082 4012 1192 4072 animo
1207 4012 1440 4072 sincerissimus

1038 4095 1194 4155 Erasmus
1209 4093 1357 4157 Schetus.

283 4284 310 4344 B
325 4201 531 4299 Amicissimo
546 4202 625 4263 mihi
640 4204 711 4264 viro
725 4202 867 4264 Domino
881 4203 1020 4264 Erasmo
1036 4202 1286 4264 Rotterodamo.
1330 4202 1481 4283 Friburgi

312 4304 445 4365 rrsgoae.

316 4489 341 4536 8.
360 4488 522 4552 epistolem]
534 4488 588 4554 Ep.
601 4489 676 4551 2558.
908 4489 1087 4554 Apparently
1107 4496 1159 4540 not
1179 4488 1362 4555 represented
1382 4489 1411 4539 in
1431 4489 1481 4539 the

319 4569 358 4603 12.
378 4555 523 4617 zachario]
535 4555 652 4620 SeeEp.
667 4569 739 4617 1205.
755 4570 798 4605 1n.
906 4562 1008 4606 extant
1020 4555 1119 4607 letters
1131 4556 1161 4606 ol
1172 4556 1317 4607 Erasmus.

316 4635 357 4681 29.
377 4621 540 4672 fasciculum
562 4659 569 4671 .
591 4660 596 4670 .
618 4659 624 4670 .
651 4635 691 4684 31.
711 4622 855 4683 fascicula]
