4042 5900
434 656 477 716 24
759 653 959 716 LETTERS
977 652 1035 715 ΟΡ
1055 650 1261 716 ERASllUS
1540 653 1632 730 [153⁰

478 813 642 875 Redditae
652 821 731 874 sunt
744 813 841 875 nobis
850 834 870 874 a
879 813 1055 892 Wollango
1066 812 1215 883 Rhemio,
1226 810 1412 872 studiorum
1422 809 1504 872 olim
1514 809 1631 872 duleis·

434 898 519 958 simo
536 897 651 970 sodali,
670 897 785 958 literae
803 898 924 977 quibus
941 899 1123 958 ternicum
1142 894 1630 956 intotoeneorbeinuentum

435 980 641 1060 significabat
660 983 714 1041 cui
734 980 883 1041 Clemens
904 981 941 1041 Ρ.
962 980 1006 1041 hl
1029 989 1063 1040 et
1084 979 1233 1039 diuersae
1253 977 1405 1039 factionis
1426 976 1578 1039 homines
1597 979 1630 1038 in

435 1080 535 1124 musa
551 1064 627 1125 lidei
643 1063 847 1125 Christianae
863 1063 1034 1124 statuendi
1051 1062 1226 1123 arbitrium
1239 1061 1366 1122 deferre
1383 1080 1424 1121 ac
1437 1060 1630 1123 «mecedem

388 1167 422 1218 23
434 1147 603 1208 auderent.
646 1146 719 1220 Qua
736 1167 771 1208 re
785 1147 865 1226 quid
879 1146 934 1207 vel
952 1146 1015 1207 tibi
1032 1146 1292 1225 magnificentius
1306 1145 1360 1205 vel
1373 1151 1448 1205 toto
1462 1144 1537 1205 orbi
1556 1163 1629 1205 cm·

434 1229 609 1291 ducibilius
637 1232 748 1310 potuit
775 1231 943 1291 accideret
991 1229 1079 1290 Nam
1107 1229 1188 1290 dum
1216 1229 1398 1307 litigatores
1426 1236 1461 1289 te
1490 1227 1628 1289 indicem

434 1311 583 1386 laudant,
612 1333 706 1374 suam
738 1334 804 1393 qua
833 1323 932 1374 antea
962 1319 996 1374 te
1027 1312 1218 1374 deferebant
1249 1312 1457 1384 sententiam,
1490 1311 1567 1372 aliis
1597 1319 1629 1373 te

434 1396 658 1458 Lutheranum
683 1397 756 1459 aliis
780 1399 944 1476 papistam
973 1395 1239 1468 vociferantibus,
1265 1394 1426 1455 damnant
1449 1401 1556 1474 atque
1583 1414 1627 1456 re·

433 1480 598 1541 scindunt.
649 1480 933 1553 Quemadmodum
962 1482 1049 1539 enim
1079 1479 1156 1540 odio
1183 1487 1285 1557 atque
1313 1479 1459 1538 amicitia
1488 1477 1628 1539 iudicem

388 1585 422 1634 ³0
434 1571 589 1642 opportet
609 1583 735 1636 vacare,
750 1565 796 1624 sic
812 1572 847 1624 et
866 1565 899 1623 in
918 1572 1071 1624 neutram
1093 1571 1221 1641 partem
1242 1561 1420 1641 procliuem
1435 1580 1474 1621 ac
1488 1580 1626 1641 propen-

433 1665 506 1706 sum
534 1666 603 1708 esse
630 1648 793 1708 conuenit.
844 1646 917 1707 Hac
945 1649 1046 1726 igitur
1074 1647 1237 1706 sententia
1266 1644 1358 1705 velut
1387 1645 1525 1724 spongia
1553 1664 1627 1706 suas

434 1729 544 1790 delent
559 1733 752 1809 aspergines,

474 1812 711 1885 Conditionem‚
727 1813 910 1874 virtutibus
930 1814 1064 1891 quidem
1086 1813 1205 1873 diuinis
1226 1814 1294 1872 tuis
1314 1811 1409 1890 longe
1431 1810 1626 1884 inferiorem,

434 1896 644 1957 honorificam
667 1905 778 1958 tamen
799 1898 1035 1975 dignitatisque
1057 1895 1287 1975 plenissimam,
1303 1914 1324 1955 e
1344 1893 1461 1955 Cesare
1480 1894 1627 1956 oblatam

387 2001 421 2049 35
433 1978 590 2040 intellexi.
614 1979 747 2052 Quodsi
759 1981 806 2040 ita
815 2000 849 2040 se
858 2000 909 2040 res
918 1980 1028 2051 habet,
1037 1979 1164 2059 gaudeo
1175 1979 1273 2039 michi
1282 1978 1344 2039 hoc
1354 1978 1459 2039 telum
1469 1977 1628 2040 aduersus

433 2062 623 2123 tabularum
646 2065 777 2124 insanos
799 2064 957 2124 clamores
981 2064 1099 2123 datum
1122 2083 1200 2123 case.
1243 2061 1492 2123 Christianismo
1514 2067 1628 2123 autem

433 2145 635 2206 labefactata
648 2148 713 2206 ism
728 2149 894 2208 variarum
908 2148 1099 2226 opinionum
1113 2146 1271 2207 arietibus
1285 2144 1359 2206 ideo
1377 2144 1528 2225 gratulor
1540 2144 1629 2225 quod

433 2237 472 2289 tu
485 2236 520 2290 et
535 2238 759 2309 propugnator
773 2237 808 2291 et
822 2232 1025 2290 instaurator
1039 2231 1222 2308 contigeris.
1267 2228 1369 2290 Porro
1386 2228 1449 2288 hiis
1462 2229 1521 2308 qui
1538 2247 1562 2289 a
1576 2229 1629 2290 via

432 2313 628 2373 aberrarunt
653 2315 807 2384 iustitiae,
834 2333 957 2392 precor,
983 2321 1021 2373 vt
1051 2312 1199 2373 Christus
1227 2320 1296 2392 opt.
1320 2331 1408 2373 max.
1438 2318 1474 2372 te
1501 2312 1629 2374 medmo

385 2416 420 2466 40
433 2403 558 2457 mentes
577 2395 707 2457 illorum
729 2404 763 2457 et
783 2396 968 2456 illuminare
986 2404 1021 2456 et
1041 2415 1156 2456 sanare
1176 2396 1337 2474 dignetur.
1381 2393 1553 2475 Cuperem,
1568 2395 1630 2457 nisi

433 2479 607 2540 molestum
622 2489 717 2552 esset,
733 2479 774 2539 de
789 2480 851 2539 hiis
865 2480 1018 2540 omnibus
1033 2480 1102 2540 fieri
1116 2482 1244 2539 certior.

474 2561 536 2636 Qui
559 2563 619 2623 has
638 2563 700 2624 tibi
717 2563 835 2635 reddit,
858 2564 970 2624 literas
988 2562 1197 2624 humaniores
1216 2563 1268 2622 hio
1285 2560 1478 2642 profitetur;
1501 2562 1546 2624 ob
1568 2561 1629 2625 hoc

431 2646 526 2706 nobis
540 2647 748 2707 charissimus
768 2646 858 2724 quod
878 2646 918 2706 de
934 2654 968 2706 te
983 2644 1307 2707 honorificentissime
1321 2653 1356 2706 et
1370 2647 1473 2706 sentit
1486 2652 1523 2707 et
1536 2665 1629 2726 prae-

430 2728 530 2790 dicat.
574 2729 660 2790 Huic
675 2739 765 2790 certo
779 2732 966 2790 committes
980 2731 1099 2791 omnia.
1144 2728 1266 2808 Viglius
1281 2736 1392 2790 noster
1406 2728 1546 2790 sollicite
1559 2749 1583 2791 a
1596 2736 1630 2792 te

384 2833 417 2884 45
430 2811 542 2873 literas
556 2819 720 2892 expectat,
737 2813 904 2873 Lutetiam
924 2833 943 2873 a
958 2816 1072 2892 paucis
1087 2813 1202 2873 diebus
1217 2812 1393 2892 proiectus.
1438 2811 1529 2874 Bene
1543 2814 1629 2888 vale,

430 2895 600 2957 literarum
615 2895 713 2957 decus
727 2897 866 2975 fideique
880 2896 1061 2958 catholicae
1076 2896 1215 2975 asylum.

472 2980 685 3060 Biturigibus,
702 2981 805 3060 pridie
819 2980 952 3041 Calend.
968 2978 1134 3060 Septemb.
1151 2980 1247 3040 Anno
1264 2994 1353 3057 1530.

889 3064 963 3125 Tibi
978 3064 1210 3124 deuotissimus
1224 3063 1360 3124 Carolus
1374 3061 1572 3143 Sucquetus.

473 3171 513 3232 D.
541 3173 679 3233 Erasmo
704 3172 939 3244 Roterodamo,
966 3174 1109 3233 sincerae
1137 3170 1320 3251 theologiae
1348 3177 1451 3250 atque
1479 3174 1631 3236 omnium

384 3276 418 3326 ιο
430 3253 675 3334 disciplinarum
690 3258 865 3335 praecipuo
880 3257 1102 3317 instauratori.
1147 3255 1306 3334 Friburgi.

765 3481 866 3542 2374.
913 3475 1137 3541 moncons
1154 3475 1292 3540 Fessa.

468 3586 598 3643 Breelau
612 3586 675 3642 MS.
690 3587 790 3641 Rehd.
805 3601 870 3656 254.
884 3591 930 3642 62.
1358 3586 1532 3658 Augeburg.

466 3662 626 3717 Horawitz
639 3662 680 3716 iv.
695 3664 758 3731 778.
1282 3677 1294 3716 1
1311 3662 1492 3733 September
1506 3676 1591 3733 1530.

463 3766 521 3826 [An
537 3764 655 3842 original
672 3764 765 3823 letter,
778 3766 892 3814 written
908 3765 948 3843 by
963 3781 981 3815 a
992 3770 1143 3828 secretary,
1156 3764 1255 3829 signed
1271 3764 1310 3828 by
1322 3764 1427 3822 Faber
1445 3765 1496 3814 the
1509 3765 1630 3818 addren

429 3831 680 3964 zlpeppgppnuirspipg
707 3832 766 3881 The
778 3847 856 3895 year·
848 3832 945 3881 ·'date
937 3848 961 3882 is
973 3831 1126 3881 confirmed
1134 3832 1173 3895 by
1182 3831 1281 3881 Faber'
1284 3847 1298 3880 s
1310 3846 1443 3896 presence
1453 3837 1486 3881 at
1497 3831 1550 3884 the
1560 3833 1629 3885 Diet

471 3987 503 4049 S.
547 3989 647 4049 Miror
665 3989 807 4067 quidem,
827 3989 961 4050 Erasmc
982 3989 1177 4062 doctissime,
1198 4008 1278 4048 num
1297 3989 1405 4049 adhuc
1421 4006 1525 4066 vsque
1542 3987 1628 4050 adeo

430 4071 594 4133 tumultus
605 4072 797 4133 Germaniae
809 4073 935 4133 timeas.
966 4072 1007 4132 Id
1018 4092 1115 4152 porro
1126 4072 1166 4132 de
1178 4092 1230 4132 me
1241 4072 1302 4132 tihi
1312 4070 1506 4151 persuadere
1515 4070 1626 4147 debes,

429 4155 519 4234 quod
538 4156 579 4216 de
598 4156 744 4228 Erasmo,
767 4157 794 4215 si
809 4156 889 4235 quid
907 4156 1094 4217 huiusmodi
1109 4155 1292 4216 timendum
1311 4155 1407 4227 foret,
1425 4154 1500 4233 plus
1520 4173 1626 4217 essem

428 4237 587 4299 sollicitus
608 4257 708 4317 quam
729 4239 770 4299 de
792 4239 889 4300 rebus
909 4240 999 4299 meis.
1043 4238 1120 4300 Non
1140 4240 1227 4299 enim
1246 4238 1345 4299 modo
1361 4245 1395 4299 te
1415 4236 1626 4300 admonerem

399 4327 567 4395 mature,
582 4341 697 4383 verum
718 4324 819 4383 etiam
841 4341 907 4401 quo
928 4328 962 4383 te
979 4328 1056 4383 tuto
1072 4324 1223 4401 recipere,
1239 4341 1305 4383 non
1322 4323 1390 4383 tuis
1409 4321 1466 4381 sed
1484 4320 1525 4382 R.
1546 4321 1625 4384 ΜΨ.

427 4405 622 4485 sumptibus,
635 4405 776 4466 deberes.
814 4405 921 4478 Quare
934 4424 1068 4486 prorsus
1081 4424 1122 4465 ex
1136 4407 1246 4467 animo
1255 4405 1358 4466 abiice
1369 4405 1410 4465 de
1425 4404 1522 4465 rebus
1536 4404 1625 4466 hisee

462 4540 538 4590 2373.
557 4554 598 4591 21.
617 4539 878 4604 Rhemio]SeeEp.
891 4554 966 4605 2419.
1086 4552 1127 4604 42.
1146 4539 1201 4599 Qui
1221 4539 1283 4600 has]
1310 4539 1437 4603 Perhaps
1463 4538 1513 4589 the
1539 4538 1625 4590 ‘Hel-

462 4619 503 4670 23.
522 4606 660 4669 Clemens]
687 4606 830 4657 Rumours
858 4606 915 4656 like
942 4607 1001 4657 this
1052 4607 1147 4657 aetius
1168 4606 1312 4671 quidam',
1332 4606 1396 4656 who
1415 4620 1473 4655 was
1578 4605 1584 4618 ⁸

427 4672 485 4724 and
496 4673 631 4724 thetoll.
644 4672 798 4738 4indioate
813 4673 864 4724 the
874 4674 1000 4751 position
1051 4673 1143 4724 Greek
1150 4688 1204 4723 one
1212 4674 1284 4723 honr
1290 4676 1324 4732 <a
1331 4672 1419 4738 day):
1436 4671 1573 4724 seeVZE.
1582 4686 1624 4724 ιι.

426 4740 519 4790 which
526 4740 661 4790 Erasmus
670 4738 877 4804 heldmpubhc
886 4741 999 4790 estima
1082 4739 1262 4805 Vighus]
1271 4739 1316 4790 He
1323 4755 1381 4790 was
1389 4739 1486 4790 st111at
1497 4739 1625 4805 Boni-gea

427 4807 498 4858 tion.
533 4806 613 4872 They
662 4807 714 4856 rhe
756 4812 897 4858 aroseout
908 4807 938 4856 ol
949 4807 1000 4857 the
1050 4821 1087 4857 on
1082 4757 1135 4857 442ι
1155 4807 1220 4872 Aug
1222 4807 1340 4867 ..(VZE
1361 4807 1412 4867 12),
1430 4805 1489 4856 and
1506 4805 1623 4858 hedre-

739 4873 833 4937 by
847 4873 981 4939 Campegr
974 4875 999 4924 ὀ
1051 4822 1311 4938 turnedbyhOct

425 4880 669 4991 anuGettinai-a.
669 4879 733 4990 tosese
749 4889 998 5005 Eppy2328.62n‚
1083 4939 1626 5002 m74.1-6.Mimr...dobores]ct.

426 5009 502 5071 2336.
514 5020 555 5057 22.
1049 5005 1105 5072 Ep
1118 5010 1193 5071 2360.
1207 5021 1298 5068 19-22.
