4042 5900
319 670 415 751 2476]
681 670 941 734 romrour
961 670 1141 734 ausona
1452 674 1514 734 249

318 834 354 890 et
372 830 589 909 supercilium.
632 830 679 891 At
697 850 794 910 quem
812 831 955 892 inuenire
973 837 1025 891 est
1043 851 1084 892 ex
1099 830 1268 892 mediocris
1283 849 1397 892 census
1410 849 1513 911 grege,

319 914 372 973 cui
391 932 452 992 par
468 914 512 974 sit
528 932 657 975 morum
675 916 822 987 comitas,
837 913 978 975 facilitas
996 934 1034 975 ac
1049 913 1267 975 verecundia?
1310 912 1422 975 Solent
1436 933 1514 994 opes

319 996 371 1056 sui
385 997 474 1057 sitim
488 998 641 1069 excitare,
656 997 750 1058 velut
763 997 909 1078 hydrops
923 998 1067 1076 quidam.
1112 997 1162 1058 Tu
1182 1003 1306 1070 contra,
1322 998 1412 1075 quod
1426 997 1514 1059 vitro
1530 1017 1560 1066 ¹5

319 1080 353 1138 in
367 1085 401 1139 te
415 1079 555 1140 effundit
568 1081 710 1141 numinis
724 1080 916 1159 benignitas,
931 1079 1003 1141 aliis
1018 1082 1129 1161 potius
1147 1080 1265 1141 habere
1280 1080 1400 1141 videris
1414 1099 1514 1159 quam

319 1161 390 1234 tibi,
406 1181 481 1223 vere
500 1163 692 1224 diuitiarum
707 1163 867 1237 dominus,
882 1170 922 1224 vt
943 1165 976 1224 in
991 1183 1088 1242 quem
1104 1164 1178 1225 illae
1191 1162 1273 1224 nihil
1287 1165 1365 1224 iuris
1381 1163 1512 1237 habent,

319 1245 376 1305 sed
391 1245 453 1306 tibi
468 1251 527 1309 tuo
541 1246 704 1308 arbitratu
714 1248 871 1308 seruiunt.
901 1246 1025 1308 Beatus
1037 1247 1225 1320 Rhenanus,
1237 1247 1335 1308 homo
1345 1248 1514 1326 insigniter

319 1327 477 1402 eruditus,
498 1330 532 1390 in
552 1329 692 1409 epistola
713 1330 857 1410 quadam
878 1330 922 1391 ad
944 1330 983 1391 D.
1000 1330 1190 1411 Philippum
1204 1330 1453 1392 Puchaimerum
1468 1332 1513 1391 sic

320 1410 470 1490 depinxit
483 1413 579 1474 aedes
594 1418 679 1487 tuas,
694 1432 777 1492 quas
792 1413 1014 1494 Polyphemus
1032 1413 1112 1474 mihi
1126 1433 1242 1494 parum
1253 1413 1413 1475 rhetorice
1427 1433 1512 1474 com·
1527 1434 1560 1469 20

320 1494 498 1570 mandauit,
524 1503 563 1557 vt
586 1497 612 1557 si
636 1516 692 1558 eas
716 1497 849 1558 fuissem
872 1498 961 1557 omni
983 1516 1024 1557 ex
1053 1503 1147 1576 parte
1171 1496 1422 1577 contemplatus,
1448 1516 1514 1558 non

320 1577 437 1638 fuerim
452 1580 583 1640 visurus
597 1579 746 1659 amplius.
790 1578 855 1640 Sed
873 1586 1000 1658 quanta
1020 1580 1178 1641 felicitate
1195 1599 1247 1641 me
1262 1580 1383 1660 spoliat
1397 1580 1514 1641 horum

321 1666 506 1740 temporum
527 1663 706 1741 iniquitas?
748 1662 882 1724 Vtinam
902 1664 1084 1742 propicium
1105 1663 1240 1742 aliquod
1260 1682 1381 1724 numen
1402 1663 1514 1724 ciuiles

320 1745 486 1807 tumultus
499 1752 610 1807 arceat
624 1766 645 1807 a
658 1744 840 1807 Germania.
877 1745 941 1807 Sed
955 1746 1141 1825 ubicunque
1155 1746 1299 1808 locorum
1314 1746 1386 1807 fata
1401 1746 1515 1807 volent

320 1845 389 1888 esse
408 1828 592 1902 Erasmum
611 1829 656 1890 ibi
677 1830 760 1890 scito
780 1828 931 1890 futurum
953 1829 1088 1890 Antonii
1110 1829 1247 1909 Fuggeri
1269 1830 1438 1908 totiusque
1456 1848 1512 1890 no·
1528 1847 1559 1896 25

322 1911 418 1972 minis
429 1912 596 1992 Fuggerici
611 1912 894 1973 studiosissimum.

369 1996 431 2056 Pro
442 1995 557 2075 lagena
566 1997 634 2056 vini
645 2014 744 2074 quam
753 2015 811 2074 per
822 1995 923 2057 alium
934 1997 1081 2075 aurigam
1091 1997 1218 2068 misisti,
1232 2015 1291 2076 per
1304 1996 1442 2057 eundem
1457 1996 1515 2076 qui

321 2079 439 2143 attulit
448 2081 571 2158 gratias
581 2080 641 2158 egi.
685 2077 748 2139 Sed
759 2080 958 2157 quoniamst
968 2078 1023 2140 ille
1035 2086 1142 2140 vtrem
1151 2078 1294 2140 reddidit
1302 2079 1404 2140 nihilo
1412 2080 1513 2160 pleni·

321 2183 410 2226 orem
416 2183 516 2241 quam
522 2162 944 2241 reddideratPolyphemus,
951 2182 1055 2241 eaque
1063 2163 1104 2224 de
1113 2168 1292 2241 requestus
1301 2168 1352 2223 est
1360 2162 1513 2235 famulus,

321 2249 389 2310 fieri
401 2247 521 2326 potuit,
533 2251 573 2306 vt
586 2245 759 2326 epistolam
774 2245 817 2306 ad
832 2252 865 2306 te
880 2265 986 2306 meam
1001 2247 1225 2326 suppresserit,
1240 2252 1388 2307 metuens
1402 2265 1443 2307 ne
1457 2266 1515 2326 per
1528 2264 1561 2314 30

321 2332 413 2394 illam
427 2330 629 2410 proderetur.
673 2328 745 2390 Hoc
759 2348 798 2389 eo
812 2329 918 2389 scribo
932 2329 1022 2408 quod
1037 2330 1165 2391 videam
1181 2327 1355 2390 Cholerum
1370 2331 1514 2403 anxium,

321 2435 362 2476 ne
377 2415 490 2475 vinum
504 2414 666 2492 posterius
680 2413 816 2473 missum
826 2431 892 2473 non
907 2413 951 2473 sit
961 2412 1136 2474 redditum.
1180 2411 1316 2473 Caetera
1330 2432 1410 2474 vasa
1421 2418 1516 2474 erant

322 2499 429 2579 plena.
472 2495 506 2557 Si
525 2496 605 2573 quid
626 2495 694 2557 tale
715 2495 914 2557 mittendum
930 2502 1026 2568 esset,
1044 2497 1116 2557 vasi
1133 2494 1220 2556 fideli
1240 2495 1384 2574 beneque
1405 2497 1515 2576 picato

322 2586 488 2662 oporteret
496 2580 709 2652 committere,
721 2578 891 2640 addendus
901 2585 987 2639 esset
997 2578 1102 2652 fucus,
1112 2580 1207 2657 quasi
1216 2579 1260 2640 ad
1269 2578 1370 2639 alium
1380 2597 1515 2657 magnae

322 2664 513 2726 autoritatis
519 2664 626 2723 virum
632 2664 829 2723 mitteretur.
852 2661 960 2736 Quum
966 2662 1107 2723 audiunt
1114 2662 1336 2723 adErasmum
1342 2661 1515 2741 hospitem,
1528 2679 1561 2728 35

322 2754 444 2829 putant
458 2746 619 2807 obiectam
634 2744 790 2825 praedam
805 2745 928 2824 absque
942 2746 1094 2824 periculo.
1139 2745 1226 2806 Bene
1241 2744 1323 2806 vale.

364 2831 489 2892 Datum
503 2829 653 2908 Friburgi
667 2828 779 2908 pridie.
795 2827 879 2889 Non.
895 2827 1025 2908 Aprilis.
1041 2845 1211 2890 mnxxxn

577 3146 676 3206 2477.
724 3140 831 3205 Pacu
855 3139 1032 3206 01101111
1056 3139 1262 3207 Luscnuus.

360 3271 483 3342 Leipzig
494 3269 559 3326 MS.
1266 3269 1458 3340 (Freiburg.)

360 3347 424 3401 ΕΕ.
442 3361 504 3414 150.
1262 3364 1280 3416 4
1293 3344 1382 3416 April
1397 3359 1479 3413 1531.

357 3464 414 3525 [An
433 3465 552 3529 original
571 3464 666 3524 letter,
686 3464 847 3528 autograph
869 3463 1055 3528 throughout.
1090 3463 1150 3514 The
1170 3464 1310 3513 reference
1329 3469 1361 3514 ιο
1383 3462 1518 3523 Quirinus

323 3539 452 3596 suggests
472 3533 538 3582 that
557 3531 705 3582 Luscinius
725 3546 783 3581 was
803 3530 916 3594 writing
933 3531 1007 3580 irem
1030 3530 1177 3594 Freiburg.
1211 3528 1345 3589 Quirinus
1367 3546 1425 3580 was
1447 3530 1517 3581 with

322 3598 458 3649 Erasmus
469 3613 507 3647 cn
519 3611 551 3660 25
564 3598 661 3649 March
674 3611 748 3660 1531,
760 3597 836 3647 since
848 3597 902 3661 Ep.
916 3599 982 3660 2462
998 3597 1023 3646 is
1035 3596 1188 3646 addressed
1201 3596 1231 3646 in
1245 3597 1289 3646 his
1300 3596 1394 3655 hand;
1412 3597 1470 3647 and
1481 3597 1518 3646 he

323 3664 416 3715 would
428 3680 504 3714 seem
522 3671 574 3714 not
590 3670 622 3715 ιο
636 3664 710 3714 have
723 3663 777 3714 leit
788 3664 884 3713 before
897 3664 928 3713 18
940 3663 1031 3728 April,
1043 3665 1120 3713 since
1133 3663 1169 3713 he
1180 3677 1238 3714 was
1249 3663 1299 3714 the
1311 3663 1409 3714 bearer
1419 3665 1450 3714 oi
1461 3664 1516 3729 Ep.

323 3733 403 3796 24873
422 3747 468 3782 see
480 3732 535 3797 Ep.
547 3746 622 3796 ²494·
658 3730 714 3781 For
724 3730 872 3781 Luscinius
883 3745 930 3779 see
941 3729 996 3795 Ep.
1008 3743 1067 3792 ³02·
1082 3730 1155 3792 ron]

365 3837 396 3899 S.
407 3839 447 3899 D.
478 3836 755 3918 occupatissimus
769 3838 915 3897 omnium
929 3836 973 3897 ad
987 3843 1021 3898 te
1036 3838 1101 3897 iam
1113 3836 1228 3909 scribo,
1239 3838 1518 3916 praestantissime

324 3922 364 3982 D.
386 3921 539 3994 Erasme;
561 3922 634 3982 ideo
652 3941 712 4002 pro
734 3927 794 3982 tua
814 3920 1017 3999 benignitate
1038 3921 1183 3999 ignosces
1204 3920 1352 3981 ruditati.
1396 3919 1518 3981 Incidit

323 4005 403 4065 mihi
419 4005 486 4065 heri
501 4006 535 4065 in
550 4011 702 4076 mentem,
714 4005 863 4083 protinus
872 4003 929 4063 vbi
941 4001 1068 4064 abierat
1082 4024 1103 4064 a
1117 4023 1169 4064 me
1183 4010 1294 4065 noster
1307 4002 1469 4077 Quirinus,
1479 4009 1519 4064 vt

324 4095 358 4149 te
373 4091 542 4149 certiorem
557 4088 650 4149 reddi
664 4087 818 4159 iuberem,
834 4087 862 4147 si
877 4088 1046 4167 quippiam
1062 4087 1124 4147 tibi
1138 4092 1223 4147 esset
1236 4088 1360 4166 negocii
1374 4086 1518 4148 Bizantii

324 4171 604 4250 Burgundionum,
627 4171 778 4250 Lugduni
802 4175 863 4230 aut
887 4171 921 4229 in
947 4176 1024 4231 vtra
1045 4170 1139 4230 malis
1162 4169 1315 4231 Rhodani
1336 4171 1408 4250 ripa
1430 4173 1546 4249 (posts

325 4260 491 4334 peractam
506 4256 592 4314 enim
612 4253 753 4333 paschae
774 4252 998 4314 celebritatem
1019 4253 1090 4314 Deo
1109 4254 1239 4333 auspice
1259 4272 1333 4313 oras
1350 4252 1423 4314 illas
1444 4272 1517 4314 sum

324 4339 510 4417 petiturus),
523 4356 574 4397 me
586 4337 779 4398 effecturum
794 4343 833 4396 vt
847 4354 951 4414 neque
965 4336 1064 4398 fidem
1078 4354 1183 4414 neque
1194 4335 1395 4415 diligentiam
1410 4337 1444 4396 in
1455 4355 1517 4408 me,

324 4423 382 4498 qui
404 4426 496 4481 totus
518 4440 589 4481 sum
612 4427 701 4493 tuus,
719 4421 879 4498 requirere
900 4420 1014 4498 possis.
1059 4419 1198 4480 Proinde
1219 4421 1328 4480 estin
1350 4438 1417 4498 quo
1437 4418 1518 4479 mihi

325 4505 404 4564 mire
423 4506 507 4565 citra
526 4502 630 4565 vllum
652 4503 858 4583 dispendium
877 4501 1054 4581 gratificari
1075 4521 1186 4581 queas,
1202 4503 1229 4563 si
1250 4502 1356 4564 doctis
1377 4502 1519 4563 scribens

748 4637 824 4687 2476.
844 4650 883 4701 17.
901 4636 965 4687 illae
976 4637 1040 4687 cdd.
1053 4637 1092 4687 K.

358 4823 432 4873 2476.
454 4837 493 4883 19.
511 4821 644 4888 epistola]
661 4820 748 4872 Bas.
766 4834 826 4887 274,
846 4835 895 4887 pp.
981 4835 1023 4884 30.
1040 4819 1201 4887 epistolam]
1213 4820 1273 4872 Not
1283 4824 1394 4908 extant.
1462 4886 1468 4898 ·

325 4903 620 5017 ³⁹³·i3uehaunerum]
655 4954 806 5020 Physician
840 4955 898 5006 and
948 4886 1519 5020 ”dhigomggffflodaeffay

325 5022 482 5073 Ccuncillor
492 5029 525 5074 ιο
533 5022 634 5074 Albert
642 5023 672 5074 oi
682 5021 897 5088 Brandenburg.
983 5021 1059 5071 24⁷⁷.
1077 5023 1103 5072 6.
1122 5021 1256 5087 paschae]
1267 5035 1285 5082 9
1295 5020 1378 5086 April
1390 5033 1463 5084 1531.
