<?xml version="1.0" encoding="UTF-8"?>
<!DOCTYPE html PUBLIC "-//W3C//DTD XHTML 1.0 Transitional//EN"
    "http://www.w3.org/TR/xhtml1/DTD/xhtml1-transitional.dtd">
<html xmlns="http://www.w3.org/1999/xhtml" xml:lang="en" lang="en">
 <head>
  <title>
</title>
<meta http-equiv="Content-Type" content="text/html;charset=utf-8" />
  <meta name='ocr-system' content='tesseract 3.04.00' />
  <meta name='ocr-capabilities' content='ocr_page ocr_carea ocr_par ocr_line ocrx_word'/>
</head>
<body>
  <div class='ocr_page' id='page_1' title='image "./opusepistolarum02garrgoog_0259.png"; bbox 0 0 4042 5900; ppageno 0'>
   <div class='ocr_carea' id='block_1_1' title="bbox 310 674 1505 755">
    <p class='ocr_par' dir='ltr' id='par_1_1' title="bbox 310 674 1505 755">
     <span class='ocr_line' id='line_1_1' title="bbox 310 674 1505 755; baseline 0.003 -19"><span class='ocrx_word' id='word_1_1' title='bbox 310 675 405 755; x_wconf 81' lang='lat'>2466]</span> <span class='ocrx_word' id='word_1_2' title='bbox 637 675 693 739; x_wconf 83' lang='lat' dir='ltr'><strong>ro</strong></span> <span class='ocrx_word' id='word_1_3' title='bbox 715 674 897 739; x_wconf 71' lang='lat' dir='ltr'><strong>meones</strong></span> <span class='ocrx_word' id='word_1_4' title='bbox 919 675 1175 739; x_wconf 74' lang='lat' dir='ltr'><strong>suassaius</strong></span> <span class='ocrx_word' id='word_1_5' title='bbox 1444 679 1505 739; x_wconf 81' lang='lat'><strong>225</strong></span> 
     </span>
    </p>
   </div>
   <div class='ocr_carea' id='block_1_2' title="bbox 307 834 1553 4500">
    <p class='ocr_par' dir='ltr' id='par_1_2' title="bbox 307 834 1553 3583">
     <span class='ocr_line' id='line_1_2' title="bbox 308 834 1552 917; baseline 0.005 -21"><span class='ocrx_word' id='word_1_6' title='bbox 308 834 388 914; x_wconf 89' lang='lat' dir='ltr'><strong>quid</strong></span> <span class='ocrx_word' id='word_1_7' title='bbox 403 854 476 896; x_wconf 89' lang='lat' dir='ltr'><strong>mea</strong></span> <span class='ocrx_word' id='word_1_8' title='bbox 489 854 589 895; x_wconf 90' lang='lat' dir='ltr'><strong>causa</strong></span> <span class='ocrx_word' id='word_1_9' title='bbox 598 835 728 896; x_wconf 88' lang='lat' dir='ltr'><strong>molesti</strong></span> <span class='ocrx_word' id='word_1_10' title='bbox 737 835 866 897; x_wconf 90' lang='lat' dir='ltr'><strong>accidat</strong></span> <span class='ocrx_word' id='word_1_11' title='bbox 874 836 1023 897; x_wconf 90' lang='lat' dir='ltr'><strong>candidis</strong></span> <span class='ocrx_word' id='word_1_12' title='bbox 1032 837 1155 909; x_wconf 92' lang='lat' dir='ltr'><strong>amicis,</strong></span> <span class='ocrx_word' id='word_1_13' title='bbox 1166 836 1315 897; x_wconf 77' lang='lat' dir='ltr'><strong>acerbius</strong></span> <span class='ocrx_word' id='word_1_14' title='bbox 1325 837 1395 898; x_wconf 88' lang='lat' dir='ltr'><strong>iero</strong></span> <span class='ocrx_word' id='word_1_15' title='bbox 1406 857 1505 916; x_wconf 91' lang='lat' dir='ltr'><strong>quam</strong></span> <span class='ocrx_word' id='word_1_16' title='bbox 1520 868 1552 917; x_wconf 84' lang='lat'><strong>²5</strong></span> 
     </span>
     <span class='ocr_line' id='line_1_3' title="bbox 308 919 1507 999; baseline 0.002 -19"><span class='ocrx_word' id='word_1_17' title='bbox 308 926 436 980; x_wconf 76' lang='lat' dir='ltr'><strong>atroces</strong></span> <span class='ocrx_word' id='word_1_18' title='bbox 450 919 484 979; x_wconf 92' lang='lat' dir='ltr'><strong>in</strong></span> <span class='ocrx_word' id='word_1_19' title='bbox 498 937 608 979; x_wconf 90' lang='lat' dir='ltr'><strong>meum</strong></span> <span class='ocrx_word' id='word_1_20' title='bbox 622 920 724 998; x_wconf 87' lang='lat' dir='ltr'><strong>ipsius</strong></span> <span class='ocrx_word' id='word_1_21' title='bbox 738 925 839 999; x_wconf 91' lang='lat' dir='ltr'><strong>caput</strong></span> <span class='ocrx_word' id='word_1_22' title='bbox 857 919 1140 981; x_wconf 76' lang='lat' dir='ltr'><strong>debacchationes.</strong></span> <span class='ocrx_word' id='word_1_23' title='bbox 1184 919 1273 980; x_wconf 95' lang='lat' dir='ltr'><strong>Illud</strong></span> <span class='ocrx_word' id='word_1_24' title='bbox 1292 926 1405 982; x_wconf 90' lang='lat' dir='ltr'><strong>tamen</strong></span> <span class='ocrx_word' id='word_1_25' title='bbox 1425 922 1507 982; x_wconf 92' lang='lat' dir='ltr'><strong>mihi</strong></span> 
     </span>
     <span class='ocr_line' id='line_1_4' title="bbox 308 1001 1506 1084; baseline 0.002 -21"><span class='ocrx_word' id='word_1_26' title='bbox 308 1003 404 1081; x_wconf 90' lang='lat' dir='ltr'><strong>longe</strong></span> <span class='ocrx_word' id='word_1_27' title='bbox 421 1002 553 1081; x_wconf 90' lang='lat' dir='ltr'><strong>grauius</strong></span> <span class='ocrx_word' id='word_1_28' title='bbox 567 1001 667 1074; x_wconf 91' lang='lat' dir='ltr'><strong>dolet,</strong></span> <span class='ocrx_word' id='word_1_29' title='bbox 682 1003 771 1081; x_wconf 91' lang='lat' dir='ltr'><strong>quod</strong></span> <span class='ocrx_word' id='word_1_30' title='bbox 785 1004 924 1065; x_wconf 89' lang='lat' dir='ltr'><strong>istorum</strong></span> <span class='ocrx_word' id='word_1_31' title='bbox 939 1004 1140 1082; x_wconf 91' lang='lat' dir='ltr'><strong>intemperiis</strong></span> <span class='ocrx_word' id='word_1_32' title='bbox 1157 1009 1192 1063; x_wconf 90' lang='lat' dir='ltr'><strong>et</strong></span> <span class='ocrx_word' id='word_1_33' title='bbox 1205 1003 1338 1084; x_wconf 90' lang='lat' dir='ltr'><strong>publica</strong></span> <span class='ocrx_word' id='word_1_34' title='bbox 1350 1003 1506 1065; x_wconf 86' lang='lat' dir='ltr'><strong>Christia-</strong></span> 
     </span>
     <span class='ocr_line' id='line_1_5' title="bbox 308 1085 1507 1166; baseline 0.002 -20"><span class='ocrx_word' id='word_1_35' title='bbox 308 1104 427 1146; x_wconf 91' lang='lat' dir='ltr'><strong>norum</strong></span> <span class='ocrx_word' id='word_1_36' title='bbox 441 1104 508 1165; x_wconf 83' lang='lat' dir='ltr'><strong>pax</strong></span> <span class='ocrx_word' id='word_1_37' title='bbox 522 1085 811 1165; x_wconf 87' lang='lat' dir='ltr'><strong>tranquillitasque</strong></span> <span class='ocrx_word' id='word_1_38' title='bbox 825 1087 990 1166; x_wconf 82' lang='lat' dir='ltr'><strong>rumpitur</strong></span> <span class='ocrx_word' id='word_1_39' title='bbox 1004 1086 1212 1147; x_wconf 90' lang='lat' dir='ltr'><strong>etmalorum</strong></span> <span class='ocrx_word' id='word_1_40' title='bbox 1222 1087 1415 1165; x_wconf 87' lang='lat' dir='ltr'><strong>improbitas</strong></span> <span class='ocrx_word' id='word_1_41' title='bbox 1431 1088 1507 1149; x_wconf 92' lang='lat' dir='ltr'><strong>odio</strong></span> 
     </span>
     <span class='ocr_line' id='line_1_6' title="bbox 308 1168 1505 1249; baseline 0.002 -20"><span class='ocrx_word' id='word_1_42' title='bbox 308 1174 428 1248; x_wconf 90' lang='lat' dir='ltr'><strong>grauat</strong></span> <span class='ocrx_word' id='word_1_43' title='bbox 441 1169 542 1229; x_wconf 90' lang='lat' dir='ltr'><strong>etiam</strong></span> <span class='ocrx_word' id='word_1_44' title='bbox 562 1168 636 1229; x_wconf 93' lang='lat' dir='ltr'><strong>illos</strong></span> <span class='ocrx_word' id='word_1_45' title='bbox 655 1170 713 1247; x_wconf 93' lang='lat' dir='ltr'><strong>qui</strong></span> <span class='ocrx_word' id='word_1_46' title='bbox 732 1170 766 1229; x_wconf 92' lang='lat' dir='ltr'><strong>in</strong></span> <span class='ocrx_word' id='word_1_47' title='bbox 785 1169 933 1249; x_wconf 90' lang='lat' dir='ltr'><strong>probatis</strong></span> <span class='ocrx_word' id='word_1_48' title='bbox 953 1170 1123 1230; x_wconf 85' lang='lat' dir='ltr'><strong>ordinibus</strong></span> <span class='ocrx_word' id='word_1_49' title='bbox 1137 1189 1248 1230; x_wconf 88' lang='lat' dir='ltr'><strong>veram</strong></span> <span class='ocrx_word' id='word_1_50' title='bbox 1269 1176 1439 1231; x_wconf 90' lang='lat' dir='ltr'><strong>sectantur</strong></span> <span class='ocrx_word' id='word_1_51' title='bbox 1457 1190 1505 1231; x_wconf 89' lang='lat' dir='ltr'><strong>re-</strong></span> 
     </span>
     <span class='ocr_line' id='line_1_7' title="bbox 309 1249 1553 1334; baseline 0.005 -22"><span class='ocrx_word' id='word_1_52' title='bbox 309 1252 471 1331; x_wconf 87' lang='lat' dir='ltr'><strong>ligionem.</strong></span> <span class='ocrx_word' id='word_1_53' title='bbox 515 1249 623 1325; x_wconf 83' lang='lat' dir='ltr'><strong>Quum</strong></span> <span class='ocrx_word' id='word_1_54' title='bbox 637 1253 725 1312; x_wconf 90' lang='lat' dir='ltr'><strong>enim</strong></span> <span class='ocrx_word' id='word_1_55' title='bbox 740 1252 927 1314; x_wconf 90' lang='lat' dir='ltr'><strong>columbina</strong></span> <span class='ocrx_word' id='word_1_56' title='bbox 947 1252 1140 1333; x_wconf 88' lang='lat' dir='ltr'><strong>simplicitas</strong></span> <span class='ocrx_word' id='word_1_57' title='bbox 1159 1272 1197 1313; x_wconf 93' lang='lat' dir='ltr'><strong>ac</strong></span> <span class='ocrx_word' id='word_1_58' title='bbox 1216 1272 1372 1332; x_wconf 91' lang='lat' dir='ltr'><strong>germana</strong></span> <span class='ocrx_word' id='word_1_59' title='bbox 1392 1273 1505 1331; x_wconf 87' lang='lat' dir='ltr'><strong>synce·</strong></span> <span class='ocrx_word' id='word_1_60' title='bbox 1519 1284 1553 1334; x_wconf 83' lang='lat'><strong>30</strong></span> 
     </span>
     <span class='ocr_line' id='line_1_8' title="bbox 309 1335 1507 1416; baseline 0.003 -20"><span class='ocrx_word' id='word_1_61' title='bbox 309 1355 411 1413; x_wconf 88' lang='lat' dir='ltr'><strong>reque</strong></span> <span class='ocrx_word' id='word_1_62' title='bbox 433 1336 538 1415; x_wconf 85' lang='lat' dir='ltr'><strong>pietas</strong></span> <span class='ocrx_word' id='word_1_63' title='bbox 560 1355 659 1415; x_wconf 89' lang='lat' dir='ltr'><strong>penes</strong></span> <span class='ocrx_word' id='word_1_64' title='bbox 684 1336 918 1397; x_wconf 83' lang='lat' dir='ltr'><strong>Francisoanos</strong></span> <span class='ocrx_word' id='word_1_65' title='bbox 943 1335 1199 1397; x_wconf 91' lang='lat' dir='ltr'><strong>Obseruantium</strong></span> <span class='ocrx_word' id='word_1_66' title='bbox 1223 1336 1323 1397; x_wconf 88' lang='lat' dir='ltr'><strong>titulo</strong></span> <span class='ocrx_word' id='word_1_67' title='bbox 1346 1338 1507 1416; x_wconf 88' lang='lat' dir='ltr'><strong>gratiosos</strong></span> 
     </span>
     <span class='ocr_line' id='line_1_9' title="bbox 308 1418 1505 1499; baseline 0.001 -20"><span class='ocrx_word' id='word_1_68' title='bbox 308 1420 517 1499; x_wconf 90' lang='lat' dir='ltr'><strong>potissimum</strong></span> <span class='ocrx_word' id='word_1_69' title='bbox 539 1419 679 1480; x_wconf 89' lang='lat' dir='ltr'><strong>residere</strong></span> <span class='ocrx_word' id='word_1_70' title='bbox 701 1418 877 1493; x_wconf 88' lang='lat' dir='ltr'><strong>videretur,</strong></span> <span class='ocrx_word' id='word_1_71' title='bbox 900 1419 992 1480; x_wconf 93' lang='lat' dir='ltr'><strong>nullo</strong></span> <span class='ocrx_word' id='word_1_72' title='bbox 1008 1439 1050 1480; x_wconf 85' lang='lat' dir='ltr'><strong>ex</strong></span> <span class='ocrx_word' id='word_1_73' title='bbox 1067 1438 1161 1499; x_wconf 88' lang='lat' dir='ltr'><strong>grege</strong></span> <span class='ocrx_word' id='word_1_74' title='bbox 1182 1419 1359 1499; x_wconf 90' lang='lat' dir='ltr'><strong>prosiliunt</strong></span> <span class='ocrx_word' id='word_1_75' title='bbox 1379 1421 1437 1498; x_wconf 92' lang='lat' dir='ltr'><strong>qui</strong></span> <span class='ocrx_word' id='word_1_76' title='bbox 1458 1421 1505 1481; x_wconf 89' lang='lat' dir='ltr'><strong>in-</strong></span> 
     </span>
     <span class='ocr_line' id='line_1_10' title="bbox 309 1501 1506 1580; baseline 0 -17"><span class='ocrx_word' id='word_1_77' title='bbox 309 1502 449 1575; x_wconf 91' lang='lat' dir='ltr'><strong>doctius,</strong></span> <span class='ocrx_word' id='word_1_78' title='bbox 465 1501 667 1563; x_wconf 85' lang='lat' dir='ltr'><strong>indecentius</strong></span> <span class='ocrx_word' id='word_1_79' title='bbox 682 1522 720 1563; x_wconf 89' lang='lat' dir='ltr'><strong>ae</strong></span> <span class='ocrx_word' id='word_1_80' title='bbox 736 1502 902 1564; x_wconf 91' lang='lat' dir='ltr'><strong>scurrilius</strong></span> <span class='ocrx_word' id='word_1_81' title='bbox 921 1502 1151 1576; x_wconf 80' lang='lat' dir='ltr'><strong>vociferentur,</strong></span> <span class='ocrx_word' id='word_1_82' title='bbox 1167 1508 1267 1580; x_wconf 89' lang='lat' dir='ltr'><strong>atque</strong></span> <span class='ocrx_word' id='word_1_83' title='bbox 1286 1503 1369 1564; x_wconf 90' lang='lat' dir='ltr'><strong>adeo</strong></span> <span class='ocrx_word' id='word_1_84' title='bbox 1388 1502 1506 1564; x_wconf 91' lang='lat' dir='ltr'><strong>libellis</strong></span> 
     </span>
     <span class='ocr_line' id='line_1_11' title="bbox 308 1585 1507 1665; baseline 0.002 -20"><span class='ocrx_word' id='word_1_85' title='bbox 308 1587 409 1646; x_wconf 90' lang='lat' dir='ltr'><strong>etiam</strong></span> <span class='ocrx_word' id='word_1_86' title='bbox 424 1585 541 1646; x_wconf 90' lang='lat' dir='ltr'><strong>aeditis</strong></span> <span class='ocrx_word' id='word_1_87' title='bbox 554 1585 805 1659; x_wconf 90' lang='lat' dir='ltr'><strong>debacchentur,</strong></span> <span class='ocrx_word' id='word_1_88' title='bbox 820 1586 954 1665; x_wconf 89' lang='lat' dir='ltr'><strong>perinde</strong></span> <span class='ocrx_word' id='word_1_89' title='bbox 968 1587 1062 1664; x_wconf 87' lang='lat' dir='ltr'><strong>quasi</strong></span> <span class='ocrx_word' id='word_1_90' title='bbox 1075 1585 1218 1647; x_wconf 88' lang='lat' dir='ltr'><strong>mundus</strong></span> <span class='ocrx_word' id='word_1_91' title='bbox 1232 1587 1298 1646; x_wconf 92' lang='lat' dir='ltr'><strong>iam</strong></span> <span class='ocrx_word' id='word_1_92' title='bbox 1313 1605 1380 1647; x_wconf 92' lang='lat' dir='ltr'><strong>non</strong></span> <span class='ocrx_word' id='word_1_93' title='bbox 1393 1588 1507 1665; x_wconf 92' lang='lat' dir='ltr'><strong>gignat</strong></span> 
     </span>
     <span class='ocr_line' id='line_1_12' title="bbox 309 1668 1552 1749; baseline 0.002 -21"><span class='ocrx_word' id='word_1_94' title='bbox 309 1669 465 1741; x_wconf 89' lang='lat' dir='ltr'><strong>homines,</strong></span> <span class='ocrx_word' id='word_1_95' title='bbox 482 1668 539 1729; x_wconf 93' lang='lat' dir='ltr'><strong>sed</strong></span> <span class='ocrx_word' id='word_1_96' title='bbox 553 1688 660 1730; x_wconf 89' lang='lat' dir='ltr'><strong>meros</strong></span> <span class='ocrx_word' id='word_1_97' title='bbox 675 1668 814 1731; x_wconf 91' lang='lat' dir='ltr'><strong>bubalos</strong></span> <span class='ocrx_word' id='word_1_98' title='bbox 832 1676 867 1730; x_wconf 89' lang='lat' dir='ltr'><strong>et</strong></span> <span class='ocrx_word' id='word_1_99' title='bbox 886 1687 1036 1749; x_wconf 81' lang='lat' dir='ltr'><strong>onagros.</strong></span> <span class='ocrx_word' id='word_1_100' title='bbox 1079 1668 1143 1730; x_wconf 85' lang='lat' dir='ltr'><strong>Sed</strong></span> <span class='ocrx_word' id='word_1_101' title='bbox 1162 1676 1278 1730; x_wconf 89' lang='lat' dir='ltr'><strong>venter</strong></span> <span class='ocrx_word' id='word_1_102' title='bbox 1292 1688 1358 1731; x_wconf 92' lang='lat' dir='ltr'><strong>non</strong></span> <span class='ocrx_word' id='word_1_103' title='bbox 1373 1675 1506 1731; x_wconf 88' lang='lat' dir='ltr'><strong>tantum</strong></span> <span class='ocrx_word' id='word_1_104' title='bbox 1519 1682 1552 1733; x_wconf 81' lang='grc'><strong>35</strong></span> 
     </span>
     <span class='ocr_line' id='line_1_13' title="bbox 308 1751 1507 1824; baseline 0.001 -11"><span class='ocrx_word' id='word_1_105' title='bbox 308 1752 453 1824; x_wconf 92' lang='lat' dir='ltr'><strong>auribus,</strong></span> <span class='ocrx_word' id='word_1_106' title='bbox 476 1757 515 1812; x_wconf 90' lang='lat' dir='ltr'><strong>vt</strong></span> <span class='ocrx_word' id='word_1_107' title='bbox 536 1753 585 1813; x_wconf 91' lang='lat' dir='ltr'><strong>ait</strong></span> <span class='ocrx_word' id='word_1_108' title='bbox 605 1751 698 1824; x_wconf 81' lang='lat' dir='ltr'><strong>Cato,</strong></span> <span class='ocrx_word' id='word_1_109' title='bbox 720 1753 936 1813; x_wconf 88' lang='lat' dir='ltr'><strong>verumetiam</strong></span> <span class='ocrx_word' id='word_1_110' title='bbox 958 1752 1062 1814; x_wconf 90' lang='lat' dir='ltr'><strong>oculis</strong></span> <span class='ocrx_word' id='word_1_111' title='bbox 1079 1759 1114 1813; x_wconf 90' lang='lat' dir='ltr'><strong>et</strong></span> <span class='ocrx_word' id='word_1_112' title='bbox 1135 1758 1243 1813; x_wconf 87' lang='lat' dir='ltr'><strong>mente</strong></span> <span class='ocrx_word' id='word_1_113' title='bbox 1264 1758 1364 1814; x_wconf 89' lang='lat' dir='ltr'><strong>caret.</strong></span> <span class='ocrx_word' id='word_1_114' title='bbox 1407 1753 1507 1814; x_wconf 86' lang='lat' dir='ltr'><strong>Faxit</strong></span> 
     </span>
     <span class='ocr_line' id='line_1_14' title="bbox 308 1834 1506 1916; baseline 0.001 -20"><span class='ocrx_word' id='word_1_115' title='bbox 308 1834 468 1907; x_wconf 87' lang='lat' dir='ltr'><strong>Christus,</strong></span> <span class='ocrx_word' id='word_1_116' title='bbox 479 1840 517 1895; x_wconf 89' lang='lat' dir='ltr'><strong>vt</strong></span> <span class='ocrx_word' id='word_1_117' title='bbox 529 1836 876 1916; x_wconf 83' lang='lat' dir='ltr'><strong>resipiscentiuipsius</strong></span> <span class='ocrx_word' id='word_1_118' title='bbox 885 1836 1032 1915; x_wconf 88' lang='lat' dir='ltr'><strong>gloriam.</strong></span> <span class='ocrx_word' id='word_1_119' title='bbox 1069 1835 1229 1914; x_wconf 83' lang='lat' dir='ltr'><strong>Equidem</strong></span> <span class='ocrx_word' id='word_1_120' title='bbox 1240 1837 1382 1914; x_wconf 89' lang='lat' dir='ltr'><strong>optarim</strong></span> <span class='ocrx_word' id='word_1_121' title='bbox 1392 1855 1506 1916; x_wconf 85' lang='lat' dir='ltr'><strong>pacem</strong></span> 
     </span>
     <span class='ocr_line' id='line_1_15' title="bbox 309 1918 1505 1999; baseline 0.003 -21"><span class='ocrx_word' id='word_1_122' title='bbox 309 1918 429 1979; x_wconf 90' lang='lat' dir='ltr'><strong>habere</strong></span> <span class='ocrx_word' id='word_1_123' title='bbox 443 1938 518 1979; x_wconf 92' lang='lat' dir='ltr'><strong>cum</strong></span> <span class='ocrx_word' id='word_1_124' title='bbox 534 1918 693 1979; x_wconf 89' lang='lat' dir='ltr'><strong>omnibus.</strong></span> <span class='ocrx_word' id='word_1_125' title='bbox 738 1918 778 1979; x_wconf 92' lang='lat' dir='ltr'><strong>Id</strong></span> <span class='ocrx_word' id='word_1_126' title='bbox 792 1920 948 1997; x_wconf 89' lang='lat' dir='ltr'><strong>quoniam</strong></span> <span class='ocrx_word' id='word_1_127' title='bbox 968 1919 1050 1980; x_wconf 90' lang='lat' dir='ltr'><strong>mihi</strong></span> <span class='ocrx_word' id='word_1_128' title='bbox 1065 1919 1144 1980; x_wconf 87' lang='lat' dir='ltr'><strong>fatis</strong></span> <span class='ocrx_word' id='word_1_129' title='bbox 1163 1925 1320 1998; x_wconf 88' lang='lat' dir='ltr'><strong>negatum</strong></span> <span class='ocrx_word' id='word_1_130' title='bbox 1334 1926 1394 1991; x_wconf 89' lang='lat' dir='ltr'><strong>est,</strong></span> <span class='ocrx_word' id='word_1_131' title='bbox 1409 1939 1505 1999; x_wconf 89' lang='lat' dir='ltr'><strong>nega·</strong></span> 
     </span>
     <span class='ocr_line' id='line_1_16' title="bbox 308 2001 1506 2083; baseline 0.001 -21"><span class='ocrx_word' id='word_1_132' title='bbox 308 2007 382 2062; x_wconf 90' lang='lat' dir='ltr'><strong>tum</strong></span> <span class='ocrx_word' id='word_1_133' title='bbox 403 2008 455 2062; x_wconf 89' lang='lat' dir='ltr'><strong>est</strong></span> <span class='ocrx_word' id='word_1_134' title='bbox 476 2007 587 2062; x_wconf 87' lang='lat' dir='ltr'><strong>autem</strong></span> <span class='ocrx_word' id='word_1_135' title='bbox 609 2001 689 2062; x_wconf 92' lang='lat' dir='ltr'><strong>mihi</strong></span> <span class='ocrx_word' id='word_1_136' title='bbox 710 2021 785 2063; x_wconf 92' lang='lat' dir='ltr'><strong>cum</strong></span> <span class='ocrx_word' id='word_1_137' title='bbox 808 2002 1042 2064; x_wconf 87' lang='lat' dir='ltr'><strong>laudatissimis</strong></span> <span class='ocrx_word' id='word_1_138' title='bbox 1066 2002 1250 2081; x_wconf 86' lang='lat' dir='ltr'><strong>quibusque</strong></span> <span class='ocrx_word' id='word_1_139' title='bbox 1273 2003 1361 2075; x_wconf 86' lang='lat' dir='ltr'><strong>viris,</strong></span> <span class='ocrx_word' id='word_1_140' title='bbox 1383 2002 1506 2083; x_wconf 90' lang='lat' dir='ltr'><strong>triplici</strong></span> 
     </span>
     <span class='ocr_line' id='line_1_17' title="bbox 307 2085 1553 2165; baseline 0.002 -20"><span class='ocrx_word' id='word_1_141' title='bbox 307 2090 503 2163; x_wconf 87' lang='lat' dir='ltr'><strong>argumento</strong></span> <span class='ocrx_word' id='word_1_142' title='bbox 516 2085 677 2164; x_wconf 90' lang='lat' dir='ltr'><strong>meipsum</strong></span> <span class='ocrx_word' id='word_1_143' title='bbox 695 2085 863 2146; x_wconf 90' lang='lat' dir='ltr'><strong>consolor:</strong></span> <span class='ocrx_word' id='word_1_144' title='bbox 886 2086 1039 2165; x_wconf 91' lang='lat' dir='ltr'><strong>primum,</strong></span> <span class='ocrx_word' id='word_1_145' title='bbox 1054 2086 1135 2146; x_wconf 91' lang='lat' dir='ltr'><strong>recti</strong></span> <span class='ocrx_word' id='word_1_146' title='bbox 1154 2086 1361 2157; x_wconf 90' lang='lat' dir='ltr'><strong>conscientia,</strong></span> <span class='ocrx_word' id='word_1_147' title='bbox 1376 2088 1429 2147; x_wconf 93' lang='lat' dir='ltr'><strong>cui</strong></span> <span class='ocrx_word' id='word_1_148' title='bbox 1446 2106 1507 2148; x_wconf 88' lang='lat' dir='ltr'><strong>sua</strong></span> <span class='ocrx_word' id='word_1_149' title='bbox 1519 2102 1553 2153; x_wconf 84' lang='lat'><strong>40</strong></span> 
     </span>
     <span class='ocr_line' id='line_1_18' title="bbox 308 2167 1505 2247; baseline 0.003 -19"><span class='ocrx_word' id='word_1_150' title='bbox 308 2187 432 2228; x_wconf 89' lang='lat' dir='ltr'><strong>merces</strong></span> <span class='ocrx_word' id='word_1_151' title='bbox 447 2168 481 2228; x_wconf 93' lang='lat' dir='ltr'><strong>in</strong></span> <span class='ocrx_word' id='word_1_152' title='bbox 495 2173 572 2229; x_wconf 90' lang='lat' dir='ltr'><strong>tuto</strong></span> <span class='ocrx_word' id='word_1_153' title='bbox 587 2173 638 2229; x_wconf 89' lang='lat' dir='ltr'><strong>est</strong></span> <span class='ocrx_word' id='word_1_154' title='bbox 652 2167 742 2247; x_wconf 93' lang='lat' dir='ltr'><strong>apud</strong></span> <span class='ocrx_word' id='word_1_155' title='bbox 755 2167 809 2228; x_wconf 83' lang='grc' dir='ltr'><strong>τὸν</strong></span> <span class='ocrx_word' id='word_1_156' title='bbox 823 2168 1083 2247; x_wconf 78' lang='grc' dir='ltr'>καρδιογνώστην·</span> <span class='ocrx_word' id='word_1_157' title='bbox 1105 2169 1223 2230; x_wconf 90' lang='lat' dir='ltr'><strong>deinde</strong></span> <span class='ocrx_word' id='word_1_158' title='bbox 1241 2169 1405 2231; x_wconf 90' lang='lat' dir='ltr'><strong>consortio</strong></span> <span class='ocrx_word' id='word_1_159' title='bbox 1424 2169 1505 2231; x_wconf 89' lang='lat' dir='ltr'><strong>cele-</strong></span> 
     </span>
     <span class='ocr_line' id='line_1_19' title="bbox 309 2250 1506 2332; baseline 0.003 -21"><span class='ocrx_word' id='word_1_160' title='bbox 309 2252 417 2311; x_wconf 92' lang='lat' dir='ltr'><strong>brium</strong></span> <span class='ocrx_word' id='word_1_161' title='bbox 431 2252 587 2324; x_wconf 88' lang='lat' dir='ltr'><strong>virorum,</strong></span> <span class='ocrx_word' id='word_1_162' title='bbox 597 2250 749 2325; x_wconf 87' lang='lat' dir='ltr'><strong>Socratis,</strong></span> <span class='ocrx_word' id='word_1_163' title='bbox 760 2251 942 2325; x_wconf 91' lang='lat' dir='ltr'><strong>Phocionis,</strong></span> <span class='ocrx_word' id='word_1_164' title='bbox 953 2252 1118 2325; x_wconf 87' lang='lat' dir='ltr'><strong>Aristidis,</strong></span> <span class='ocrx_word' id='word_1_165' title='bbox 1130 2251 1298 2332; x_wconf 85' lang='lat' dir='ltr'><strong>Scipionis,</strong></span> <span class='ocrx_word' id='word_1_166' title='bbox 1310 2258 1345 2313; x_wconf 90' lang='lat' dir='ltr'><strong>et</strong></span> <span class='ocrx_word' id='word_1_167' title='bbox 1359 2254 1386 2313; x_wconf 92' lang='lat' dir='ltr'><strong>si</strong></span> <span class='ocrx_word' id='word_1_168' title='bbox 1400 2255 1506 2315; x_wconf 89' lang='lat' dir='ltr'><strong>mauis</strong></span> 
     </span>
     <span class='ocr_line' id='line_1_20' title="bbox 307 2334 1506 2415; baseline 0.003 -20"><span class='ocrx_word' id='word_1_169' title='bbox 307 2334 520 2408; x_wconf 86' lang='lat' dir='ltr'><strong>Christianos,</strong></span> <span class='ocrx_word' id='word_1_170' title='bbox 537 2334 640 2407; x_wconf 92' lang='lat' dir='ltr'><strong>Pauli,</strong></span> <span class='ocrx_word' id='word_1_171' title='bbox 656 2335 860 2413; x_wconf 88' lang='lat' dir='ltr'><strong>Hieronymi,</strong></span> <span class='ocrx_word' id='word_1_172' title='bbox 875 2335 998 2408; x_wconf 90' lang='lat' dir='ltr'><strong>Basilii,</strong></span> <span class='ocrx_word' id='word_1_173' title='bbox 1012 2341 1047 2396; x_wconf 90' lang='lat' dir='ltr'><strong>et</strong></span> <span class='ocrx_word' id='word_1_174' title='bbox 1064 2334 1306 2413; x_wconf 75' lang='lat' dir='ltr'><strong>chrysostomi:</strong></span> <span class='ocrx_word' id='word_1_175' title='bbox 1329 2342 1506 2415; x_wconf 90' lang='lat' dir='ltr'><strong>postremo,</strong></span> 
     </span>
     <span class='ocr_line' id='line_1_21' title="bbox 308 2417 1506 2498; baseline 0.003 -20"><span class='ocrx_word' id='word_1_176' title='bbox 308 2418 388 2478; x_wconf 92' lang='lat' dir='ltr'><strong>dum</strong></span> <span class='ocrx_word' id='word_1_177' title='bbox 407 2418 621 2497; x_wconf 92' lang='lat' dir='ltr'><strong>contemplor,</strong></span> <span class='ocrx_word' id='word_1_178' title='bbox 640 2418 752 2496; x_wconf 92' lang='lat' dir='ltr'><strong>quales</strong></span> <span class='ocrx_word' id='word_1_179' title='bbox 769 2417 909 2479; x_wconf 84' lang='lat' dir='ltr'><strong>habeam</strong></span> <span class='ocrx_word' id='word_1_180' title='bbox 927 2419 1142 2492; x_wconf 86' lang='lat' dir='ltr'><strong>oblatrantes,</strong></span> <span class='ocrx_word' id='word_1_181' title='bbox 1161 2424 1195 2479; x_wconf 94' lang='lat' dir='ltr'><strong>et</strong></span> <span class='ocrx_word' id='word_1_182' title='bbox 1212 2418 1326 2497; x_wconf 89' lang='lat' dir='ltr'><strong>quales</strong></span> <span class='ocrx_word' id='word_1_183' title='bbox 1343 2439 1361 2480; x_wconf 91' lang='lat' dir='ltr'><strong>e</strong></span> <span class='ocrx_word' id='word_1_184' title='bbox 1376 2421 1506 2498; x_wconf 89' lang='lat' dir='ltr'><strong>regione</strong></span> 
     </span>
     <span class='ocr_line' id='line_1_22' title="bbox 307 2501 1552 2581; baseline 0.002 -19"><span class='ocrx_word' id='word_1_185' title='bbox 307 2502 464 2563; x_wconf 87' lang='lat' dir='ltr'><strong>fautores.</strong></span> <span class='ocrx_word' id='word_1_186' title='bbox 508 2501 581 2562; x_wconf 92' lang='lat' dir='ltr'><strong>Illic</strong></span> <span class='ocrx_word' id='word_1_187' title='bbox 609 2501 719 2563; x_wconf 90' lang='lat' dir='ltr'><strong>nullos</strong></span> <span class='ocrx_word' id='word_1_188' title='bbox 742 2502 839 2563; x_wconf 84' lang='lat' dir='ltr'><strong>video</strong></span> <span class='ocrx_word' id='word_1_189' title='bbox 859 2503 922 2562; x_wconf 88' lang='lat' dir='ltr'><strong>nisi</strong></span> <span class='ocrx_word' id='word_1_190' title='bbox 947 2508 1007 2562; x_wconf 91' lang='lat' dir='ltr'><strong>aut</strong></span> <span class='ocrx_word' id='word_1_191' title='bbox 1032 2502 1202 2581; x_wconf 87' lang='lat' dir='ltr'><strong>insigniter</strong></span> <span class='ocrx_word' id='word_1_192' title='bbox 1230 2501 1367 2563; x_wconf 89' lang='lat' dir='ltr'><strong>stolidos</strong></span> <span class='ocrx_word' id='word_1_193' title='bbox 1391 2508 1426 2563; x_wconf 92' lang='lat' dir='ltr'><strong>et</strong></span> <span class='ocrx_word' id='word_1_194' title='bbox 1446 2503 1505 2564; x_wconf 89' lang='lat' dir='ltr'><strong>im·</strong></span> <span class='ocrx_word' id='word_1_195' title='bbox 1518 2521 1552 2575; x_wconf 85' lang='lat'><strong>4⁵</strong></span> 
     </span>
     <span class='ocr_line' id='line_1_23' title="bbox 308 2584 1505 2665; baseline 0.001 -20"><span class='ocrx_word' id='word_1_196' title='bbox 308 2584 472 2665; x_wconf 90' lang='lat' dir='ltr'><strong>pudenter</strong></span> <span class='ocrx_word' id='word_1_197' title='bbox 497 2603 626 2646; x_wconf 88' lang='lat' dir='ltr'><strong>scurras</strong></span> <span class='ocrx_word' id='word_1_198' title='bbox 645 2590 705 2646; x_wconf 89' lang='lat' dir='ltr'><strong>aut</strong></span> <span class='ocrx_word' id='word_1_199' title='bbox 724 2585 845 2665; x_wconf 89' lang='lat' dir='ltr'><strong>gloriae</strong></span> <span class='ocrx_word' id='word_1_200' title='bbox 864 2585 1033 2646; x_wconf 87' lang='lat' dir='ltr'><strong>famelicos</strong></span> <span class='ocrx_word' id='word_1_201' title='bbox 1054 2592 1114 2646; x_wconf 90' lang='lat' dir='ltr'><strong>aut</strong></span> <span class='ocrx_word' id='word_1_202' title='bbox 1137 2584 1385 2646; x_wconf 87' lang='lat' dir='ltr'><strong>maledicentiae</strong></span> <span class='ocrx_word' id='word_1_203' title='bbox 1408 2592 1505 2646; x_wconf 87' lang='lat' dir='ltr'><strong>natos</strong></span> 
     </span>
     <span class='ocr_line' id='line_1_24' title="bbox 308 2668 1505 2749; baseline 0.001 -21"><span class='ocrx_word' id='word_1_204' title='bbox 308 2674 369 2729; x_wconf 89' lang='lat' dir='ltr'><strong>aut</strong></span> <span class='ocrx_word' id='word_1_205' title='bbox 399 2674 508 2729; x_wconf 91' lang='lat' dir='ltr'><strong>oestro</strong></span> <span class='ocrx_word' id='word_1_206' title='bbox 540 2668 652 2729; x_wconf 88' lang='lat' dir='ltr'><strong>liuoris</strong></span> <span class='ocrx_word' id='word_1_207' title='bbox 682 2669 836 2749; x_wconf 91' lang='lat' dir='ltr'><strong>percitos·</strong></span> <span class='ocrx_word' id='word_1_208' title='bbox 853 2675 914 2729; x_wconf 91' lang='lat' dir='ltr'><strong>aut</strong></span> <span class='ocrx_word' id='word_1_209' title='bbox 942 2669 1070 2730; x_wconf 88' lang='lat' dir='ltr'><strong>ventris</strong></span> <span class='ocrx_word' id='word_1_210' title='bbox 1097 2668 1262 2746; x_wconf 90' lang='lat' dir='ltr'><strong>mancipia</strong></span> <span class='ocrx_word' id='word_1_211' title='bbox 1293 2674 1354 2728; x_wconf 89' lang='lat' dir='ltr'><strong>aut</strong></span> <span class='ocrx_word' id='word_1_212' title='bbox 1385 2668 1505 2747; x_wconf 91' lang='lat' dir='ltr'><strong>quibus</strong></span> 
     </span>
     <span class='ocr_line' id='line_1_25' title="bbox 308 2749 1505 2831; baseline 0 -19"><span class='ocrx_word' id='word_1_213' title='bbox 308 2751 361 2812; x_wconf 92' lang='lat' dir='ltr'><strong>hie</strong></span> <span class='ocrx_word' id='word_1_214' title='bbox 391 2752 533 2813; x_wconf 89' lang='lat' dir='ltr'><strong>mundus</strong></span> <span class='ocrx_word' id='word_1_215' title='bbox 566 2753 675 2831; x_wconf 92' lang='lat' dir='ltr'><strong>potior</strong></span> <span class='ocrx_word' id='word_1_216' title='bbox 706 2758 758 2813; x_wconf 88' lang='lat' dir='ltr'><strong>est</strong></span> <span class='ocrx_word' id='word_1_217' title='bbox 785 2749 926 2812; x_wconf 87' lang='lat' dir='ltr'><strong>Christo.</strong></span> <span class='ocrx_word' id='word_1_218' title='bbox 970 2752 1034 2813; x_wconf 91' lang='lat' dir='ltr'><strong>Hic</strong></span> <span class='ocrx_word' id='word_1_219' title='bbox 1063 2770 1145 2830; x_wconf 92' lang='lat' dir='ltr'><strong>quos</strong></span> <span class='ocrx_word' id='word_1_220' title='bbox 1174 2770 1274 2830; x_wconf 89' lang='lat' dir='ltr'><strong>reges,</strong></span> <span class='ocrx_word' id='word_1_221' title='bbox 1304 2770 1387 2829; x_wconf 91' lang='lat' dir='ltr'><strong>quos</strong></span> <span class='ocrx_word' id='word_1_222' title='bbox 1416 2753 1505 2831; x_wconf 92' lang='lat' dir='ltr'><strong>prin-</strong></span> 
     </span>
     <span class='ocr_line' id='line_1_26' title="bbox 308 2835 1505 2915; baseline -0.001 -19"><span class='ocrx_word' id='word_1_223' title='bbox 308 2836 406 2915; x_wconf 90' lang='lat' dir='ltr'><strong>cipes,</strong></span> <span class='ocrx_word' id='word_1_224' title='bbox 429 2854 511 2913; x_wconf 89' lang='lat' dir='ltr'><strong>quos</strong></span> <span class='ocrx_word' id='word_1_225' title='bbox 531 2835 722 2909; x_wconf 89' lang='lat' dir='ltr'><strong>cardinales,</strong></span> <span class='ocrx_word' id='word_1_226' title='bbox 745 2854 827 2913; x_wconf 93' lang='lat' dir='ltr'><strong>quos</strong></span> <span class='ocrx_word' id='word_1_227' title='bbox 848 2836 1018 2915; x_wconf 89' lang='lat' dir='ltr'><strong>episcopos</strong></span> <span class='ocrx_word' id='word_1_228' title='bbox 1041 2836 1180 2907; x_wconf 91' lang='lat' dir='ltr'><strong>intueor,</strong></span> <span class='ocrx_word' id='word_1_229' title='bbox 1203 2835 1259 2912; x_wconf 92' lang='lat' dir='ltr'><strong>qui</strong></span> <span class='ocrx_word' id='word_1_230' title='bbox 1283 2853 1350 2894; x_wconf 92' lang='lat' dir='ltr'><strong>non</strong></span> <span class='ocrx_word' id='word_1_231' title='bbox 1371 2840 1505 2896; x_wconf 87' lang='lat' dir='ltr'><strong>tantum</strong></span> 
     </span>
     <span class='ocr_line' id='line_1_27' title="bbox 308 2918 1553 3000; baseline 0 -20"><span class='ocrx_word' id='word_1_232' title='bbox 308 2920 429 2981; x_wconf 89' lang='lat' dir='ltr'><strong>litteris</strong></span> <span class='ocrx_word' id='word_1_233' title='bbox 450 2924 485 2980; x_wconf 88' lang='lat' dir='ltr'><strong>et</strong></span> <span class='ocrx_word' id='word_1_234' title='bbox 506 2918 714 3000; x_wconf 89' lang='lat' dir='ltr'><strong>applaudunt</strong></span> <span class='ocrx_word' id='word_1_235' title='bbox 735 2919 1017 2998; x_wconf 86' lang='lat' dir='ltr'><strong>qualibuscunque</strong></span> <span class='ocrx_word' id='word_1_236' title='bbox 1037 2918 1156 2980; x_wconf 90' lang='lat' dir='ltr'><strong>studiis</strong></span> <span class='ocrx_word' id='word_1_237' title='bbox 1177 2919 1267 2992; x_wconf 89' lang='lat' dir='ltr'><strong>meis,</strong></span> <span class='ocrx_word' id='word_1_238' title='bbox 1288 2923 1323 2979; x_wconf 89' lang='lat' dir='ltr'><strong>et</strong></span> <span class='ocrx_word' id='word_1_239' title='bbox 1344 2918 1425 2982; x_wconf 91' lang='lat' dir='ltr'><strong>mihi</strong></span> <span class='ocrx_word' id='word_1_240' title='bbox 1445 2937 1553 2998; x_wconf 79' lang='lat' dir='ltr'><strong>proso</strong></span> 
     </span>
     <span class='ocr_line' id='line_1_28' title="bbox 309 3002 1505 3082; baseline 0 -19"><span class='ocrx_word' id='word_1_241' title='bbox 309 3008 434 3064; x_wconf 90' lang='lat' dir='ltr'><strong>nauata</strong></span> <span class='ocrx_word' id='word_1_242' title='bbox 449 3002 575 3063; x_wconf 90' lang='lat' dir='ltr'><strong>meliori</strong></span> <span class='ocrx_word' id='word_1_243' title='bbox 589 3002 796 3064; x_wconf 88' lang='lat' dir='ltr'><strong>litteraturae</strong></span> <span class='ocrx_word' id='word_1_244' title='bbox 810 3023 849 3064; x_wconf 93' lang='lat' dir='ltr'><strong>ac</strong></span> <span class='ocrx_word' id='word_1_245' title='bbox 863 3004 981 3082; x_wconf 90' lang='lat' dir='ltr'><strong>pietati</strong></span> <span class='ocrx_word' id='word_1_246' title='bbox 996 3022 1095 3082; x_wconf 89' lang='lat' dir='ltr'><strong>opera</strong></span> <span class='ocrx_word' id='word_1_247' title='bbox 1113 3003 1237 3081; x_wconf 85' lang='lat' dir='ltr'><strong>gratias</strong></span> <span class='ocrx_word' id='word_1_248' title='bbox 1256 3008 1370 3081; x_wconf 87' lang='lat' dir='ltr'><strong>agunt,</strong></span> <span class='ocrx_word' id='word_1_249' title='bbox 1390 3022 1505 3063; x_wconf 89' lang='lat' dir='ltr'><strong>verum</strong></span> 
     </span>
     <span class='ocr_line' id='line_1_29' title="bbox 307 3085 1506 3148; baseline -0.001 0"><span class='ocrx_word' id='word_1_250' title='bbox 307 3087 409 3148; x_wconf 89' lang='lat' dir='ltr'><strong>etiam</strong></span> <span class='ocrx_word' id='word_1_251' title='bbox 433 3085 522 3146; x_wconf 85' lang='lat' dir='ltr'><strong>vltro</strong></span> <span class='ocrx_word' id='word_1_252' title='bbox 543 3087 650 3147; x_wconf 91' lang='lat' dir='ltr'><strong>missis</strong></span> <span class='ocrx_word' id='word_1_253' title='bbox 670 3085 852 3148; x_wconf 88' lang='lat' dir='ltr'><strong>honorariis</strong></span> <span class='ocrx_word' id='word_1_254' title='bbox 873 3086 1063 3147; x_wconf 91' lang='lat' dir='ltr'><strong>muneribus</strong></span> <span class='ocrx_word' id='word_1_255' title='bbox 1085 3090 1252 3147; x_wconf 84' lang='lat' dir='ltr'><strong>testantur</strong></span> <span class='ocrx_word' id='word_1_256' title='bbox 1273 3104 1308 3146; x_wconf 92' lang='lat' dir='ltr'><strong>se</strong></span> <span class='ocrx_word' id='word_1_257' title='bbox 1327 3104 1395 3145; x_wconf 91' lang='lat' dir='ltr'><strong>non</strong></span> <span class='ocrx_word' id='word_1_258' title='bbox 1416 3085 1506 3147; x_wconf 92' lang='lat' dir='ltr'><strong>aliud</strong></span> 
     </span>
     <span class='ocr_line' id='line_1_30' title="bbox 308 3169 1506 3250; baseline 0 -20"><span class='ocrx_word' id='word_1_259' title='bbox 308 3171 429 3230; x_wconf 86' lang='lat' dir='ltr'><strong>sentire</strong></span> <span class='ocrx_word' id='word_1_260' title='bbox 443 3188 543 3247; x_wconf 92' lang='lat' dir='ltr'><strong>quam</strong></span> <span class='ocrx_word' id='word_1_261' title='bbox 557 3169 767 3250; x_wconf 82' lang='lat' dir='ltr'><strong>praedicant!</strong></span> <span class='ocrx_word' id='word_1_262' title='bbox 804 3169 892 3244; x_wconf 86' lang='lat' dir='ltr'><strong>Quot</strong></span> <span class='ocrx_word' id='word_1_263' title='bbox 906 3177 984 3231; x_wconf 89' lang='lat' dir='ltr'><strong>sunt</strong></span> <span class='ocrx_word' id='word_1_264' title='bbox 998 3170 1100 3231; x_wconf 89' lang='lat' dir='ltr'><strong>etiam</strong></span> <span class='ocrx_word' id='word_1_265' title='bbox 1111 3169 1207 3230; x_wconf 91' lang='lat' dir='ltr'><strong>hodie</strong></span> <span class='ocrx_word' id='word_1_266' title='bbox 1217 3174 1290 3230; x_wconf 92' lang='lat' dir='ltr'><strong>tum</strong></span> <span class='ocrx_word' id='word_1_267' title='bbox 1305 3169 1423 3249; x_wconf 91' lang='lat' dir='ltr'><strong>opibus</strong></span> <span class='ocrx_word' id='word_1_268' title='bbox 1433 3176 1506 3230; x_wconf 92' lang='lat' dir='ltr'><strong>tum</strong></span> 
     </span>
     <span class='ocr_line' id='line_1_31' title="bbox 307 3252 1506 3333; baseline 0 -20"><span class='ocrx_word' id='word_1_269' title='bbox 307 3253 469 3333; x_wconf 79' lang='lat' dir='ltr'><strong>dignitate</strong></span> <span class='ocrx_word' id='word_1_270' title='bbox 484 3252 725 3332; x_wconf 88' lang='lat' dir='ltr'><strong>praecellentes,</strong></span> <span class='ocrx_word' id='word_1_271' title='bbox 741 3255 798 3332; x_wconf 92' lang='lat' dir='ltr'><strong>qui</strong></span> <span class='ocrx_word' id='word_1_272' title='bbox 812 3273 864 3314; x_wconf 89' lang='lat' dir='ltr'><strong>me</strong></span> <span class='ocrx_word' id='word_1_273' title='bbox 875 3253 918 3314; x_wconf 90' lang='lat' dir='ltr'><strong>ad</strong></span> <span class='ocrx_word' id='word_1_274' title='bbox 929 3255 1075 3314; x_wconf 90' lang='lat' dir='ltr'><strong>omnium</strong></span> <span class='ocrx_word' id='word_1_275' title='bbox 1086 3252 1295 3314; x_wconf 80' lang='lat' dir='ltr'><strong>fortunarum</strong></span> <span class='ocrx_word' id='word_1_276' title='bbox 1305 3254 1506 3313; x_wconf 89' lang='lat' dir='ltr'><strong>consortium</strong></span> 
     </span>
     <span class='ocr_line' id='line_1_32' title="bbox 307 3335 1552 3414; baseline -0.001 -16"><span class='ocrx_word' id='word_1_277' title='bbox 307 3337 472 3398; x_wconf 85' lang='lat' dir='ltr'><strong>inuitant!</strong></span> <span class='ocrx_word' id='word_1_278' title='bbox 510 3336 667 3397; x_wconf 83' lang='lat' dir='ltr'><strong>Eruditos</strong></span> <span class='ocrx_word' id='word_1_279' title='bbox 681 3337 769 3398; x_wconf 92' lang='lat' dir='ltr'><strong>sileo.</strong></span> <span class='ocrx_word' id='word_1_280' title='bbox 806 3336 885 3411; x_wconf 85' lang='lat' dir='ltr'><strong>Quis</strong></span> <span class='ocrx_word' id='word_1_281' title='bbox 896 3356 964 3397; x_wconf 91' lang='lat' dir='ltr'><strong>non</strong></span> <span class='ocrx_word' id='word_1_282' title='bbox 974 3342 1028 3397; x_wconf 90' lang='lat' dir='ltr'><strong>tot</strong></span> <span class='ocrx_word' id='word_1_283' title='bbox 1038 3335 1221 3414; x_wconf 90' lang='lat' dir='ltr'><strong>taliumque</strong></span> <span class='ocrx_word' id='word_1_284' title='bbox 1231 3337 1375 3396; x_wconf 87' lang='lat' dir='ltr'><strong>virorum</strong></span> <span class='ocrx_word' id='word_1_285' title='bbox 1387 3336 1506 3398; x_wconf 90' lang='lat' dir='ltr'><strong>iudicio</strong></span> <span class='ocrx_word' id='word_1_286' title='bbox 1518 3351 1552 3404; x_wconf 79' lang='lat'><strong>55</strong></span> 
     </span>
     <span class='ocr_line' id='line_1_33' title="bbox 308 3418 1506 3500; baseline 0 -20"><span class='ocrx_word' id='word_1_287' title='bbox 308 3420 413 3480; x_wconf 78' lang='lat' dir='ltr'><strong>fretus</strong></span> <span class='ocrx_word' id='word_1_288' title='bbox 438 3418 582 3498; x_wconf 86' lang='lat' dir='ltr'><strong>negligat</strong></span> <span class='ocrx_word' id='word_1_289' title='bbox 606 3421 886 3500; x_wconf 86' lang='lat' dir='ltr'><strong>inauspicatarum</strong></span> <span class='ocrx_word' id='word_1_290' title='bbox 909 3421 1022 3481; x_wconf 90' lang='lat' dir='ltr'><strong>auium</strong></span> <span class='ocrx_word' id='word_1_291' title='bbox 1044 3420 1210 3499; x_wconf 80' lang='lat' dir='ltr'><strong>garritus?</strong></span> <span class='ocrx_word' id='word_1_292' title='bbox 1238 3419 1506 3497; x_wconf 91' lang='lat' dir='ltr'><strong>quandoquidem</strong></span> 
     </span>
     <span class='ocr_line' id='line_1_34' title="bbox 308 3503 675 3583; baseline 0.003 -21"><span class='ocrx_word' id='word_1_293' title='bbox 308 3503 431 3583; x_wconf 90' lang='lat' dir='ltr'><strong>placari</strong></span> <span class='ocrx_word' id='word_1_294' title='bbox 446 3521 513 3562; x_wconf 92' lang='lat' dir='ltr'><strong>uon</strong></span> <span class='ocrx_word' id='word_1_295' title='bbox 527 3509 675 3582; x_wconf 90' lang='lat' dir='ltr'><strong>possunt.</strong></span> 
     </span>
    </p>

    <p class='ocr_par' dir='ltr' id='par_1_3' title="bbox 308 3584 1552 4500">
     <span class='ocr_line' id='line_1_35' title="bbox 351 3584 1505 3666; baseline 0 -20"><span class='ocrx_word' id='word_1_296' title='bbox 351 3586 512 3664; x_wconf 89' lang='lat' dir='ltr'><strong>Equidem</strong></span> <span class='ocrx_word' id='word_1_297' title='bbox 527 3605 594 3646; x_wconf 89' lang='lat' dir='ltr'><strong>non</strong></span> <span class='ocrx_word' id='word_1_298' title='bbox 609 3605 751 3666; x_wconf 90' lang='lat' dir='ltr'><strong>agnosco</strong></span> <span class='ocrx_word' id='word_1_299' title='bbox 768 3586 889 3647; x_wconf 89' lang='lat' dir='ltr'><strong>Bataui</strong></span> <span class='ocrx_word' id='word_1_300' title='bbox 899 3585 1051 3646; x_wconf 91' lang='lat' dir='ltr'><strong>Herculis</strong></span> <span class='ocrx_word' id='word_1_301' title='bbox 1061 3585 1238 3664; x_wconf 90' lang='lat' dir='ltr'><strong>gloriosum</strong></span> <span class='ocrx_word' id='word_1_302' title='bbox 1251 3584 1395 3657; x_wconf 90' lang='lat' dir='ltr'><strong>titulum,</strong></span> <span class='ocrx_word' id='word_1_303' title='bbox 1408 3604 1505 3664; x_wconf 91' lang='lat' dir='ltr'><strong>quem</strong></span> 
     </span>
     <span class='ocr_line' id='line_1_36' title="bbox 309 3669 1504 3748; baseline 0.001 -19"><span class='ocrx_word' id='word_1_304' title='bbox 309 3676 348 3729; x_wconf 91' lang='lat' dir='ltr'><strong>tu</strong></span> <span class='ocrx_word' id='word_1_305' title='bbox 362 3669 444 3730; x_wconf 92' lang='lat' dir='ltr'><strong>mihi</strong></span> <span class='ocrx_word' id='word_1_306' title='bbox 458 3669 586 3730; x_wconf 91' lang='lat' dir='ltr'><strong>tribuis.</strong></span> <span class='ocrx_word' id='word_1_307' title='bbox 630 3669 694 3730; x_wconf 86' lang='lat' dir='ltr'><strong>Sed</strong></span> <span class='ocrx_word' id='word_1_308' title='bbox 711 3676 823 3730; x_wconf 91' lang='lat' dir='ltr'><strong>tamen</strong></span> <span class='ocrx_word' id='word_1_309' title='bbox 842 3689 944 3748; x_wconf 92' lang='lat' dir='ltr'><strong>quum</strong></span> <span class='ocrx_word' id='word_1_310' title='bbox 964 3670 1033 3748; x_wconf 89' lang='lat' dir='ltr'><strong>ipse</strong></span> <span class='ocrx_word' id='word_1_311' title='bbox 1055 3670 1178 3729; x_wconf 83' lang='lat' dir='ltr'><strong>sentias</strong></span> <span class='ocrx_word' id='word_1_312' title='bbox 1200 3669 1250 3730; x_wconf 89' lang='lat' dir='ltr'><strong>his</strong></span> <span class='ocrx_word' id='word_1_313' title='bbox 1272 3687 1402 3747; x_wconf 89' lang='lat' dir='ltr'><strong>quoque</strong></span> <span class='ocrx_word' id='word_1_314' title='bbox 1423 3677 1504 3730; x_wconf 91' lang='lat' dir='ltr'><strong>tem-</strong></span> 
     </span>
     <span class='ocr_line' id='line_1_37' title="bbox 308 3751 1552 3833; baseline -0.001 -20"><span class='ocrx_word' id='word_1_315' title='bbox 308 3753 443 3833; x_wconf 91' lang='lat' dir='ltr'><strong>poribus</strong></span> <span class='ocrx_word' id='word_1_316' title='bbox 453 3753 488 3813; x_wconf 92' lang='lat' dir='ltr'><strong>in</strong></span> <span class='ocrx_word' id='word_1_317' title='bbox 497 3751 604 3813; x_wconf 87' lang='lat' dir='ltr'><strong>Gallia</strong></span> <span class='ocrx_word' id='word_1_318' title='bbox 612 3753 797 3814; x_wconf 90' lang='lat' dir='ltr'><strong>studiorum</strong></span> <span class='ocrx_word' id='word_1_319' title='bbox 806 3758 841 3814; x_wconf 89' lang='lat' dir='ltr'><strong>et</strong></span> <span class='ocrx_word' id='word_1_320' title='bbox 849 3753 1053 3832; x_wconf 88' lang='lat' dir='ltr'><strong>ingeniorum</strong></span> <span class='ocrx_word' id='word_1_321' title='bbox 1062 3751 1177 3813; x_wconf 91' lang='lat' dir='ltr'><strong>altrice</strong></span> <span class='ocrx_word' id='word_1_322' title='bbox 1188 3758 1351 3830; x_wconf 91' lang='lat' dir='ltr'><strong>quantum</strong></span> <span class='ocrx_word' id='word_1_323' title='bbox 1363 3752 1506 3813; x_wconf 86' lang='lat' dir='ltr'><strong>inuidiae</strong></span> <span class='ocrx_word' id='word_1_324' title='bbox 1518 3759 1552 3806; x_wconf 87' lang='lat' dir='ltr'><strong>oo</strong></span> 
     </span>
     <span class='ocr_line' id='line_1_38' title="bbox 308 3835 1506 3915; baseline 0 -19"><span class='ocrx_word' id='word_1_325' title='bbox 308 3837 496 3897; x_wconf 88' lang='lat' dir='ltr'><strong>sustineant</strong></span> <span class='ocrx_word' id='word_1_326' title='bbox 511 3835 542 3895; x_wconf 80' lang='lat' dir='ltr'><strong>oi</strong></span> <span class='ocrx_word' id='word_1_327' title='bbox 554 3835 740 3915; x_wconf 78' lang='grc' dir='ltr'>φιλέλληνες,</span> <span class='ocrx_word' id='word_1_328' title='bbox 754 3836 850 3897; x_wconf 89' lang='lat' dir='ltr'><strong>facile</strong></span> <span class='ocrx_word' id='word_1_329' title='bbox 864 3837 1027 3897; x_wconf 85' lang='lat' dir='ltr'><strong>coniectas</strong></span> <span class='ocrx_word' id='word_1_330' title='bbox 1041 3854 1124 3913; x_wconf 88' lang='lat' dir='ltr'><strong>quos</strong></span> <span class='ocrx_word' id='word_1_331' title='bbox 1136 3835 1351 3897; x_wconf 91' lang='lat' dir='ltr'><strong>barbarorum</strong></span> <span class='ocrx_word' id='word_1_332' title='bbox 1363 3836 1506 3915; x_wconf 90' lang='lat' dir='ltr'><strong>impetus</strong></span> 
     </span>
     <span class='ocr_line' id='line_1_39' title="bbox 308 3918 1505 3998; baseline -0.002 -17"><span class='ocrx_word' id='word_1_333' title='bbox 308 3920 500 3998; x_wconf 83' lang='lat' dir='ltr'><strong>exceperim,</strong></span> <span class='ocrx_word' id='word_1_334' title='bbox 512 3925 590 3980; x_wconf 89' lang='lat' dir='ltr'><strong>ante</strong></span> <span class='ocrx_word' id='word_1_335' title='bbox 605 3939 708 3981; x_wconf 90' lang='lat' dir='ltr'><strong>anuos</strong></span> <span class='ocrx_word' id='word_1_336' title='bbox 722 3919 824 3981; x_wconf 84' lang='lat' dir='ltr'><strong>ferme</strong></span> <span class='ocrx_word' id='word_1_337' title='bbox 846 3920 983 3998; x_wconf 89' lang='lat' dir='ltr'><strong>triginta</strong></span> <span class='ocrx_word' id='word_1_338' title='bbox 1003 3918 1092 3998; x_wconf 93' lang='lat' dir='ltr'><strong>apud</strong></span> <span class='ocrx_word' id='word_1_339' title='bbox 1107 3925 1282 3991; x_wconf 86' lang='lat' dir='ltr'><strong>nostrates,</strong></span> <span class='ocrx_word' id='word_1_340' title='bbox 1297 3920 1505 3980; x_wconf 90' lang='lat' dir='ltr'><strong>iuuentutem</strong></span> 
     </span>
     <span class='ocr_line' id='line_1_40' title="bbox 309 4001 1504 4081; baseline -0.002 -17"><span class='ocrx_word' id='word_1_341' title='bbox 309 4004 352 4064; x_wconf 91' lang='lat' dir='ltr'><strong>ad</strong></span> <span class='ocrx_word' id='word_1_342' title='bbox 375 4003 580 4081; x_wconf 87' lang='lat' dir='ltr'><strong>eloquentiae</strong></span> <span class='ocrx_word' id='word_1_343' title='bbox 601 4003 748 4064; x_wconf 89' lang='lat' dir='ltr'><strong>studium</strong></span> <span class='ocrx_word' id='word_1_344' title='bbox 770 4001 1033 4081; x_wconf 86' lang='lat' dir='ltr'><strong>Graecarumque</strong></span> <span class='ocrx_word' id='word_1_345' title='bbox 1055 4001 1242 4063; x_wconf 87' lang='lat' dir='ltr'><strong>litterarum</strong></span> <span class='ocrx_word' id='word_1_346' title='bbox 1261 4021 1405 4063; x_wconf 90' lang='lat' dir='ltr'><strong>amorem</strong></span> <span class='ocrx_word' id='word_1_347' title='bbox 1423 4004 1504 4063; x_wconf 87' lang='lat' dir='ltr'><strong>exti-</strong></span> 
     </span>
     <span class='ocr_line' id='line_1_41' title="bbox 308 4085 1505 4165; baseline -0.001 -18"><span class='ocrx_word' id='word_1_348' title='bbox 308 4085 449 4147; x_wconf 89' lang='lat' dir='ltr'><strong>mulans.</strong></span> <span class='ocrx_word' id='word_1_349' title='bbox 494 4086 557 4146; x_wconf 86' lang='lat' dir='ltr'><strong>Vix</strong></span> <span class='ocrx_word' id='word_1_350' title='bbox 571 4092 686 4147; x_wconf 90' lang='lat' dir='ltr'><strong>nostra</strong></span> <span class='ocrx_word' id='word_1_351' title='bbox 704 4085 849 4165; x_wconf 82' lang='lat' dir='ltr'><strong>phalanx</strong></span> <span class='ocrx_word' id='word_1_352' title='bbox 869 4087 1079 4147; x_wconf 88' lang='lat' dir='ltr'><strong>sustinuisset</strong></span> <span class='ocrx_word' id='word_1_353' title='bbox 1097 4085 1241 4146; x_wconf 91' lang='lat' dir='ltr'><strong>hostium</strong></span> <span class='ocrx_word' id='word_1_354' title='bbox 1258 4086 1505 4146; x_wconf 90' lang='lat' dir='ltr'><strong>coniuratorum</strong></span> 
     </span>
     <span class='ocr_line' id='line_1_42' title="bbox 309 4168 1552 4248; baseline 0.002 -17"><span class='ocrx_word' id='word_1_355' title='bbox 309 4171 564 4248; x_wconf 89' lang='lat' dir='ltr'><strong>impressionem,</strong></span> <span class='ocrx_word' id='word_1_356' title='bbox 595 4171 629 4228; x_wconf 91' lang='lat' dir='ltr'><strong>ni</strong></span> <span class='ocrx_word' id='word_1_357' title='bbox 657 4169 823 4230; x_wconf 86' lang='lat' dir='ltr'><strong>Adrianus</strong></span> <span class='ocrx_word' id='word_1_358' title='bbox 858 4176 930 4230; x_wconf 91' lang='lat' dir='ltr'><strong>tum</strong></span> <span class='ocrx_word' id='word_1_359' title='bbox 965 4168 1149 4241; x_wconf 89' lang='lat' dir='ltr'><strong>cardinalis,</strong></span> <span class='ocrx_word' id='word_1_360' title='bbox 1186 4174 1302 4248; x_wconf 89' lang='lat' dir='ltr'><strong>postea</strong></span> <span class='ocrx_word' id='word_1_361' title='bbox 1335 4168 1505 4230; x_wconf 87' lang='lat' dir='ltr'><strong>Romanus</strong></span> <span class='ocrx_word' id='word_1_362' title='bbox 1518 4174 1552 4233; x_wconf 82' lang='lat'><strong>⁶5</strong></span> 
     </span>
     <span class='ocr_line' id='line_1_43' title="bbox 309 4251 1505 4333; baseline 0 -20"><span class='ocrx_word' id='word_1_363' title='bbox 309 4253 468 4333; x_wconf 85' lang='lat' dir='ltr'><strong>pontifex,</strong></span> <span class='ocrx_word' id='word_1_364' title='bbox 491 4252 552 4313; x_wconf 91' lang='lat' dir='ltr'><strong>hoc</strong></span> <span class='ocrx_word' id='word_1_365' title='bbox 577 4253 754 4314; x_wconf 87' lang='lat' dir='ltr'><strong>aedidisset</strong></span> <span class='ocrx_word' id='word_1_366' title='bbox 782 4253 969 4314; x_wconf 90' lang='lat' dir='ltr'><strong>oraculum:</strong></span> <span class='ocrx_word' id='word_1_367' title='bbox 1000 4252 1111 4313; x_wconf 87' lang='lat' dir='ltr'><strong>Bonas</strong></span> <span class='ocrx_word' id='word_1_368' title='bbox 1135 4251 1262 4312; x_wconf 91' lang='lat' dir='ltr'><strong>litteras</strong></span> <span class='ocrx_word' id='word_1_369' title='bbox 1285 4270 1353 4312; x_wconf 89' lang='lat' dir='ltr'><strong>non</strong></span> <span class='ocrx_word' id='word_1_370' title='bbox 1373 4251 1505 4324; x_wconf 91' lang='lat' dir='ltr'><strong>damno,</strong></span> 
     </span>
     <span class='ocr_line' id='line_1_44' title="bbox 308 4335 1506 4416; baseline 0 -19"><span class='ocrx_word' id='word_1_371' title='bbox 308 4336 457 4397; x_wconf 82' lang='lat' dir='ltr'><strong>haereses</strong></span> <span class='ocrx_word' id='word_1_372' title='bbox 471 4342 506 4396; x_wconf 90' lang='lat' dir='ltr'><strong>et</strong></span> <span class='ocrx_word' id='word_1_373' title='bbox 520 4335 699 4397; x_wconf 89' lang='lat' dir='ltr'><strong>schismata</strong></span> <span class='ocrx_word' id='word_1_374' title='bbox 712 4337 843 4398; x_wconf 93' lang='lat' dir='ltr'><strong>damno.</strong></span> <span class='ocrx_word' id='word_1_375' title='bbox 886 4335 950 4396; x_wconf 86' lang='lat' dir='ltr'><strong>Sed</strong></span> <span class='ocrx_word' id='word_1_376' title='bbox 964 4335 1053 4416; x_wconf 88' lang='lat' dir='ltr'><strong>apud</strong></span> <span class='ocrx_word' id='word_1_377' title='bbox 1068 4354 1128 4396; x_wconf 91' lang='lat' dir='ltr'><strong>nos</strong></span> <span class='ocrx_word' id='word_1_378' title='bbox 1142 4335 1247 4396; x_wconf 91' lang='lat' dir='ltr'><strong>indies</strong></span> <span class='ocrx_word' id='word_1_379' title='bbox 1265 4336 1409 4396; x_wconf 88' lang='lat' dir='ltr'><strong>mitescit</strong></span> <span class='ocrx_word' id='word_1_380' title='bbox 1426 4335 1506 4397; x_wconf 87' lang='lat' dir='ltr'><strong>haec</strong></span> 
     </span>
     <span class='ocr_line' id='line_1_45' title="bbox 308 4417 1506 4500; baseline -0.002 -20"><span class='ocrx_word' id='word_1_381' title='bbox 308 4419 443 4491; x_wconf 91' lang='lat' dir='ltr'><strong>inuidia,</strong></span> <span class='ocrx_word' id='word_1_382' title='bbox 456 4438 683 4498; x_wconf 91' lang='lat' dir='ltr'><strong>summamque</strong></span> <span class='ocrx_word' id='word_1_383' title='bbox 702 4421 736 4480; x_wconf 92' lang='lat' dir='ltr'><strong>in</strong></span> <span class='ocrx_word' id='word_1_384' title='bbox 756 4439 847 4500; x_wconf 91' lang='lat' dir='ltr'><strong>spem</strong></span> <span class='ocrx_word' id='word_1_385' title='bbox 865 4439 973 4492; x_wconf 89' lang='lat' dir='ltr'><strong>vocor,</strong></span> <span class='ocrx_word' id='word_1_386' title='bbox 993 4419 1063 4481; x_wconf 88' lang='lat' dir='ltr'><strong>iore</strong></span> <span class='ocrx_word' id='word_1_387' title='bbox 1083 4425 1122 4479; x_wconf 88' lang='lat' dir='ltr'><strong>vt</strong></span> <span class='ocrx_word' id='word_1_388' title='bbox 1138 4417 1403 4479; x_wconf 85' lang='lat' dir='ltr'><strong>excellentissimi</strong></span> <span class='ocrx_word' id='word_1_389' title='bbox 1422 4419 1506 4498; x_wconf 89' lang='lat' dir='ltr'><strong>regis</strong></span> 
     </span>
    </p>
   </div>
   <div class='ocr_carea' id='block_1_3' title="bbox 410 4549 1404 4619">
    <p class='ocr_par' dir='ltr' id='par_1_4' title="bbox 410 4549 1404 4619">
     <span class='ocr_line' id='line_1_46' title="bbox 410 4549 1404 4619; baseline -0.001 -16"><span class='ocrx_word' id='word_1_390' title='bbox 410 4568 452 4619; x_wconf 81' lang='lat'><strong>43.</strong></span> <span class='ocrx_word' id='word_1_391' title='bbox 471 4553 568 4604; x_wconf 87' lang='lat' dir='ltr'><strong>Basilii</strong></span> <span class='ocrx_word' id='word_1_392' title='bbox 579 4553 643 4604; x_wconf 84' lang='lat' dir='ltr'><strong>cdd.</strong></span> <span class='ocrx_word' id='word_1_393' title='bbox 655 4554 693 4604; x_wconf 87' lang='lat' dir='ltr'><strong>K.</strong></span> <span class='ocrx_word' id='word_1_394' title='bbox 778 4567 821 4616; x_wconf 81' lang='lat'><strong>52.</strong></span> <span class='ocrx_word' id='word_1_395' title='bbox 839 4553 916 4605; x_wconf 86' lang='lat' dir='ltr'><strong>aliud</strong></span> <span class='ocrx_word' id='word_1_396' title='bbox 928 4571 960 4603; x_wconf 85' lang='lat' dir='ltr'><strong>a:</strong></span> <span class='ocrx_word' id='word_1_397' title='bbox 979 4551 1103 4604; x_wconf 65' lang='lat' dir='ltr'><strong>aliterd.</strong></span> <span class='ocrx_word' id='word_1_398' title='bbox 1193 4556 1236 4602; x_wconf 87' lang='lat'><strong>61.</strong></span> <span class='ocrx_word' id='word_1_399' title='bbox 1254 4549 1353 4603; x_wconf 80' lang='lat' dir='ltr'><strong>oiadd.</strong></span> <span class='ocrx_word' id='word_1_400' title='bbox 1365 4552 1404 4602; x_wconf 81' lang='lat' dir='ltr'><strong>K.</strong></span> 
     </span>
    </p>
   </div>
   <div class='ocr_carea' id='block_1_4' title="bbox 311 4735 1505 5070">
    <p class='ocr_par' dir='ltr' id='par_1_5' title="bbox 311 4735 1505 5000">
     <span class='ocr_line' id='line_1_47' title="bbox 344 4735 1505 4814; baseline -0.001 -26"><span class='ocrx_word' id='word_1_401' title='bbox 344 4741 420 4801; x_wconf 84' lang='lat'><strong>35-6.</strong></span> <span class='ocrx_word' id='word_1_402' title='bbox 438 4743 539 4788; x_wconf 87' lang='lat' dir='ltr'><strong>venter</strong></span> <span class='ocrx_word' id='word_1_403' title='bbox 549 4773 555 4786; x_wconf 93' lang='lat'><strong>.</strong></span> <span class='ocrx_word' id='word_1_404' title='bbox 567 4773 573 4786; x_wconf 96' lang='lat'><strong>.</strong></span> <span class='ocrx_word' id='word_1_405' title='bbox 585 4774 591 4786; x_wconf 92' lang='lat'>.</span> <span class='ocrx_word' id='word_1_406' title='bbox 604 4738 732 4800; x_wconf 87' lang='lat' dir='ltr'><strong>auribus]</strong></span> <span class='ocrx_word' id='word_1_407' title='bbox 741 4737 783 4789; x_wconf 79' lang='lat' dir='ltr'><strong>cf.</strong></span> <span class='ocrx_word' id='word_1_408' title='bbox 793 4737 881 4802; x_wconf 70' lang='lat' dir='ltr'><strong>Aduo.</strong></span> <span class='ocrx_word' id='word_1_409' title='bbox 932 4735 1505 4814; x_wconf 71' lang='lat' dir='ltr'><strong>hereseemstoreiertohisflmtlcuvain</strong></span> 
     </span>
     <span class='ocr_line' id='line_1_48' title="bbox 311 4802 1505 4936; baseline -0.003 -14"><span class='ocrx_word' id='word_1_410' title='bbox 311 4820 385 4933; x_wconf 65' lang='lat' dir='ltr'><strong>¹⁷⁵ii</strong></span> <span class='ocrx_word' id='word_1_411' title='bbox 404 4871 509 4922; x_wconf 73' lang='lat' dir='ltr'><strong>maur</strong></span> <span class='ocrx_word' id='word_1_412' title='bbox 521 4870 662 4933; x_wconf 71' lang='lat' dir='ltr'><strong>nemus]</strong></span> <span class='ocrx_word' id='word_1_413' title='bbox 674 4870 724 4921; x_wconf 71' lang='lat' dir='ltr'><strong>sos</strong></span> <span class='ocrx_word' id='word_1_414' title='bbox 738 4870 793 4936; x_wconf 79' lang='lat' dir='ltr'><strong>up.</strong></span> <span class='ocrx_word' id='word_1_415' title='bbox 805 4885 881 4936; x_wconf 80' lang='lat'><strong>2424.</strong></span> <span class='ocrx_word' id='word_1_416' title='bbox 933 4802 1261 4931; x_wconf 55' lang='lat' dir='ltr'><strong>”slidaffihmm</strong></span> <span class='ocrx_word' id='word_1_417' title='bbox 1271 4868 1380 4919; x_wconf 66' lang='lat' dir='ltr'><strong>aunan</strong></span> <span class='ocrx_word' id='word_1_418' title='bbox 1390 4868 1505 4919; x_wconf 70' lang='lat' dir='ltr'><strong>seam</strong></span> 
     </span>
     <span class='ocr_line' id='line_1_49' title="bbox 311 4934 1503 5000; baseline -0.003 -11"><span class='ocrx_word' id='word_1_419' title='bbox 311 4942 369 4989; x_wconf 82' lang='lat'><strong>261.</strong></span> <span class='ocrx_word' id='word_1_420' title='bbox 932 4952 951 4987; x_wconf 90' lang='lat' dir='ltr'><strong>a</strong></span> <span class='ocrx_word' id='word_1_421' title='bbox 967 4936 1093 4987; x_wconf 84' lang='lat' dir='ltr'><strong>cardinal</strong></span> <span class='ocrx_word' id='word_1_422' title='bbox 1107 4937 1137 4986; x_wconf 90' lang='lat' dir='ltr'><strong>in</strong></span> <span class='ocrx_word' id='word_1_423' title='bbox 1152 4950 1226 4999; x_wconf 81' lang='lat'><strong>1517,</strong></span> <span class='ocrx_word' id='word_1_424' title='bbox 1242 4934 1345 5000; x_wconf 84' lang='lat' dir='ltr'><strong>during</strong></span> <span class='ocrx_word' id='word_1_425' title='bbox 1359 4935 1503 4986; x_wconf 79' lang='lat' dir='ltr'><strong>Erasmus’</strong></span> 
     </span>
    </p>

    <p class='ocr_par' dir='ltr' id='par_1_6' title="bbox 343 5001 1434 5070">
     <span class='ocr_line' id='line_1_50' title="bbox 343 5001 1434 5070; baseline -0.003 -15"><span class='ocrx_word' id='word_1_426' title='bbox 343 5008 386 5055; x_wconf 81' lang='lat'><strong>62.</strong></span> <span class='ocrx_word' id='word_1_427' title='bbox 404 5019 495 5054; x_wconf 81' lang='lat' dir='ltr'><strong>annos</strong></span> <span class='ocrx_word' id='word_1_428' title='bbox 516 5041 521 5053; x_wconf 93' lang='lat'>.</span> <span class='ocrx_word' id='word_1_429' title='bbox 544 5039 551 5052; x_wconf 88' lang='lat'><strong><em>.</em></strong></span> <span class='ocrx_word' id='word_1_430' title='bbox 574 5040 581 5053; x_wconf 92' lang='lat'><strong>.</strong></span> <span class='ocrx_word' id='word_1_431' title='bbox 602 5003 731 5070; x_wconf 84' lang='lat' dir='ltr'><strong>triginta]</strong></span> <span class='ocrx_word' id='word_1_432' title='bbox 748 5003 885 5055; x_wconf 75' lang='lat' dir='ltr'><strong>Erasmm</strong></span> <span class='ocrx_word' id='word_1_433' title='bbox 933 5001 1038 5055; x_wconf 84' lang='lat' dir='ltr'><strong>second</strong></span> <span class='ocrx_word' id='word_1_434' title='bbox 1049 5003 1178 5055; x_wconf 82' lang='lat' dir='ltr'><strong>Louvain</strong></span> <span class='ocrx_word' id='word_1_435' title='bbox 1188 5001 1296 5069; x_wconf 89' lang='lat' dir='ltr'><strong>period,</strong></span> <span class='ocrx_word' id='word_1_436' title='bbox 1310 5015 1434 5067; x_wconf 82' lang='lat'>1⁵17·21·</span> 
     </span>
    </p>
   </div>
   <div class='ocr_carea' id='block_1_5' title="bbox 343 5101 924 5170">
    <p class='ocr_par' dir='ltr' id='par_1_7' title="bbox 343 5101 924 5170">
     <span class='ocr_line' id='line_1_51' title="bbox 343 5101 924 5170; baseline -0.007 0"><span class='ocrx_word' id='word_1_437' title='bbox 343 5118 422 5170; x_wconf 67' lang='lat' dir='ltr'><strong>asae</strong></span> <span class='ocrx_word' id='word_1_438' title='bbox 878 5101 924 5156; x_wconf 71' lang='lat'><strong>·0</strong></span> 
     </span>
    </p>
   </div>
   <div class='ocr_carea' id='block_1_6' title="bbox 0 0 2027 5900">
    <p class='ocr_par' dir='ltr' id='par_1_8' title="bbox 0 0 2027 5900">
     <span class='ocr_line' id='line_1_52' title="bbox 0 0 2027 5900; baseline 0 0"><span class='ocrx_word' id='word_1_439' title='bbox 0 0 2027 5900; x_wconf 95' lang='lat' dir='ltr'><strong> </strong></span> 
     </span>
    </p>
   </div>
  </div>
 </body>
</html>
