4042 5900
523 626 585 687 242
848 623 1047 687 Lamnas
1068 622 1349 687 ornassnus
1625 627 1721 705 [1531

524 805 591 865 qua
615 783 737 846 multos
762 785 827 845 iam
851 789 887 846 et
911 784 1026 845 doctos
1054 785 1181 845 variare
1205 784 1311 845 viden.
1363 782 1469 846 Velim
1492 783 1649 863 equidem
1673 790 1721 858 vt,

524 868 799 949 quemadmodum
820 868 854 928 in
873 867 944 929 aliis
962 886 1029 928 non
1049 869 1162 947 paucis
1183 887 1267 946 quae
1284 867 1518 929 consuetudine
1540 873 1614 929 tum
1637 866 1722 929 falso

478 962 511 1021 65
524 959 619 1013 erant
647 959 815 1031 vsurpate,
844 957 879 1012 et
901 969 985 1029 quae
1014 956 1167 1030 spectant
1193 950 1237 1011 ad
1259 951 1526 1030 orthographiam
1550 952 1663 1011 verius
1687 957 1722 1011 et

525 1035 777 1096 obseruarentur
791 1039 827 1094 ot
841 1035 1065 1095 scriberentur.
1109 1034 1260 1113 Exempli
1278 1036 1385 1113 gratia
1404 1040 1482 1094 sunt
1499 1035 1556 1112 qui
1571 1034 1722 1094 scribunt

524 1117 732 1198 adprehendo
746 1124 781 1179 et
795 1118 1014 1197 pronunciant
1023 1117 1233 1196 adprehendo
1246 1136 1307 1197 pro
1315 1117 1533 1196 apprehendo,
1548 1116 1605 1178 alii
1621 1118 1721 1178 inter·

525 1221 607 1282 pres,
623 1202 701 1274 otio,
715 1200 771 1261 alii
786 1202 865 1275 ocio,
881 1202 1059 1279 interpraes,
1075 1220 1092 1261 c
1107 1208 1142 1261 et
1160 1200 1341 1280 dipthongo
1359 1200 1507 1262 scribunt
1520 1207 1583 1261 etc.
1629 1199 1722 1273 Quae

525 1285 657 1364 quidem
678 1286 726 1345 ita
748 1285 861 1345 tenuia
884 1303 950 1345 non
973 1290 1052 1345 sunt
1076 1290 1116 1344 vt
1136 1284 1180 1345 ad
1200 1285 1415 1363 grammatica
1435 1303 1502 1344 non
1520 1285 1722 1363 pertineant,

480 1388 513 1439 70
525 1387 609 1447 quae
632 1368 713 1428 artis
735 1368 838 1447 magis
859 1374 976 1439 essent,
998 1373 1038 1427 vt
1059 1367 1320 1440 obseruareutur‚
1335 1387 1436 1446 quam
1450 1374 1489 1428 vt
1503 1368 1724 1446 quantumuis

524 1452 642 1531 exigua
656 1451 923 1512 condemnantur.

567 1535 740 1595 Praeterea
760 1534 962 1595 Christianae
987 1535 1033 1594 rei
1055 1533 1226 1595 commodo
1248 1534 1335 1594 hisce
1358 1533 1473 1594 diebus
1495 1533 1661 1611 quaedam
1682 1553 1724 1594 ex

524 1617 664 1697 epistola
688 1624 757 1691 tua,
784 1636 883 1695 quam
905 1617 947 1677 ad
972 1617 1116 1677 Phrisiae
1141 1616 1260 1678 iratres
1285 1618 1452 1697 scripsisti,
1479 1616 1722 1696 apologetic<a>

526 1702 647 1778 <ve>rti
664 1706 867 1780 argumenta,
884 1701 998 1760 multis
1016 1699 1165 1779 profecto
1183 1701 1314 1779 cognitu
1335 1719 1461 1778 vsuque
1476 1700 1585 1779 digna.
1630 1698 1722 1773 Quae

481 1803 513 1854 75
526 1802 604 1844 vero
617 1783 936 1863 Arge<nti>nensium
947 1790 982 1843 et
996 1782 1195 1861 reliquorum
1206 1790 1299 1844 tuam
1311 1783 1401 1863 apud
1414 1802 1548 1844 causam
1562 1783 1721 1855 attinent,

526 1866 708 1928 consultius
722 1868 825 1927 omisi.
870 1865 977 1940 Quare
999 1885 1072 1946 spes
1090 1872 1143 1927 est
1160 1872 1196 1927 et
1215 1873 1248 1927 te
1265 1885 1371 1945 neque
1385 1872 1560 1946 mustum
1576 1867 1615 1927 iri
1631 1868 1721 1945 quic·

526 1950 606 2029 quid
621 1952 654 2010 in
672 1969 741 2010 rem
756 1950 844 2030 pub,
859 1969 986 2028 eanque
1001 1949 1157 2022 diuinam,
1169 1949 1223 2011 vel
1237 1950 1444 2011 administres
1458 1950 1512 2011 vel
1524 1969 1722 2029 quacunque

526 2035 692 2095 occasione
713 2034 809 2093 iuxta
827 2032 921 2093 Pauli
939 2032 1109 2094 consilium
1126 2033 1381 2106 administretur,
1402 2039 1437 2094 et
1457 2052 1563 2111 neque
1585 2032 1723 2094 moleste

526 2116 672 2178 laturum
686 2136 765 2190 esse,
780 2123 858 2176 vtut
873 2116 952 2177 baec
966 2116 1010 2177 ad
1024 2122 1058 2177 te
1073 2117 1296 2196 impudentius
1311 2118 1413 2196 magis
1428 2135 1527 2195 quam
1542 2116 1724 2197 prudentis

480 2208 514 2257 80
526 2200 580 2261 vel
594 2200 775 2261 eruditione
790 2201 970 2280 scripserim
984 2222 991 2273 ;
1022 2219 1122 2278 quam
1142 2220 1209 2261 non
1223 2201 1357 2280 perinde
1370 2202 1471 2261 etiam
1485 2206 1587 2278 atque
1601 2202 1722 2279 impro-

526 2283 675 2355 bitatem,
694 2284 721 2343 si
738 2282 892 2343 rescribes
911 2281 998 2356 olim,
1014 2283 1275 2357 animaduertes;
1302 2302 1490 2362 quanquam
1506 2284 1533 2344 si
1552 2283 1630 2344 boni
1645 2303 1722 2345 con·

527 2366 621 2440 sules,
645 2373 679 2427 et
704 2366 784 2427 alias
806 2366 944 2445 posthac
967 2367 1063 2445 plura
1091 2366 1294 2446 fortasseque
1323 2373 1382 2429 tua
1407 2368 1547 2428 lectione
1572 2366 1723 2446 digniora

527 2451 664 2510 scribere
679 2451 809 2510 curabo.

568 2532 658 2607 Vale,
672 2532 766 2593 bonis
780 2532 882 2594 literis
897 2539 931 2594 et
939 2532 1080 2593 literatis
1091 2533 1273 2594 diutissime
1282 2540 1454 2613 superstes.
1484 2533 1724 2613 Iterumatque

480 2622 513 2685 85
526 2618 645 2679 iterum
659 2616 742 2677 vale.

569 2700 657 2761 Data
671 2699 847 2779 Augustae,
863 2699 976 2760 Nonas
990 2699 1110 2779 Aprilis
1125 2716 1153 2775 3.
1169 2699 1289 2761 Christi
1303 2701 1374 2761 nati
1387 2700 1482 2760 Anno
1499 2712 1589 2775 1531.

997 2781 1249 2863 Christophorus
1263 2783 1448 2844 Freisleben
1461 2783 1681 2862 paedagogus.

569 2892 709 2954 Doctiss.
725 2911 762 2953 ac
783 2892 989 2971 integerrimo
1006 2892 1087 2965 vir0,
1106 2891 1146 2953 D.
1166 2891 1303 2953 Erasmo
1322 2891 1555 2964 Roterodamo,
1571 2891 1726 2973 Friburgi

528 2975 795 3055 Brisgaudiensis,
811 2977 967 3037 acerrimo
982 2976 1028 3036 rei
1042 2976 1204 3036 literariae
1219 2976 1431 3037 instauratori
1446 2975 1576 3037 dantor.

481 3053 516 3100 ⁹⁰
1344 3059 1494 3138 Friburgi
1508 3057 1681 3137 Brisgaud.

840 3325 940 3385 2476.
988 3320 1041 3385 To
1065 3321 1222 3386 Arrorr
1246 3320 1408 3386 Macra.

565 3448 725 3520 Epistulae
737 3448 880 3503 Floridae
892 3466 922 3519 p.
937 3464 983 3519 24.
1501 3448 1661 3518 Freiburg.

565 3525 607 3579 K.
622 3542 653 3595 p.
668 3540 721 3595 41:
740 3524 781 3578 N.
795 3542 825 3595 p.
840 3538 912 3594 971:
934 3523 1032 3579 Lond.
1047 3542 1120 3578 xxv.
1137 3536 1188 3593 17:
1209 3525 1273 3579 LB.
1292 3525 1372 3579 1180.
1467 3543 1484 3595 4
1498 3524 1587 3595 April
1603 3538 1686 3592 1531.

790 3658 944 3702 ERASMVS
958 3658 1080 3703 ROTER.
1097 3658 1247 3704 ANTONIO
1263 3658 1420 3703 wuosno
1436 3658 1462 3703 S.

572 3748 673 3822 vin
695 3751 842 3811 animum
863 3751 964 3811 istum
987 3756 1082 3811 tuum
1097 3757 1166 3811 tam
1182 3753 1275 3811 vnioe
1290 3751 1431 3811 amicum
1446 3747 1659 3829 contemplor,
1675 3751 1729 3811 vir

529 3833 744 3906 ornatissime,
760 3854 861 3912 quum
877 3839 994 3912 reputo
1009 3833 1098 3912 quod
1117 3835 1151 3894 in
1168 3854 1220 3895 me
1235 3834 1315 3894 nihil
1330 3835 1542 3912 promeritum
1562 3832 1728 3893 beneficiis

529 3916 686 3978 beneficia
700 3917 856 3988 cumulas,
871 3922 1048 3995 postremo,
1060 3917 1149 3995 quod
1163 3917 1261 3978 homo
1275 3917 1445 3996 praediues
1459 3916 1502 3976 ad
1516 3916 1729 3976 fortunarum

530 4002 730 4061 consortium
756 4001 894 4060 inuitas:
927 4001 1049 4078 partim
1074 4001 1154 4060 mihi
1177 4001 1289 4062 videor
1311 4001 1434 4079 egregie
1459 3999 1548 4071 felix,
1574 3999 1627 4059 cui
1649 3999 1729 4060 talis

501 4102 517 4151 5
530 4090 691 4163 patronus
705 4090 739 4143 et
754 4086 877 4144 amicus
892 4083 1053 4144 diuinitus
1067 4085 1239 4163 obtigerit;
1271 4084 1391 4163 partim
1411 4083 1530 4143 rubore
1545 4081 1728 4156 suffundor,

531 4173 631 4245 atque
659 4168 760 4227 etiam
789 4168 897 4228 animo
928 4167 1114 4239 discrucior,
1143 4186 1255 4245 quum,
1285 4166 1428 4227 excussis
1458 4164 1610 4225 omnibus
1645 4167 1729 4227 meis

530 4249 755 4324 facultatibus,
778 4250 860 4312 nihil
880 4252 1006 4330 reperio
1028 4269 1095 4328 quo
1116 4255 1224 4310 tecum
1242 4251 1333 4328 paria
1348 4250 1453 4310 iacere
1467 4268 1596 4328 queam.
1640 4247 1729 4321 Quid

531 4340 643 4394 autem
659 4333 727 4393 dixi
745 4335 860 4413 paria?
893 4332 964 4406 Quo
986 4333 1104 4393 saltem
1121 4334 1207 4413 grati
1226 4333 1382 4394 debitoris
1399 4351 1594 4412 propensam
1609 4331 1728 4392 volun·

531 4423 636 4478 tatem
650 4416 819 4477 declarem.
863 4416 1002 4477 Proinde
1024 4416 1139 4477 Ioanni
1158 4414 1295 4476 Cholero
1314 4417 1479 4476 communi
1498 4416 1603 4476 amico
1618 4416 1729 4494 pristi-

488 4518 520 4554 ιο
531 4518 607 4560 nam
622 4500 799 4566 amicitiam
814 4500 1010 4571 renunciaui,
1027 4500 1061 4559 ni
1080 4499 1160 4560 mihi
1175 4499 1261 4560 bona
1280 4499 1343 4560 fide
1359 4505 1511 4579 suggerat
1525 4499 1730 4560 occasionem

532 4580 719 4644 declarandi
739 4583 857 4660 quanti
877 4582 996 4644 faciam
1018 4583 1109 4644 istud
1129 4589 1245 4663 pectus
1264 4588 1317 4644 tot
1339 4585 1518 4663 gratiarum
1538 4581 1731 4643 muneribus

531 4670 735 4727 exornatum.
779 4666 917 4745 Magnae
934 4666 1070 4728 diuitiae
1091 4666 1197 4728 solent
1213 4668 1390 4745 possessori
1411 4665 1581 4727 conciliare
1601 4664 1731 4727 fastum

698 4792 773 4842 2476.
793 4806 816 4841 1.
834 4793 916 4842 vnice
927 4793 1107 4856 scripsimus:
1124 4792 1213 4843 amice
1223 4792 1255 4842 J.
1356 4807 1381 4852 9.
1400 4792 1500 4842 Ioanni
1512 4790 1575 4840 add.
1587 4791 1625 4840 K.

567 4958 641 5008 24⁷5.
660 4971 701 5020 73.
719 4957 851 5022 epistola]
868 4957 928 5007 The
945 4965 1039 5009 contra
1058 4957 1729 5023 Pseudeuonqeucoa,seesspp.2219.11n,2238.
