4042 5900
518 667 578 728 172
843 664 1043 729 LETTERS
1063 665 1119 729 OF
1139 664 1344 729 ERASMUS
1616 666 1710 744 [1531

516 844 589 885 sum
619 831 689 886 tam
718 824 818 885 hebes
843 825 923 904 quin
948 826 1079 887 videam
1104 845 1169 905 que
1193 824 1365 887 scribendo
1390 824 1590 885 Romanensi
1611 842 1712 903 regno

516 907 644 987 placere
662 909 794 988 possim.
838 908 1001 970 Hereticie
1019 908 1143 970 mederi
1164 909 1275 970 malim
1297 926 1398 988 quarn
1418 907 1560 987 probari.
1604 905 1710 981 Quam

469 1011 503 1062 95
516 990 597 1052 mihi
618 1011 694 1052 cum
714 990 778 1052 illis
798 994 973 1053 conueniat
993 993 1119 1054 nescio:
1142 991 1224 1053 illud
1237 998 1378 1065 constat,
1394 990 1516 1052 nullius
1529 1009 1649 1051 nomen
1663 992 1710 1051 eis

516 1075 653 1135 inuisius
666 1094 736 1136 esse
751 1094 851 1153 quam
866 1075 1004 1136 Erasmi.
1049 1074 1135 1148 Quid
1152 1077 1253 1155 igitur
1272 1076 1379 1136 dicam
1393 1074 1434 1135 de
1447 1074 1505 1135 illo
1518 1074 1625 1134 amico
1639 1078 1709 1146 tuo,

515 1176 613 1237 quem
634 1165 669 1219 et
691 1177 801 1219 meum
820 1177 890 1219 esse
913 1158 1123 1232 credideram,
1145 1160 1202 1237 qui
1223 1178 1275 1220 me
1295 1158 1393 1219 isthic
1412 1164 1482 1217 tam
1499 1156 1712 1218 inclementer

514 1240 626 1320 lingua
640 1242 806 1321 proscidit,
821 1260 924 1320 quum
938 1241 1026 1321 apud
1042 1261 1164 1314 omnes,
1184 1248 1257 1303 tum
1276 1242 1448 1322 praecipue
1469 1239 1559 1320 apud
1581 1239 1708 1301 nobiles

514 1330 550 1385 et
564 1330 742 1404 magnetes,
757 1344 796 1386 ac
806 1325 921 1386 multis
934 1326 1114 1405 persuasit:
1135 1326 1289 1386 nimirum
1304 1323 1419 1404 ἐρήμην
1432 1323 1567 1402 νικήσας.

454 1428 502 1467 100
557 1405 620 1468 Sed
635 1408 694 1469 hec
708 1406 858 1469 Christus
872 1407 1001 1469 viderit.
1045 1407 1180 1469 Omissis
1194 1408 1402 1487 querimoniis
1416 1407 1459 1469 ad
1478 1413 1572 1468 tuam
1586 1407 1708 1486 episto-

514 1488 582 1552 lam
596 1490 701 1552 redeo.
739 1490 828 1552 Illud
843 1511 945 1553 vnum
959 1491 1056 1553 video
1071 1511 1248 1571 superesse,
1259 1498 1298 1552 vt
1311 1491 1463 1552 dominus
1478 1510 1538 1551 suo
1552 1490 1710 1551 ineffabili

514 1574 649 1635 consilio
663 1575 713 1635 his
726 1574 822 1636 malis
836 1574 933 1636 finem
949 1576 1108 1654 imponat,
1119 1573 1384 1654 quandoquidem
1392 1575 1562 1635 hominum
1573 1574 1710 1635 consilia

514 1656 595 1718 nihil
614 1657 705 1719 aliud
726 1657 885 1719 hactenus
904 1678 1003 1737 quam
1018 1658 1143 1720 malum
1157 1663 1363 1738 exasperant.
1407 1657 1486 1731 Quis
1501 1663 1708 1736 expectasset

514 1746 645 1802 tantam
673 1743 708 1802 in
736 1740 987 1820 Oecolampedio
1012 1743 1253 1803 mutationem?
1304 1741 1391 1803 Ante
1419 1740 1581 1801 cucullam
1610 1739 1709 1819 plane

454 1845 501 1896 105
514 1824 694 1891 monachus
704 1832 785 1897 erat,
795 1832 830 1886 et
844 1825 1076 1904 superstitione
1090 1830 1204 1886 nostro
1214 1823 1367 1886 sodalitio
1378 1822 1608 1896 submolestus,
1620 1843 1708 1884 nunc

514 1913 641 1985 quanto
660 1907 744 1969 alius
766 1910 819 1981 sit,
835 1908 1010 1969 obscurum
1024 1927 1091 1969 non
1104 1915 1165 1969 est.
1208 1908 1259 1969 De
1273 1908 1425 1969 Luscinio
1439 1906 1506 1967 tale
1520 1905 1602 1966 nihil
1616 1908 1708 1966 inau-

514 1989 655 2051 dieram:
679 1990 736 2052 sed
755 1997 868 2051 tamen
886 1991 934 2052 illi
954 1990 1112 2070 gratulor,
1128 1993 1262 2053 tametsi
1281 1992 1427 2070 suspicor
1446 1989 1539 2050 illum
1553 2008 1626 2050 eam
1642 2008 1709 2050 non

513 2073 734 2134 admissurum
747 2074 1012 2153 gratulationem.
1049 2074 1238 2154 Sparserum
1249 2093 1346 2153 quem
1361 2092 1523 2134 memoras
1537 2091 1603 2133 non
1619 2073 1707 2133 noui.

513 2155 619 2218 Tuam
633 2158 786 2219 eximiam
800 2164 1057 2237 perpetuamque
1068 2158 1226 2237 pietatem
1240 2177 1306 2218 non
1320 2156 1427 2218 solum
1441 2176 1482 2217 ex
1496 2156 1563 2217 tuis
1578 2155 1708 2229 litteris,

453 2262 501 2299 110
513 2241 728 2301 verumetiam
743 2260 784 2301 ex
799 2240 938 2302 aliorum
953 2242 1084 2321 scriptis
1099 2243 1247 2320 cognoui,
1262 2240 1451 2319 dominique
1471 2239 1708 2318 benignitatem

512 2323 547 2383 in
561 2328 595 2383 te
608 2323 788 2398 exosculor,
803 2324 950 2404 gratulor
964 2326 1065 2386 etiarn
1073 2324 1226 2386 felicitati
1240 2330 1327 2397 tuae,
1337 2324 1394 2404 qui
1407 2330 1462 2384 tot
1475 2342 1578 2384 annos
1592 2322 1707 2383 eadem

513 2406 547 2466 in
567 2407 648 2467 vrbe
669 2408 760 2469 facta
777 2408 868 2469 verbi
889 2407 992 2469 diuini
1013 2414 1157 2469 semente
1178 2427 1253 2469 cum
1275 2408 1361 2469 bona
1381 2408 1488 2486 gratia
1509 2406 1707 2484 collegarum

513 2494 646 2551 tuorum
665 2491 709 2551 ad
725 2491 916 2570 ampliorem
935 2492 1104 2552 fortunam
1125 2492 1261 2552 vocaris.
1304 2490 1460 2551 Ioannem
1482 2489 1626 2550 Fabrum
1641 2488 1706 2549 Do-

512 2574 711 2635 minicanum
721 2576 808 2648 noui,
818 2574 981 2635 hominem
989 2576 1024 2635 in
1035 2574 1235 2636 Themistica
1244 2573 1408 2652 theologia
1414 2572 1549 2653 pulchre
1561 2571 1706 2645 doctum,

451 2678 499 2729 115
512 2656 570 2717 sed
590 2658 671 2717 mire
688 2658 819 2719 vafrum
838 2677 876 2719 ac
898 2657 1110 2737 versipellem.
1155 2657 1188 2718 Is
1211 2657 1317 2719 Rome
1337 2658 1444 2735 coepit
1463 2658 1498 2717 in
1517 2675 1568 2715 me
1589 2654 1706 2716 debac-

511 2739 611 2813 chari,
633 2740 786 2802 videlicet
804 2761 870 2820 quo
892 2760 926 2802 se
947 2742 1169 2802 reconciliaret
1189 2740 1283 2803 Oard.
1306 2740 1471 2812 Caietano,
1492 2738 1531 2799 de
1546 2758 1612 2817 quo
1626 2738 1707 2799 mihi

512 2829 609 2884 tanta
629 2831 780 2885 narraret
802 2823 889 2885 mala
914 2831 954 2885 vt
969 2824 1081 2885 nullus
1102 2844 1214 2886 scurra
1236 2826 1270 2885 in
1295 2842 1440 2884 scurram
1464 2828 1575 2901 posset
1600 2822 1706 2883 dicere

511 2905 616 2986 plura.
660 2904 785 2969 Obiisse
798 2927 885 2969 nunc
899 2909 1042 2988 primum
1056 2907 1172 2970 audio:
1196 2907 1347 2970 dominus
1360 2906 1447 2969 illius
1462 2907 1662 2967 misereatur.

553 2990 604 3050 Ex
619 2991 838 3070 superioribus
858 2991 977 3053 litteris
998 2991 1109 3053 videre
1130 2991 1210 3052 mihi
1231 2991 1344 3053 videor
1366 3010 1424 3051 nec
1444 2996 1539 3051 tuum
1559 2991 1706 3050 animum

450 3096 499 3133 120
511 3072 554 3134 ab
569 3073 629 3134 hac
644 3076 826 3154 suspicione
845 3077 977 3136 omnino
999 3095 1127 3154 purum,
1143 3076 1238 3154 quasi
1256 3094 1322 3136 non
1340 3093 1442 3136 essem
1457 3073 1583 3135 alienus
1597 3072 1640 3133 ab
1655 3073 1707 3133 his

511 3158 617 3230 sectis,
636 3157 739 3218 donec
760 3158 907 3238 prodiret
926 3159 1066 3238 epistola
1087 3159 1130 3220 ed
1145 3158 1343 3231 Vulturium,
1359 3177 1471 3218 rursus
1489 3155 1648 3235 Apologia
1662 3156 1706 3217 ad

510 3239 630 3300 librum
646 3240 771 3303 Buceri.
814 3240 918 3320 Atqui
936 3243 964 3303 si
978 3241 1107 3320 legisses
1124 3241 1261 3304 Seruum
1275 3241 1458 3302 Arbitrium
1476 3240 1612 3301 Lutheri
1629 3259 1705 3300 cum

510 3342 583 3383 mea
612 3323 773 3398 Diatriba,
797 3344 897 3404 quam
920 3324 1121 3386 odiosissime
1143 3325 1283 3386 lacerat:
1313 3344 1425 3385 rursus
1450 3323 1533 3384 duos
1556 3322 1704 3402 Hypera-

510 3407 638 3485 spistas,
649 3407 1001 3488 quibusillirespondi:
1018 3408 1061 3469 ad
1071 3408 1159 3482 haec,
1168 3409 1317 3469 libellum
1325 3408 1482 3469 aduersus
1493 3405 1705 3485 Leopcldum,

448 3512 496 3562 125
510 3494 549 3549 vt
563 3490 628 3550 iam
643 3490 748 3551 dicere
768 3491 994 3570 supersedeam
1014 3498 1067 3552 tot
1086 3492 1250 3571 epistolas,
1266 3491 1385 3571 quibus
1405 3491 1536 3551 declaro
1558 3491 1705 3550 animum

509 3590 629 3647 meum,
652 3574 801 3635 fortassis
825 3575 923 3636 aliter
946 3575 988 3635 dc
1013 3594 1066 3635 me
1089 3577 1250 3636 sensisses.
1294 3573 1328 3636 Si
1356 3594 1430 3635 cum
1453 3574 1517 3635 illis
1539 3574 1704 3646 sentirem,

509 3655 590 3734 quid
612 3676 695 3736 opus
714 3664 786 3718 erat
809 3658 991 3737 relinquere
1013 3658 1185 3731 Basileam,
1207 3677 1326 3737 magno
1349 3659 1395 3717 rei
1413 3656 1583 3717 familiaris
1605 3655 1703 3717 detri-

509 3745 631 3812 mento,
660 3760 852 3820 summoque
877 3741 1077 3802 valetudinis
1105 3742 1273 3821 periculo?
1315 3739 1380 3802 Sed
1407 3742 1442 3801 in
1470 3740 1561 3801 libris
1585 3744 1705 3800 extant

509 3823 671 3900 quaedam
699 3823 908 3903 dogmatibus
930 3824 1124 3904 improbatis
1148 3825 1276 3886 affinia:
1298 3823 1333 3884 id
1356 3843 1458 3902 quum
1481 3843 1502 3884 a
1523 3822 1637 3883 multis
1660 3824 1705 3883 sit

448 3928 496 3977 130
508 3904 673 3967 maliciose
687 3907 798 3968 studio
813 3913 989 3981 tentatum,
1005 3907 1116 3969 nullus
1136 3908 1244 3969 adhuc
1264 3909 1375 3986 potuit
1389 3907 1490 3968 vllam
1507 3906 1704 3966 sententiam

507 3988 635 4050 adferre
656 3997 857 4069 pugnantem
879 3990 1049 4052 euidenter
1070 4010 1145 4051 cum
1167 3991 1313 4052 articulis
1335 3990 1419 4051 fidei.
1463 3989 1542 4062 Quis
1557 4008 1703 4067 vnquam

508 4073 683 4151 quicquam
705 4074 788 4135 adeo
807 4076 1040 4155 circumspecte
1061 4075 1200 4155 scripsit,
1215 4074 1304 4153 quod
1324 4072 1506 4135 maleuolus
1519 4091 1586 4133 non
1600 4073 1704 4151 possit

508 4154 561 4216 vel
583 4156 740 4231 scandali,
764 4158 816 4219 vel
837 4158 1031 4231 schismatis,
1053 4157 1107 4218 vel
1128 4159 1253 4231 erroris,
1274 4156 1327 4218 vel
1349 4157 1554 4228 temeritatis,
1570 4155 1623 4215 vel
1637 4155 1703 4216 alio

540 4303 582 4353 95.
601 4306 704 4341 nomen
716 4291 805 4342 eisJ:
823 4308 927 4344 0011010
938 4291 1003 4343 MS.
1094 4307 1136 4354 99.
1155 4290 1248 4357 ερήμνύ
1257 4299 1373 4356 μῐκησασ
1383 4291 1447 4342 MS.
1535 4303 1591 4352 105.
1609 4295 1659 4340 et.
1674 4327 1701 4340 ..

506 4357 697 4408 submolestus
708 4359 772 4409 cdd.
782 4359 820 4409 K.
891 4362 948 4410 106.
966 4360 1097 4410 Luscinio
1109 4359 1190 4410 MS:
1208 4359 1298 4410 altero
1309 4360 1359 4424 qui
1370 4374 1388 4408 a
1400 4359 1606 4416 Luteranismo,
1614 4362 1703 4421 atque

506 4425 594 4474 etiam
616 4425 826 4491 anabaptismo,
847 4426 932 4477 rediit
954 4427 993 4476 ad
1010 4426 1156 4476 ecclesiam
1172 4425 1203 4476 J.
1274 4428 1363 4491 107-8.
1382 4425 1499 4475 tametsi
1513 4463 1519 4473 .
1534 4461 1540 4473 .
1555 4461 1562 4473 .
1576 4424 1701 4488 gratula-

506 4491 614 4542 tionem
636 4491 701 4542 066.
720 4491 752 4542 J.
829 4494 886 4543 108.
910 4508 996 4558 quem
1019 4508 1159 4544 memoras
1180 4493 1245 4543 odd.
1268 4494 1306 4542 Κ.
1377 4507 1433 4543 120.
1451 4492 1567 4542 omnino
1588 4491 1626 4540 ab
1649 4490 1702 4540 hac

505 4557 664 4623 suspicione
686 4557 717 4609 J.
804 4574 861 4610 121.
886 4559 1114 4625 prodimus:
1137 4559 1278 4626 prodisset
1295 4559 1326 4610 J.
1416 4574 1472 4608 100.
1497 4558 1599 4608 Bucari
1619 4557 1701 4607 Ms:

505 4624 730 4676 ecclesisstarum
745 4625 777 4676 J.
859 4641 916 4689 123.
933 4642 997 4676 mea
1013 4625 1051 4676 J:
1069 4628 1141 4677 mira
1158 4626 1222 4677 MS.
1303 4629 1395 4687 125-6.
1413 4641 1508 4675 meum
1525 4625 1653 4674 animum
1669 4624 1700 4673 J.

507 4704 564 4754 127.
582 4691 723 4743 Basileam
734 4691 815 4743 MSa
833 4693 933 4744 nidum
945 4693 1111 4744 familiarem
1120 4694 1159 4744 Κ.
1236 4707 1341 4756 129-30.
1360 4692 1502 4743 maliciose
1513 4691 1610 4742 studio
1621 4690 1659 4741 sit
1669 4689 1701 4741 J.

537 4836 580 4894 96.
598 4834 700 4896 amico]
712 4834 782 4886 Eck.
1129 4834 1249 4886 General
1260 4835 1290 4884 01
1304 4835 1356 4885 the
1369 4834 1566 4892 Dominicans3
1584 4848 1631 4883 see
1645 4833 1700 4898 Ep.

537 4914 580 4961 99·
599 4898 703 4966 1111011
715 4901 759 4953 Of·
771 4902 827 4969 sp.
838 4903 898 4963 998·
910 4916 987 4967 40³²·
1128 4904 1261 4964 ⁸91·25n·
1449 4967 1454 4979 ,
1517 4967 1523 4979 ,

539 4968 597 5017 108.
615 4967 791 5034 Spcrserum]
803 4968 917 5035 SeeEp.
928 4983 1003 5034 2430.
1014 4982 1077 5033 27¹¹·
1163 4981 1220 5029 119.
1238 4968 1430 5033 superioribus
1436 4967 1550 5029 litteris]
1558 4967 1613 5032 Ep.
1623 4980 1700 5032 2402.

540 5036 597 5085 116.
615 5033 762 5098 Caietam]
790 5035 913 5087 Thomas
944 5035 980 5086 de
1014 5035 1077 5097 Vio,
1127 5046 1203 5097 9—15.
