4042 5900
386 680 482 758 2604]

628 860 844 955 ²⁵⁶⁸²⁶⁰4sar
879 866 932 933 Το
948 866 1100 933 V1cmus
1116 867 1339 933 chrrauus.

425 1005 613 1059 Rotterdam
626 1004 690 1059 MS.
707 1009 746 1074 (a)
1317 1006 1474 1075 Freiburg.

425 1080 466 1133 K.
481 1097 511 1149 p.
530 1095 578 1147 13:
599 1081 638 1133 N.
652 1097 683 1151 p.
698 1095 768 1147 951:
789 1079 888 1134 Lond.
903 1080 987 1134 xxiv.
1003 1094 1057 1149 30:
1255 1081 1446 1151 8February
1462 1095 1544 1149 1532.

425 1155 490 1208 LB.
508 1156 685 1226 1111111·
700 1159 754 1225 3⁶4
769 1158 816 1224 (1).

421 1281 477 1341 [An
490 1282 606 1345 original
619 1281 712 1339 letter,
725 1282 840 1331 written
851 1281 909 1331 and
920 1282 1019 1346 signed
1029 1283 1068 1347 by
1079 1298 1097 1332 a
1108 1290 1259 1347 sacretur-y,
1269 1283 1299 1332 in
1308 1283 1357 1333 the
1370 1283 1466 1347 public
1477 1283 1583 1346 library

386 1353 418 1396 at
430 1348 610 1397 Rotterdam.
646 1349 765 1413 Fearing
776 1349 842 1398 that
851 1349 901 1398 the
908 1334 995 1398 letter
1003 1350 1060 1399 hed
1069 1364 1141 1414 gone
1149 1357 1256 1414 astray,
1267 1350 1402 1399 Erasmus
1410 1356 1475 1399 sent
1483 1365 1501 1399 a
1510 1364 1583 1413 copy

386 1415 416 1464 01
428 1416 497 1464 iton
512 1429 542 1463 10
554 1415 650 1464 March
664 1428 737 1478 1532,
747 1415 1026 1480 appendingenote:
1046 1416 1142 1466 ‘Hanc
1150 1417 1301 1480 epistolam
1308 1432 1400 1480 nuper
1408 1417 1523 1466 missam
1532 1431 1584 1480 per

388 1482 545 1530 Antonium
557 1481 651 1532 denuo
665 1484 750 1531 mitto
764 1488 866 1532 nactus
881 1482 956 1531 hunc
970 1481 1088 1532 Petrum
1164 1484 1237 1532 rium
1251 1484 1382 1533 iuuenem
1395 1484 1467 1533 miro
1481 1483 1584 1533 iudicio

388 1548 559 1612 praeditum,
578 1548 634 1598 iuit
650 1549 720 1598 mihi
737 1564 849 1598 menses
866 1549 976 1613 aliquot
993 1546 1119 1612 ὄμοτράπε
1136 1568 1172 1602 ος.
1207 1549 1285 1599 Haec
1304 1549 1401 1599 addidi
1420 1564 1459 1599 10.
1478 1549 1582 1607 Martii,

387 1616 471 1664 Anno
483 1631 501 1665 a
512 1615 625 1665 Christo
637 1623 706 1665 nato
721 1629 783 1679 1532
793 1616 811 1664 ’.
837 1614 906 1664 This
917 1631 991 1679 copy
1002 1617 1026 1665 11
1038 1616 1220 1680 represented
1234 1617 1301 1681 only
1313 1617 1352 1681 by
1363 1616 1420 1666 LB.
1434 1617 1510 1681 App.
1523 1619 1582 1679 364,

387 1683 437 1731 the
449 1688 513 1731 text
525 1682 554 1731 01
566 1683 666 1739 which,
679 1683 756 1732 since
767 1683 791 1733 it
802 1697 899 1746 agrees
910 1682 940 1731 in
953 1682 1067 1746 general
1080 1683 1150 1732 with
1164 1703 1181 1733 α
1194 1684 1306 1748 against
1317 1685 1368 1733 the
1379 1682 1494 1747 printed
1504 1688 1584 1732 texts

387 1748 544 1814 (including
555 1749 611 1798 LB.
627 1750 712 1812 1213),
725 1765 791 1814 may
802 1750 838 1799 be
851 1749 996 1812 supposed
1007 1755 1039 1799 to
1050 1749 1146 1800 derive
1161 1749 1234 1800 from
1247 1751 1297 1800 the
1311 1750 1406 1801 actual
1421 1751 1506 1799 letter
1519 1754 1584 1799 sent

387 1824 418 1864 to
430 1815 538 1879 Viglius
549 1831 586 1865 on
601 1830 631 1864 10
642 1816 748 1865 March.

421 1882 481 1931 The
492 1882 616 1947 Cyprian
628 1882 712 1932 Peter
723 1883 747 1932 is
759 1881 921 1932 mentioned
933 1882 1017 1947 again
1029 1883 1058 1931 in
1070 1882 1149 1932 VZE.
1163 1897 1204 1946 30,
1217 1883 1275 1932 and
1287 1884 1316 1933 in
1328 1884 1388 1933 ΕΕ.
1403 1882 1472 1947 194]

430 1998 622 2058 Erlsrousu
632 2017 732 2075 quam
742 1998 910 2076 Augustae
920 1998 1098 2076 reliqueras
1107 2000 1217 2076 accepi
1228 1998 1357 2077 plenam
1370 1999 1584 2059 amicissimae

388 2082 557 2141 cuiusdam
587 2100 664 2160 erga
692 2101 744 2142 me
773 2080 967 2153 voluntatis,
997 2100 1097 2158 quam
1126 2081 1258 2142 abunde
1282 2089 1317 2143 et
1342 2082 1394 2142 hic
1420 2081 1585 2161 praesenti

389 2183 542 2243 praesens
571 2164 764 2236 declararas,
791 2163 875 2242 Vigli
898 2163 1137 2225 candidissime.
1182 2164 1350 2244 Respondi
1374 2184 1431 2244 per
1453 2164 1584 2225 Gallum

388 2248 640 2325 auspicatissimi
661 2249 803 2307 nominis
826 2246 1010 2322 (dicebatur
1031 2250 1129 2320 enim,
1149 2250 1183 2308 ni
1204 2248 1312 2321 fallor,
1335 2248 1454 2308 Petrus
1476 2247 1583 2308 Mons·

389 2335 540 2406 aureus):
572 2333 662 2390 visus
685 2338 736 2391 est
758 2331 886 2391 sobrius
912 2349 950 2390 ac
972 2331 1085 2409 probis
1107 2332 1271 2404 moribus;
1302 2334 1329 2391 11
1354 2350 1420 2392 non
1449 2331 1614 2410 petebats

390 2414 575 2486 Patauium,
597 2413 653 2474 sed
675 2433 732 2493 per
754 2414 908 2474 Venetiae
930 2413 1083 2475 Romam.
1126 2413 1360 2476 Commiseram
1383 2413 1431 2474 illi
1448 2421 1483 2474 et
1504 2413 1585 2474 alias

388 2497 510 2570 literas,
534 2497 589 2556 sed
612 2499 757 2576 suspicor
779 2497 821 2557 ab
843 2516 882 2556 eo
905 2496 987 2556 nihil
1009 2516 1079 2557 esse
1101 2497 1277 2559 redditum.
1320 2498 1452 2559 Alteras
1472 2497 1586 2558 literas

389 2589 464 2640 tuas
484 2582 594 2659 accepi
616 2600 674 2659 per
691 2580 874 2640 Antonium
891 2580 1084 2659 Fuggerum,
1104 2581 1234 2641 Patauii
1256 2582 1395 2660 scriptas
1418 2582 1495 2641 xiiii.
1516 2579 1583 2641 Cal.

390 2662 555 2742 Septemb.
600 2662 662 2736 Qui
681 2663 750 2724 dies
769 2664 796 2723 ei
815 2662 896 2723 nihil
914 2664 1016 2724 habet
1035 2666 1163 2737 erroris,
1179 2664 1299 2726 volasti
1319 2671 1357 2724 tu
1373 2664 1505 2742 quidem
1520 2682 1586 2723 non

389 2748 563 2825 equitasti:
587 2748 733 2825 suspicor
754 2766 861 2807 errore
883 2746 1001 2808 calami
1022 2745 1245 2825 Septembrem
1268 2768 1328 2827 pro
1348 2746 1483 2808 Octobri
1501 2748 1584 2826 posi·
1601 2771 1632 2806 ιο

390 2837 472 2890 tum.
517 2830 692 2909 Vtcunque
712 2830 773 2891 hoc
788 2829 899 2902 habet,
914 2829 1062 2908 gratulor
1076 2830 1138 2890 tibi
1157 2830 1268 2891 aditae
1288 2831 1405 2891 ltaliae
1420 2831 1587 2910 prooemia

390 2913 488 2974 fuisse
503 2932 667 2994 prospera,
683 2932 861 2994 precorque
876 2918 915 2974 vt
932 2913 980 2974 his
995 2914 1148 2994 auspiciis
1162 2921 1270 2975 cetera
1285 2914 1514 2994 respondeant.

432 2997 480 3057 De
503 2999 645 3076 Egnatio
668 2997 749 3058 nihil
772 3004 809 3059 tu
832 2998 963 3075 quidem
985 3000 1063 3058 noui
1085 3017 1208 3071 narras,
1231 2999 1289 3059 sed
1310 3005 1422 3058 tamen
1442 2997 1587 3058 iucunda

391 3083 518 3141 omnia:
542 3082 587 3142 sic
602 3084 688 3142 enim
703 3101 780 3143 amo
794 3083 902 3141 virum
916 3080 960 3141 ad
975 3100 1117 3160 vnguem
1137 3081 1273 3153 factum,
1289 3088 1328 3141 vt
1342 3081 1385 3141 ad
1401 3101 1530 3141 omnem
1546 3081 1586 3141 de

390 3164 446 3224 illo
465 3166 808 3226 commemorationem
834 3164 1004 3225 exhilaret.
1048 3164 1134 3238 Quid
1155 3165 1276 3226 audio?
1306 3184 1381 3225 cum
1407 3163 1633 3235 Ciceronis-15

391 3267 509 3307 norum
533 3251 650 3308 turmis
672 3247 828 3320 velitaris,
850 3254 885 3308 et
908 3267 1005 3327 paras
1031 3254 1064 3308 te
1086 3249 1173 3308 iusto
1198 3248 1387 3309 conflictui?
1430 3248 1476 3308 At
1497 3249 1588 3327 prius

391 3332 471 3391 scire
493 3331 589 3391 velim
613 3331 692 3409 quid
714 3333 801 3391 inter
826 3350 885 3391 vos
911 3332 1095 3403 conueniat,
1122 3332 1201 3409 quid
1226 3332 1328 3392 sitin
1353 3333 1586 3392 controuersia.

391 3414 445 3474 Illi
465 3414 583 3474 volunt
603 3421 641 3475 vt
660 3416 795 3475 iuuenes
815 3433 883 3474 sese
898 3421 1100 3493 componant
1118 3414 1161 3475 ad
1181 3416 1398 3475 imitationem
1413 3413 1586 3475 Ciceronis.

392 3498 432 3557 In
459 3498 519 3558 hoc
545 3499 686 3558 maxime
712 3498 806 3558 nobis
832 3517 906 3557 cum
932 3497 996 3557 illis
1021 3499 1184 3558 conuenit.
1228 3498 1296 3558 Nec
1319 3499 1537 3577 repugnarim,
1560 3498 1586 3557 si

391 3588 525 3641 censent
534 3580 621 3642 hunc
633 3583 806 3661 praecipue
821 3581 1029 3641 imitandum.
1062 3579 1095 3641 Si
1110 3600 1175 3641 non
1189 3583 1388 3660 permittunt
1399 3588 1438 3642 vt
1448 3600 1587 3659 vsquam
1602 3605 1635 3641 20

392 3684 412 3724 a
437 3663 589 3725 Cicerone
613 3665 811 3736 recedamus,
837 3683 943 3742 neque
969 3665 1144 3743 quicquam
1170 3664 1213 3724 ab
1242 3664 1314 3725 aliis
1339 3665 1415 3725 licet
1440 3664 1589 3744 probatis

392 3749 582 3808 auctoribus
608 3768 787 3821 sumamus,
817 3767 876 3808 nec
905 3749 993 3827 ipsos
1025 3747 1168 3809 arbitror
1196 3747 1258 3809 hoc
1286 3748 1392 3808 iacere
1425 3747 1515 3826 quod
1546 3746 1588 3807 ab

392 3829 464 3890 aliis
487 3833 633 3910 exigunt,
658 3833 685 3891 si
708 3833 764 3909 qui
788 3838 866 3891 sunt
891 3832 1025 3891 omnino
1047 3833 1104 3908 qui
1127 3830 1188 3892 hoc
1209 3832 1356 3910 exigunt.
1400 3829 1464 3892 Sed
1483 3830 1590 3891 malus

393 3916 555 3992 quispiam
581 3916 695 3993 genius
721 3915 805 3975 hanc
831 3921 956 3993 pestem
982 3920 1123 3974 conatur
1148 3915 1278 3975 iniicere
1303 3915 1432 3986 studiis,
1457 3913 1589 3992 qualem

393 3998 585 4076 iampridem
614 3999 726 4058 iniecit
754 3997 910 4076 religioni.
954 3997 1140 4058 Hermanus
1169 3998 1326 4076 Phrysius
1355 4017 1481 4076 semper
1510 3996 1590 4057 mihi
1603 4020 1635 4069 25

393 4082 483 4140 visus
498 4088 550 4140 cst
564 4082 719 4142 affectare
733 4080 895 4141 Ciceronis
914 4079 1091 4141 iucundam
1108 4081 1321 4142 facilitatem:
1345 4080 1434 4159 quod
1448 4079 1591 4140 arbitror

393 4168 427 4223 te
450 4183 580 4242 quoque
603 4172 675 4225 tum
697 4165 819 4236 fecisse,
836 4171 908 4225 tum
930 4163 1055 4235 facere;
1078 4184 1156 4225 nam
1178 4163 1257 4224 haec
1279 4163 1419 4243 epistola
1438 4170 1498 4223 tua
1517 4182 1589 4241 pos·

394 4254 499 4307 trema
519 4248 668 4326 spirabat
687 4249 796 4309 nescio
816 4247 896 4326 quid
911 4247 1110 4319 Tullianum,
1125 4267 1191 4308 non
1212 4248 1345 4326 quidem
1365 4255 1495 4326 praeter
1517 4247 1589 4307 soli·

428 4399 452 4443 4.
472 4382 500 4430 ni
513 4382 636 4432 iallorK
644 4399 649 4430 :
670 4381 775 4441 00111.
880 4394 905 4443 5.
924 4382 1260 4432 visus...moribuus
1279 4380 1384 4440 emal.
1487 4395 1512 4443 7.
1530 4396 1590 4430 sus·

394 4449 472 4513 picor
497 4487 503 4499 .
529 4486 535 4497 .
561 4487 567 4498 .
592 4449 735 4499 redditum
759 4447 862 4508 011111
885 4448 1040 4498 reddiderit
1062 4450 1156 4498 nescio
1173 4449 1210 4498 K.
1281 4463 1321 4498 11.
1340 4449 1392 4498 hoc
1409 4446 1458 4506 al:
1482 4464 1534 4498 om.
1553 4446 1590 4496 N.

396 4517 435 4564 18.
455 4515 500 4564 Illi
512 4515 559 4574 αζε
578 4515 606 4565 Si
619 4516 656 4566 N.
760 4530 799 4576 19.
818 4513 1077 4574 nobiscumcuml.
1146 4530 1187 4565 20.
1206 4516 1235 4565 Si
1247 4513 1294 4574 sl:
1313 4515 1361 4565 Sin
1373 4530 1440 4566 vero
1452 4514 1491 4564 K.

430 4723 453 4758 1.
472 4708 642 4774 Epistolam]
664 4708 783 4758 Neither
807 4708 866 4758 this
883 4707 969 4759 letter
1020 4708 1299 4773 <Suoqueti>Epirt
1309 4707 1453 4758 Clarorum
1465 4706 1592 4758 Virorum

395 4792 447 4826 nor
459 4776 602 4826 Erasmus'
615 4775 696 4841 reply
706 4791 754 4825 are
765 4781 876 4825 extant.
1019 4774 1144 4834 Salaciae,
1157 4774 1270 4832 Venice,
1288 4778 1360 4836 1556,
1375 4775 1396 4824 1.
1411 4775 1487 4823 aava.
1500 4774 1593 4823 where

428 4856 487 4905 4-5.
505 4843 608 4892 Petrus
631 4842 826 4904 Monseursus]
847 4842 889 4892 cl.
913 4842 967 4906 Ep.
1020 4842 1070 4892 the
1087 4857 1190 4905 person
1205 4843 1314 4906 spoken
1325 4843 1355 4891 01
1369 4843 1393 4890 is
1404 4839 1594 4890 describedas

395 4914 470 4972 2632.
517 4911 577 4960 The
594 4926 677 4960 neme
695 4910 809 4969 (Petrus
828 4925 846 4959 a
872 4908 969 4959 Monte
1019 4925 1037 4959 a
1048 4909 1140 4973 youth
1151 4909 1181 4958 01
1192 4908 1265 4972 good
1278 4909 1355 4958 birth
1363 4908 1420 4957 and
1432 4907 1592 4957 education.

396 4979 493 5035 aureo)
517 4993 615 5027 occurs
638 4978 666 5026 in
690 4992 708 5026 a
730 4975 815 5026 letter
835 4976 865 5026 01
885 4975 970 5025 Peter
1052 4989 1078 5036 9.
1097 4976 1209 5037 erroris]
1222 4974 1272 5024 See
1285 4975 1338 5039 Ep.
1352 4973 1534 5036 2568introd.

395 5044 532 5095 Bunellus
578 5043 730 5093 eddressed
778 5049 810 5092 to
854 5041 970 5093 Carolus
