4042 5900
388 691 482 769 2615]
776 691 831 753 ΤΟ
853 691 1029 754 MARTIN
1051 690 1200 754 Busae
1519 691 1579 752 451

387 850 487 911 batur
504 850 540 911 in
559 850 752 911 seditionem
772 851 937 911 exiturum
956 850 1171 912 abstinerent.
1214 849 1306 911 Nulli
1324 856 1482 911 tesseram
1501 850 1580 911 ami·
1595 882 1645 919 220

387 935 465 994 eicie
481 934 607 1005 remisi;
630 933 789 1012 quosdam
804 933 1152 1006 commendationibus,
1167 933 1327 1012 quosdam
1342 933 1488 1013 pecuniis
1501 934 1581 994 meis

387 1016 509 1078 adiuui.
553 1015 639 1089 Quid
659 1017 703 1077 ab
729 1016 933 1096 Euangelicis
957 1019 1093 1097 praemii
1116 1018 1291 1096 receperim
1316 1036 1375 1077 nec
1401 1035 1581 1077 memorare

387 1099 469 1160 libet
491 1119 550 1160 nec
572 1101 764 1160 meminisse.
809 1098 877 1173 Que
899 1101 926 1160 ai
948 1100 1010 1161 tibi
1033 1107 1192 1173 notarem,
1210 1100 1372 1161 desineres
1392 1101 1504 1161 mirari
1529 1120 1581 1160 me

388 1185 422 1244 in
437 1183 634 1261 quibusdam
649 1181 853 1263 Euangelicis
866 1183 1049 1245 desiderare
1071 1185 1217 1244 animum
1237 1183 1417 1263 Euangelio
1435 1183 1580 1263 dignum.

388 1267 458 1345 Ego
492 1267 526 1326 in
555 1266 682 1327 nullum
711 1285 788 1345 gero
816 1267 983 1346 priuatum
1011 1266 1133 1340 odium,
1163 1268 1224 1327 nisi
1253 1269 1281 1327 si
1309 1268 1382 1345 quis
1411 1286 1463 1327 me
1492 1266 1582 1328 ledat
1596 1295 1645 1346 225

387 1369 543 1411 commus.

430 1433 519 1494 Illud
548 1452 676 1494 summa
704 1451 779 1493 cum
808 1433 1025 1495 admiratione
1059 1433 1131 1512 legi,
1161 1452 1213 1494 me
1247 1433 1288 1494 de
1322 1439 1395 1493 tota
1429 1434 1582 1512 religione

389 1516 561 1578 vobiscum
582 1518 714 1576 sentire.
759 1516 799 1577 Id
819 1517 847 1576 si
867 1536 981 1577 verum
1002 1522 1063 1590 est,
1079 1518 1149 1597 ipse
1170 1515 1418 1577 mihihactenus
1432 1535 1582 1596 prorsum

388 1601 519 1679 ignotus
536 1599 593 1660 iui.
638 1598 733 1672 Quod
750 1599 872 1661 animal
890 1619 941 1661 me
961 1602 1065 1679 possit
1085 1620 1153 1662 esse
1172 1599 1269 1660 vilius
1290 1605 1391 1678 atque
1412 1600 1581 1673 abiectius,

389 1685 417 1744 si
442 1682 569 1743 calamo
593 1702 736 1762 pugnem
760 1682 919 1744 aduersus
944 1682 1017 1743 illos
1045 1683 1240 1763 quibuscum
1265 1683 1306 1744 de
1331 1688 1405 1744 tota
1430 1682 1583 1763 religione
1597 1715 1647 1765 230
1691 1709 1714 1777 s

389 1766 502 1846 pulcre
526 1768 701 1827 conuenit?
733 1765 773 1826 In
796 1767 1021 1827 testimonium
1043 1765 1164 1846 allegas
1187 1785 1260 1827 mea
1280 1767 1421 1846 scripta;
1447 1766 1505 1827 sed
1526 1766 1584 1827 vbi

388 1869 463 1911 mea
484 1851 607 1929 scripta
628 1851 782 1910 minuunt
803 1869 975 1911 numerum
998 1856 1286 1922 sacramentorum,
1306 1849 1363 1910 vbi
1387 1855 1584 1912 execrantur

390 1934 531 2005 missam,
557 1933 614 1993 vbi
639 1932 863 1994 demoliuntur
890 1934 1127 2013 purgatorium,
1157 1931 1214 1993 vbi
1242 1938 1365 2012 negant
1392 1934 1426 1993 in
1456 1933 1582 1994 Eucha-

391 2018 484 2077 ristia
509 2035 578 2077 esse
600 2017 754 2077 dominici
780 2018 923 2095 corporis
947 2016 1179 2089 substantiam,
1201 2015 1258 2077 vbi
1279 2016 1400 2077 docent
1423 2036 1489 2077 non
1514 2035 1584 2078 esse

389 2099 473 2180 phas
498 2101 649 2160 inuocare
675 2100 779 2172 diuos,
802 2100 859 2160 vbi
885 2099 1006 2160 docent
1031 2099 1159 2160 nullum
1184 2119 1253 2160 esse
1278 2099 1418 2160 hominis
1445 2098 1584 2160 liberum
1597 2130 1647 2182 235

389 2183 586 2244 arbitrium?
628 2182 756 2244 Omitto
769 2182 903 2262 reliqua.
947 2183 1102 2244 Testatus
1123 2202 1195 2243 sum
1213 2182 1293 2243 mibi
1310 2182 1480 2262 displicere
1496 2182 1585 2262 quod

390 2267 545 2346 pleraque
573 2265 828 2344 παραδοξοτέρως
855 2267 899 2327 ab
927 2267 999 2327 istis
1027 2267 1246 2338 traderentur,
1275 2265 1364 2344 quod
1392 2266 1585 2328 insolentius

390 2349 524 2428 quidam
546 2350 668 2411 inuecti
690 2351 756 2411 sint
777 2351 811 2410 in
832 2349 1003 2429 pontifices
1024 2369 1062 2410 ac
1084 2351 1245 2429 principes
1266 2350 1413 2428 aliosque
1434 2349 1584 2411 dissenti-

390 2439 493 2504 entes,
517 2432 606 2512 quod
627 2433 740 2493 inuitis
762 2433 946 2494 monarchis
967 2432 1115 2512 publicos
1136 2434 1219 2494 ritus
1243 2453 1282 2493 ac
1307 2434 1506 2494 ceremonias
1527 2451 1584 2494 no·

390 2518 511 2577 uarint.
555 2515 635 2588 Ista,
660 2516 777 2588 fatcor,
802 2515 883 2577 mihi
907 2516 1163 2596 displicuerunt;
1197 2516 1254 2577 sed
1278 2535 1344 2577 non
1366 2517 1431 2577 ista
1453 2522 1585 2577 tantum
1598 2547 1649 2597 240

391 2618 455 2677 que
480 2605 519 2659 tu
544 2599 723 2679 prudenter
748 2598 942 2661 dissimulas.
987 2599 1109 2661 Verum
1133 2601 1182 2660 ita
1209 2600 1279 2661 dixi
1308 2598 1387 2660 mihi
1415 2599 1585 2680 displicere

390 2682 502 2743 fabule
521 2684 685 2743 actionem
703 2688 750 2755 vt,
771 2683 872 2744 etiam
893 2685 921 2743 si
940 2684 1032 2763 pium
1051 2691 1137 2744 esset
1158 2684 1359 2755 institutum,
1380 2689 1492 2744 tamen
1512 2682 1585 2743 aliis

391 2765 575 2826 rationibus
592 2767 828 2845 oportuisse<t>
846 2767 982 2827 tractari
1002 2767 1181 2846 negotium,
1203 2785 1242 2827 eo
1263 2765 1352 2845 quod
1373 2785 1586 2846 sepenumero

392 2849 505 2910 fabula
527 2868 585 2929 per
606 2869 640 2909 se
663 2849 749 2910 bona
771 2849 814 2911 ob
835 2850 956 2910 actoris
978 2851 1177 2929 imperitiam
1195 2849 1385 2929 exploditur
1403 2868 1422 2909 e
1441 2849 1584 2912 theatro.

392 2931 462 2994 Heo
484 2933 546 2993 scis
570 2953 588 2994 e
613 2932 743 2995 fictione
769 2933 842 3007 dici,
868 2953 935 2995 non
959 2933 1120 2996 absolute.
1163 2933 1294 3013 Alioqui
1319 2931 1399 3012 quid
1423 2939 1508 2995 esset
1533 2954 1585 2996 me
1599 2964 1648 3015 ²45

391 3017 584 3096 peruersius‚
608 3016 687 3095 quid
708 3018 959 3091 inconstantius,
982 3018 1010 3078 ai
1031 3018 1123 3079 libris
1143 3017 1241 3079 editis
1261 3018 1486 3096 impugnarem
1508 3017 1584 3097 dog·

392 3106 484 3161 mata
506 3100 625 3178 quibus
647 3102 828 3162 assentior?
857 3099 951 3174 Quod
972 3101 1017 3162 ad
1037 3102 1200 3162 actionem
1222 3101 1354 3174 attinet,
1372 3100 1487 3162 fateris
1507 3120 1584 3180 quc-

391 3183 469 3245 dam
487 3184 597 3244 odiose
616 3185 794 3262 proposita,
815 3184 929 3246 fateris
949 3202 1016 3246 non
1037 3190 1125 3245 reete
1145 3183 1339 3245 monarchas
1358 3183 1586 3264 petulantibus

392 3266 510 3327 libellis
525 3267 702 3346 impetitos.
745 3267 849 3345 Atqui
868 3269 902 3328 in
921 3268 982 3329 tali
1001 3269 1135 3347 negocio
1153 3267 1242 3346 quod
1257 3286 1317 3328 vos
1333 3268 1529 3328 existimatis
1543 3268 1586 3328 ad

393 3350 497 3411 totius
517 3348 670 3410 ecclesiae
690 3349 832 3411 salutem
851 3357 1025 3431 tantopere
1044 3352 1215 3430 pertinere,
1236 3369 1302 3412 non
1321 3350 1393 3412 leue
1414 3356 1585 3431 peccatum
1599 3381 1649 3430 250

392 3439 444 3577 pst
459 3433 579 3494 bonam
594 3452 727 3494 causam
741 3434 868 3513 agendo
882 3434 1018 3496 reddere
1033 3435 1237 3496 inuidiosam.
1282 3433 1408 3495 Rursus
1422 3453 1441 3494 e
1455 3433 1586 3495 fictione

405 3535 517 3594 oquor.

436 3599 485 3660 De
503 3599 621 3660 ritibus
637 3600 804 3661 innouatis
821 3620 957 3662 excusas
977 3603 1214 3662 necessitatem.
1259 3600 1304 3662 At
1319 3600 1399 3679 quid
1417 3600 1461 3661 ad
1477 3600 1585 3662 Euan-

392 3682 467 3761 gelii
489 3682 674 3762 profectum
699 3684 888 3762 pertinebat
915 3683 1064 3745 demoliri
1089 3690 1229 3756 statuas,
1258 3683 1402 3746 oblinere
1430 3684 1585 3763 picturas,

392 3765 637 3845 quantumlibet
658 3767 751 3846 pias?
793 3765 909 3828 Cetera
933 3773 1036 3828 taceo.
1081 3765 1183 3828 Video
1203 3766 1343 3840 foueam,
1363 3786 1464 3846 quam
1485 3767 1586 3829 altius
1600 3795 1649 3846 255

393 3849 517 3929 ingredi
542 3849 627 3910 nolo.
672 3849 778 3911 Multa
802 3850 964 3931 paulatim
989 3851 1106 3931 corrigi
1133 3857 1298 3930 poterant,
1324 3850 1465 3930 quedam
1489 3857 1587 3912 erant

392 3932 638 3994 dissimulanda.
682 3931 715 3995 Si
738 3933 905 3995 Pontificis
930 3953 1065 4014 regnum
1091 3933 1248 3996 obstabat
1273 3934 1462 4014 Euangelio,
1488 3934 1588 3996 buius

393 4017 545 4095 tyrannis
555 4024 627 4077 erat
637 4018 671 4076 in
683 4017 796 4096 primis
806 4016 996 4097 frangenda,
1008 4017 1042 4079 id
1053 4017 1142 4096 quod
1153 4018 1345 4096 neutiquam
1359 4023 1432 4079 erat
1446 4018 1585 4092 difficile,

392 4101 457 4160 nisi
477 4098 611 4178 quidam
629 4100 828 4162 reclamante
848 4101 1020 4180 prouerbio
1039 4107 1149 4162 totum
1169 4100 1362 4162 maluissent
1376 4120 1476 4180 quam
1490 4101 1583 4162 dimi·

392 4183 494 4244 dium.
538 4183 583 4243 Et
598 4182 659 4244 hoc
673 4185 857 4245 memineris
871 4204 889 4245 e
904 4183 1035 4245 fictione
1049 4184 1185 4257 dictum,
1199 4204 1241 4246 ne
1255 4183 1336 4263 quid
1350 4184 1402 4245 hic
1419 4185 1585 4246 existimes
1599 4203 1649 4251 260

392 4267 520 4327 dictum
548 4267 582 4327 in
607 4273 750 4328 vestram
775 4287 887 4347 remp,
909 4267 950 4328 de
979 4287 1045 4346 qua
1073 4287 1241 4346 nunquam
1265 4287 1325 4328 nec
1353 4269 1422 4347 ipae
1450 4275 1586 4346 questus

392 4369 466 4410 sum
483 4369 542 4410 neo
562 4349 663 4411 alium
680 4356 870 4429 querentem
886 4351 1008 4412 audiui.
1053 4351 1102 4412 De
1122 4351 1283 4430 Tigurinis
1302 4357 1336 4412 et
1354 4350 1586 4413 Basiliensibus

391 4438 428 4495 et
442 4432 539 4494 hodie
554 4439 736 4512 queruntur
750 4433 857 4495 multi.
901 4433 964 4496 Sed
978 4434 1095 4496 horum
1109 4433 1258 4513 querelas
1272 4434 1392 4495 referre
1406 4454 1466 4496 neo
1477 4441 1584 4509 vacat,

391 4515 482 4594 quod
501 4522 579 4577 sunt
599 4515 737 4590 infinite,
752 4536 811 4578 nso
828 4523 942 4579 tutum
960 4517 1127 4596 estquod
1144 4537 1195 4579 res
1211 4518 1255 4579 ad
1270 4519 1500 4598 magistratum
1514 4538 1584 4599 per·

392 4601 488 4660 tinet.
532 4599 707 4661 Veniamus
720 4600 764 4661 ad
777 4601 943 4682 dogmata.
1599 4624 1649 4683 2⁶5

435 4682 510 4743 Ais:
534 4683 600 4743 ‘De
621 4685 832 4746 sacramentis
848 4684 930 4746 nihil
951 4684 1043 4746 aliud
1063 4704 1164 4764 quam
1178 4705 1242 4764 que
1257 4690 1295 4747 tu
1315 4685 1411 4747 doces
1426 4685 1585 4766 dogmati·

392 4785 515 4827 namus.
558 4764 626 4826 Nec
645 4767 732 4827 enim
751 4767 833 4829 nihil
853 4768 915 4829 nisi
934 4787 1054 4848 panem
1073 4769 1108 4829 in
1125 4788 1206 4831 cena
1224 4789 1293 4830 esse
1308 4768 1470 4831 volumus.
1513 4769 1586 4830 Iam

681 4904 738 4967 248.
757 4905 904 4970 proposito
916 4902 980 4955 Ma.
1087 4907 1145 4969 264.
1163 4906 1222 4957 sint
1233 4904 1296 4955 ΜΒ.

402 5016 421 5021 ς
452 5077 543 5113 220-1.
562 5015 638 5114 Nulli
652 5099 658 5110 .
673 5098 679 5110 .
695 5097 700 5111 .
714 5061 819 5124 amisi]
830 5059 873 5111 cl.
885 5059 967 5127 Rsrp.
979 5059 1126 5126 Μίνωα
1137 5059 1371 5125 Gem.ln1.,LB.
1385 5075 1413 5111 x.
1429 5062 1522 5112 16ooo.
