4042 5900
310 692 403 768 2571]
643 689 767 752 raon
788 688 965 753 marm
986 689 1179 754 nsvmrs
1444 691 1505 753 aar

308 849 339 911 d.
361 850 518 911 Iohannis
538 849 707 928 Mychaut,
727 851 906 929 receptoris
922 848 1084 929 generalis
1101 850 1310 930 imperatoris
1331 851 1375 912 ad
1393 856 1506 930 partes
1522 866 1553 902 10

308 932 484 993 inferiores.
528 933 592 994 Hic
614 933 699 993 vidit
720 933 890 995 dominum
911 934 1087 995 Erasmum
1109 934 1242 995 Parisiis
1263 940 1298 994 et
1320 932 1507 996 delectatur

308 1016 488 1095 plurimum
502 1018 535 1077 in
550 1016 681 1095 scriptis
695 1017 819 1077 domini
833 1017 971 1077 Erasini.
1008 1015 1125 1095 Sicque
1139 1017 1311 1095 requisiuit
1325 1036 1377 1079 me
1391 1024 1506 1095 quate·

309 1119 371 1159 nus
400 1119 468 1178 ego,
497 1118 699 1178 quamquam
728 1100 890 1178 indignus,
918 1118 1084 1161 monerem
1114 1100 1282 1161 dominum
1310 1100 1354 1161 ad
1381 1100 1507 1180 aliquid

308 1182 515 1243 scribendum
537 1184 571 1243 in
592 1182 757 1262 psalmum
778 1183 1085 1262 quinquagesimum
1104 1183 1273 1244 ‘Miserere
1293 1185 1366 1256 mei,
1385 1183 1505 1247 Deus'.

308 1265 406 1339 Nam,
422 1270 461 1325 vt
475 1265 589 1327 retulit
603 1267 712 1339 miehi,
727 1285 794 1327 non
807 1272 919 1345 potest
932 1266 1049 1327 saciari
1063 1267 1098 1326 in
1116 1265 1253 1346 legendo
1271 1285 1336 1345 que
1354 1267 1507 1329 dominus
1521 1283 1551 1333 15

309 1350 440 1427 scripsit
469 1350 502 1408 in
531 1347 641 1429 plures
669 1349 751 1411 alios
779 1349 932 1429 psalmos.
984 1349 1047 1410 Est
1078 1348 1130 1410 hic
1157 1350 1210 1409 vir
1237 1356 1309 1410 tam
1337 1350 1443 1411 bonus
1471 1357 1506 1411 et

309 1433 474 1493 humanus
488 1432 532 1493 ad
545 1432 676 1506 alciora,
691 1440 731 1494 vt
747 1452 851 1512 spero,
866 1432 1127 1512 promouendus;
1150 1433 1207 1511 qui
1224 1432 1332 1494 adhuc
1352 1434 1504 1513 imposte·

309 1535 382 1576 rum
393 1516 535 1577 multum
545 1523 656 1595 posset
666 1517 828 1595 prodesse,
838 1536 897 1596 per
907 1516 1094 1595 praefatum
1103 1522 1304 1596 receptorem
1312 1516 1505 1596 generalem,

309 1599 417 1678 quoad
431 1601 620 1679 pensionem
636 1601 852 1679 imperatoris.

351 1682 426 1743 Non
441 1682 612 1762 displiceat
625 1683 714 1762 quod
728 1702 787 1762 ego
802 1690 872 1743 tam
887 1681 1010 1743 inculte
1025 1688 1160 1762 tamque
1171 1682 1389 1744 inuerecunda
1399 1684 1504 1744 ausim
1519 1702 1552 1738 20

310 1766 368 1827 hec
383 1766 523 1828 scribere
540 1772 600 1828 aut
618 1785 759 1827 monere.
802 1766 875 1826 Iam
894 1765 1071 1827 defunctus
1092 1773 1143 1828 est
1164 1767 1320 1845 magister
1340 1766 1506 1828 Iohannes

309 1848 480 1928 Siluagius,
496 1849 581 1910 filius
596 1849 782 1911 cancellarii
796 1851 907 1929 magni
920 1849 1078 1923 defuncti,
1093 1854 1129 1911 et
1142 1849 1330 1911 Anthonius
1343 1848 1506 1929 Siluagius

309 1931 398 1993 solus
413 1933 554 1993 filiorum
568 1940 718 2012 superest
731 1940 765 1994 et
780 1938 873 1994 tenet
890 1952 924 1993 se
938 1934 972 1993 in
984 1931 1234 2006 Steertbeecka;
1256 1934 1314 2012 qui
1327 1932 1506 2012 plurimum

309 2016 476 2076 studiosus
490 2022 541 2076 est
555 2022 590 2076 et
603 2016 702 2095 peciit
716 2036 737 2077 a
747 2035 809 2088 me,
825 2022 940 2077 curato
954 2035 1016 2076 suo
1029 2017 1063 2076 in
1077 2014 1312 2077 Steerbeecken
1326 2016 1505 2095 plurimum

309 2099 442 2160 domino
467 2099 605 2159 Erasmo
629 2098 861 2160 commendari.
903 2098 1021 2160 Frater
1043 2118 1134 2161 meus
1158 2105 1193 2161 et
1218 2106 1291 2160 tota
1319 2099 1444 2160 familia
1471 2120 1506 2161 se
1519 2116 1551 2167 25

311 2184 452 2243 maxime
478 2182 710 2243 commendant
734 2181 878 2244 domino.
931 2181 1088 2261 Magister
1110 2183 1158 2243 Io.
1183 2182 1305 2256 Iacobi,
1328 2182 1504 2257 Buslidius,

309 2283 422 2325 omnes
437 2265 560 2325 valent.

351 2349 402 2408 Ex
431 2347 584 2420 Bruxell,
614 2367 671 2427 per
699 2355 847 2410 vestrum
876 2348 1033 2410 humilem
1062 2348 1224 2429 hospitem
1252 2356 1287 2411 et
1314 2350 1507 2411 seruitorem

310 2433 375 2493 xix.
391 2431 588 2492 Nouembris
602 2451 689 2492 anno
703 2433 869 2493 tricesimo
883 2433 998 2512 primo.

391 2515 571 2576 Martinum
582 2515 732 2589 Davidts,
742 2517 934 2577 seruitorem
945 2516 989 2577 ed
998 2516 1159 2577 mandata
1167 2516 1506 2595 obsequentissimum.
1520 2535 1554 2586 30

352 2622 493 2684 Domino
508 2624 646 2684 Erasmo
661 2623 925 2685 Rotterdammo.
941 2622 1102 2703 Friburgi.

619 2858 719 2919 2572.
767 2854 873 2919 Facu
889 2853 1013 2920 dauns
1029 2852 1196 2919 Srrnonu.

347 2974 471 3045 Leipzig
483 2974 548 3030 MS.
1219 2974 1395 3044 strasburg.

346 3052 412 3105 ΕΕ.
430 3055 492 3122 164.
1143 3065 1179 3118 23
1191 3050 1370 3104 November
1386 3064 1469 3119 1531.

343 3171 401 3230 [An
416 3168 534 3234 original
549 3168 644 3227 letter,
661 3169 716 3219 but
730 3169 846 3220 written
861 3168 919 3219 and
935 3169 1034 3234 signed
1050 3169 1088 3233 by
1103 3184 1121 3218 a
1137 3175 1288 3234 secretary.
1323 3169 1383 3219 The
1400 3169 1467 3218 date
1484 3168 1508 3219 is

309 3237 463 3287 confirmed
475 3238 514 3301 by
526 3237 576 3286 the
588 3236 729 3286 reference
740 3242 773 3286 to
784 3237 835 3287 the
846 3236 906 3287 diet
917 3237 947 3287 oi
959 3236 1123 3296 Ratisbon.]

351 3343 381 3405 S.
404 3344 439 3405 P.
483 3344 618 3404 Erasme
639 3344 689 3403 vti
711 3349 806 3422 pater
827 3342 970 3416 colende,
993 3344 1094 3404 mitto
1114 3342 1157 3402 ad
1179 3349 1212 3404 te
1233 3340 1416 3404 Cardinalis
1437 3341 1507 3403 Tri·

309 3428 435 3488 dentini
449 3427 588 3499 litteras,
603 3445 686 3505 quas
706 3426 812 3487 Maius
831 3427 935 3487 frater
953 3447 994 3487 ex
1016 3427 1133 3487 itinere
1154 3424 1371 3505 Oeuipontem
1394 3445 1508 3486 versus

310 3531 384 3571 cum
406 3531 479 3589 rege
501 3509 709 3571 Ferdinando
730 3508 935 3588 proficiscens
957 3509 1001 3570 ad
1021 3528 1073 3569 me
1096 3509 1198 3571 dedit.
1243 3509 1405 3570 Redditae
1428 3516 1508 3571 sunt

310 3594 390 3654 mihi
412 3592 533 3673 Spirae,
556 3593 643 3653 vnde
667 3599 757 3653 recta
779 3593 842 3653 huc
866 3594 942 3654 veni
965 3592 1071 3655 hodie.
1115 3592 1277 3654 Postridie
1299 3593 1343 3654 ad
1365 3593 1507 3672 patriam

310 3676 525 3737 Selestadium
540 3696 592 3738 me
607 3675 783 3737 conferam.

352 3759 464 3839 Spirae
485 3760 574 3839 apud
597 3759 827 3820 Tridentinum
848 3758 899 3819 tui
920 3759 1111 3819 memoriam
1132 3758 1212 3829 feoi;
1236 3777 1319 3838 quae
1339 3758 1380 3820 de
1400 3757 1455 3819 illo
1473 3759 1536 3834 in5

310 3843 450 3905 Floridis
471 3844 639 3922 scripsisti,
661 3844 786 3922 primus
807 3861 867 3922 ego
892 3860 969 3902 suae
995 3842 1056 3902 Do.
1079 3841 1230 3902 indicaui.
1274 3841 1508 3904 Amantissime

310 3927 350 3988 de
366 3933 399 3986 te
418 3926 572 4006 loquitur.
616 3926 714 4005 Apud
734 3925 935 3986 Aleandrum
956 3926 1035 3985 item
1056 3925 1303 3986 Brundusinam
1322 3927 1508 3986 antistitem

311 4011 456 4070 studiose
480 4010 580 4070 incidi
605 4011 639 4070 in
665 4028 784 4070 nomen
809 4016 915 4071 tuum.
959 4007 1178 4069 Familiariter
1203 4008 1252 4069 illi
1276 4014 1310 4068 et
1338 4008 1509 4087 aliquanto

310 4094 443 4153 liberius
469 4111 552 4170 quae
578 4091 654 4152 volo
679 4111 753 4152 cum
779 4091 837 4153 illo
864 4092 1079 4153 commentari
1104 4091 1202 4153 soleo.
1245 4089 1350 4170 Super
1374 4091 1510 4153 dissidio

311 4175 529 4237 ecclesiastico
552 4175 775 4254 protraximus
799 4176 833 4235 in
855 4173 987 4254 longam
1009 4174 1124 4236 horam
1145 4193 1337 4247 sermonem,
1360 4174 1417 4236 illo
1438 4176 1509 4253 ipso
1523 4201 1556 4238 ιο

312 4260 544 4340 suppeditante
572 4264 813 4337 argumentum.
865 4258 959 4320 Inter
987 4264 1117 4319 caetera
1148 4257 1279 4319 dicebat
1311 4257 1509 4320 nebulonem

310 4343 410 4403 fuisse
420 4343 476 4420 qui
486 4340 548 4402 tibi
556 4343 755 4421 persuaserit
764 4340 1021 4420 quodseautore
1029 4340 1236 4421 Carpen<sis>
1246 4343 1508 4421 intescripserit,

311 4425 362 4486 vel
382 4427 493 4505 potius
511 4424 611 4487 titulo
629 4427 771 4486 nominis
793 4426 845 4485 sui
863 4424 957 4485 abuti
977 4443 1094 4504 passus
1113 4426 1167 4498 sit,
1188 4425 1277 4503 quod
1295 4424 1510 4486 cathedrariis

311 4508 589 4587 illismsgistrellis
596 4528 751 4588 magnum
758 4508 888 4588 pondus
894 4508 1014 4570 habere
1020 4507 1206 4569 videbatur.
1221 4506 1510 4588 Fuithrpen<sis>
1525 4543 1556 4594 15

343 4645 417 4693 2571.
443 4658 482 4693 ro.
507 4642 655 4707 Mychaut]
684 4643 725 4692 Io.
755 4642 882 4701 Micault,
933 4643 993 4693 The
1008 4655 1055 4692 us.
1070 4643 1123 4692 has
1140 4658 1266 4694 commas
1282 4644 1359 4693 aiter
1376 4643 1448 4693 both
1467 4643 1509 4694 Io.

310 4709 883 4774 IerdoiOistersieyn,ReoeiverGeneral
933 4711 990 4760 and
998 4709 1165 4768 Iacobi,but
1173 4709 1266 4760 added
1275 4710 1510 4774 byalaterhand.

310 4778 340 4827 oi
351 4778 400 4827 the
415 4776 605 4826 Netherlands
618 4775 676 4826 and
690 4776 843 4827 Tressurer
852 4777 883 4827 ol
1000 4776 1157 4838 Buslidius]
1170 4776 1282 4834 Gilles.;
1297 4792 1344 4827 see
1360 4776 1415 4842 Ep.
1434 4791 1509 4840 2352·

310 4845 360 4894 the
371 4843 480 4893 Golden
493 4843 599 4902 Fleeoe,
612 4843 715 4907 †Sept.
730 4857 802 4906 1539.
935 4857 1014 4907 33on.

344 4925 386 4960 22.
407 4910 686 4972 canoellarii]†1518.
718 4910 764 4960 He
777 4909 886 4975 bought
969 4910 1044 4960 2572.
1062 4923 1088 4960 2.
1105 4909 1198 4960 Maius
1236 4909 1337 4971 frater]
1376 4909 1511 4976 BpiegeI’s

311 4977 479 5028 Stoerebeek
490 4978 519 5027 in
534 4980 607 5039 1516.
935 4976 1135 5037 hall-brother,
1144 4975 1300 5036 Jo.ldeier;
1317 4976 1425 5043 seeEp.
1434 4977 1511 5030 2088.

344 5048 386 5095 26.
404 5044 446 5094 Io.
463 5043 571 5106 Iaocbi]
589 5043 649 5095 Not
668 5044 774 5096 known
790 5048 822 5096 to
840 5058 883 5095 ur.
936 5057 1014 5108 royn.
