4042 5900
513 642 581 711 '134
842 649 1041 714 LETTERS
1062 650 1118 714 OF
1137 649 1343 714 ERASMUS
1619 654 1717 731 [1531

518 808 625 870 dicere
646 807 739 884 solet,
758 808 942 871 liberalium
962 810 1209 891 disciplinarum
1228 810 1355 871 radices
1371 809 1504 888 quidem
1520 808 1717 872 subamaras

518 911 597 966 csse,
612 892 739 954 fructus
756 912 833 954 vero
848 893 1061 956 dulcissimos.
1104 893 1199 967 Quod
1217 892 1304 955 idem
1321 894 1452 966 rectius,
1467 898 1587 972 vtpota
1603 899 1715 973 poeta,

476 996 506 1047 15
520 976 698 1055 significare
727 976 858 1038 videtur
885 976 1048 1039 Homerus
1075 996 1188 1057 quum,
1213 976 1389 1057 depingens
1414 975 1514 1055 Moly‚
1537 976 1715 1038 herbarum

519 1061 833 1140 praestantissimam
846 1065 882 1121 et
895 1060 1051 1122 aduersus
1065 1080 1160 1122 66166
1174 1059 1406 1121 maleficiorum
1419 1078 1520 1139 genus
1533 1060 1715 1122 efficacissi-

520 1162 618 1217 mam,
647 1144 696 1204 ait
723 1162 796 1204 eam
824 1143 931 1204 radice
960 1145 1053 1223 nigra
1079 1163 1157 1217 esse,
1184 1143 1240 1204 sed
1265 1142 1343 1204 flore
1368 1142 1474 1203 lacteo
1497 1142 1715 1223 candidoque.

520 1226 660 1288 Proinde
688 1232 835 1306 praestat
863 1226 925 1287 hoc
953 1227 1048 1288 nobis
1076 1227 1217 1288 eruditio
1245 1225 1397 1299 liberalis,
1423 1245 1489 1287 non
1515 1231 1651 1287 tautum
1674 1233 1716 1288 11

520 1308 665 1370 homines
684 1311 785 1371 simus
805 1315 840 1371 et
861 1329 882 1369 a
900 1310 1063 1390 pecudum
1080 1329 1194 1388 genere
1213 1328 1424 1389 segregemur,
1439 1315 1479 1370 11
1493 1310 1559 1370 1611
1573 1328 1716 1389 remque

474 1414 507 1450 20
519 1392 679 1464 uiuamus,
708 1394 922 1454 verumetiam
946 1399 985 1454 vt
1012 1392 1150 1454 feliciter
1177 1394 1385 1472 suauiterque
1409 1393 1571 1453 viuamus.
1622 1392 1717 1455 Nihil

519 1481 631 1537 661661
645 1475 816 1550 addubito,
836 1478 882 1537 mi
899 1476 998 1549 More,
1021 1478 1101 1556 quin
1122 1482 1161 1537 tu
1182 1475 1374 1537 iamdudum
1395 1475 1564 1549 deuorato,
1587 1476 1717 1556 siquid

518 1563 592 1620 erat
618 1560 652 1620 in
680 1559 797 1620 studiis
824 1562 936 1633 amari,
961 1559 1163 1621 dulcissimos
1185 1559 1408 1639 philosophiae
1434 1560 1562 1620 fructus
1587 1579 1715 1640 carpas,

519 1643 671 1703 nimirum
691 1662 733 1704 ex
752 1642 813 1703 tali
837 1649 930 1722 patre
954 1648 1062 1716 natus,
1086 1649 1121 1705 et
1142 1643 1184 1704 ab
1207 1642 1321 1704 eodem
1349 1663 1370 1703 a
1392 1644 1521 1716 teneris,
1547 1648 1587 1704 vt
1608 1645 1715 1717 aiunt,

519 1726 700 1804 unguiculis
714 1727 897 1799 institutus,
912 1727 1082 1799 formatus,
1098 1746 1135 1787 ac
1150 1732 1335 1806 prouectus,
1350 1726 1448 1805 idque
1467 1745 1534 1787 non
1553 1727 1663 1787 minus
1678 1728 1716 1788 in

474 1829 505 1879 25
519 1810 688 1889 utriusque
709 1809 838 1889 linguae
859 1809 1045 1889 disciplinis,
1070 1828 1170 1889 quam
1194 1811 1228 1870 in
1252 1810 1377 1889 pietate
1399 1808 1593 1883 Christiana,
1616 1812 1715 1871 16611-

519 1892 645 1971 busque
666 1894 887 1954 sanctissimis.
929 1892 1094 1972 Siquidem
1116 1894 1184 1972 ipse
1209 1893 1260 1952 vir
1279 1894 1353 1972 pius
1377 1894 1472 1953 iuxta
1490 1912 1529 1954 ac
1553 1892 1715 1967 eruditus,

519 1975 600 2036 nihil
621 1978 723 2055 magis
744 1976 835 2037 cordi
855 1976 1030 2056 studioque
1051 1976 1177 2049 habuit,
1199 1995 1298 2055 quam
1319 1982 1359 2037 vt
1380 1975 1482 2036 lilium
1503 1977 1555 2037 sui
1575 1975 1716 2037 similem

519 2060 622 2139 magis
635 2060 827 2121 educatione
840 2058 984 2139 fingeret,
999 2078 1099 2138 quam
1113 2065 1234 2120 natura
1246 2060 1419 2139 genuisset,
1434 2077 1500 2138 quo
1513 2060 1669 2120 nimirum
1679 2066 1716 2121 et

519 2144 587 2222 ipse
598 2148 690 2204 totus
704 2149 789 2203 esset
803 2149 907 2222 pater,
922 2148 1005 2204 otte
1020 2142 1123 2203 filium
1137 2142 1272 2203 haberet
1286 2161 1361 2203 vere
1375 2140 1509 2222 γιήσιον.
1551 2141 1624 2202 Η66
1639 2161 1715 2223 pro-

473 2248 507 2298 36
519 2225 607 2287 16616
621 2227 751 2287 6661166
764 2245 830 2287 666
844 2226 943 2305 paulo
956 2227 1156 2287 fortunatior
1168 2245 1212 2299 es,
1228 2245 1327 2305 quam
1347 2226 1374 2286 si
1393 2245 1435 2286 ex
1453 2226 1570 2305 quouis
1585 2225 1715 2305 Regum

519 2307 734 2370 (laesarumue
747 2310 838 2370 nasci
850 2311 1047 2388 contigisset.
1090 2308 1124 2371 si
1138 2310 1236 2370 istam
1247 2314 1340 2369 16661
1353 2308 1545 2370 felicitatem
1555 2311 1715 2388 agnoscis,

519 2397 558 2452 vt
573 2397 606 2452 16
621 2394 762 2454 maxime
776 2392 881 2453 iacere
895 2393 1000 2466 eredo,
1015 2412 1082 2454 non
1096 2398 1190 2472 potes
1198 2411 1264 2453 uon
1273 2398 1309 2452 et
1319 2393 1479 2453 maximas
1486 2411 1581 2472 agere
1590 2394 1716 2472 gratias

519 2476 688 2537 161661666
709 2476 877 2537 felicitatis
898 2477 1006 2536 autori
1027 2475 1107 2549 Deo,
1131 2481 1166 2537 61
1188 2494 1316 2536 6661166
1333 2495 1394 2555 ope
1416 2476 1550 2549 conniti,
1575 2482 1616 2537 11
1639 2482 1715 2537 1616

519 2560 659 2619 66161616
674 2565 744 2620 1661
758 2559 878 2621 effusae
893 2560 927 2620 in
941 2564 975 2620 te
988 2559 1193 2638 benignitati,
1207 2564 1280 2619 tum
1295 2558 1412 2638 optimi
1422 2559 1565 2638 parentis
1575 2560 1715 2620 eximiae

474 2663 506 2714 35
519 2643 636 2721 pietati
649 2642 855 2723 respondeas.
898 2643 1029 2703 Etenim
1044 2645 1071 2703 si
1089 2643 1239 2721 cuiquam
1257 2643 1391 2703 6616166
1407 2642 1546 2721 contigit
1560 2648 1608 2715 vt,
1623 2642 1715 2722 quod

519 2726 567 2786 ait
582 2724 740 2801 Comicus,
759 2726 848 2788 domi
866 2726 1001 2787 haberet
1020 2726 1107 2786 16116
1128 2726 1274 2799 disceret,
1296 2731 1331 2785 et
1352 2724 1566 2786 eruditionem
1587 2745 1626 2785 ac
1647 2726 1714 2805 pie·

519 2814 624 2870 tatem
658 2828 724 2870 166
759 2829 833 2871 6661
868 2810 954 2871 16616
984 2810 1148 2870 nutricum
1177 2814 1314 2887 sugeret,
1344 2808 1405 2869 hoc
1433 2808 1496 2869 tibi
1523 2808 1640 2869 datum
1662 2814 1715 2870 661

519 2893 696 2972 insigniter.
740 2893 854 2974 Neque
869 2894 971 2955 666616
985 2892 1028 2954 ab
1043 2893 1104 2954 hoc
1114 2891 1228 2954 eodem
1242 2890 1418 2954 Aristotele
1433 2894 1486 2969 (ne
1500 2891 1543 2953 ab
1557 2891 1614 2954 illo
1628 2911 1713 2954 rece·

519 2975 646 3053 damus)
662 2977 826 3056 praeclare
841 2978 966 3038 dictum
980 2996 1059 3050 esse,
1074 2976 1148 3055 plus
1162 2975 1278 3036 debere
1289 2994 1349 3036 nos
1359 2976 1398 3035 iis
1408 2994 1430 3035 a
1440 2976 1559 3055 quibus
1568 2976 1716 3037 instituti

473 3083 507 3133 40
520 3079 641 3133 sumus,
656 3079 756 3139 quam
775 3080 796 3122 a
815 3061 934 3141 quibus
948 3061 1117 3139 prognati;
1140 3059 1229 3138 quod
1243 3077 1264 3119 a
1277 3059 1468 3138 parentibus
1482 3064 1616 3119 tantum
1630 3060 1713 3121 acci·

519 3145 626 3222 pimus
641 3149 679 3204 vt
693 3145 853 3217 viuamus,
869 3164 889 3204 a
902 3143 1167 3223 praeceptoribus
1181 3148 1220 3202 vt
1239 3142 1320 3203 bene
1339 3143 1499 3204 riuamus.
1543 3142 1715 3221 Vtrimque

519 3245 638 3287 munus
652 3227 713 3287 tibi
727 3227 982 3288 cumulatissime
996 3227 1162 3306 praestitit
1176 3226 1321 3305 optimus
1335 3244 1451 3304 parens
1466 3231 1553 3299 tuus,
1568 3231 1603 3287 et
1617 3232 1655 3286 tu
1666 3225 1716 3288 illi

519 3311 680 3389 geminam
694 3309 792 3370 debes
806 3312 955 3389 gratiam.
998 3309 1089 3370 Haec
1103 3328 1205 3389 quum
1219 3310 1267 3369 ita
1281 3309 1358 3382 sint,
1373 3309 1487 3370 videor
1502 3309 1584 3370 mihi
1602 3327 1714 3388 super·

520 3411 695 3454 uacaneam
717 3400 908 3472 sumpturus
930 3412 1071 3473 operam,
1094 3394 1121 3453 si
1142 3392 1334 3472 iampridem
1351 3391 1502 3453 alacriter
1527 3397 1714 3453 currentem

473 3500 506 3550 45
520 3495 616 3537 coner
640 3477 785 3537 incitare.
828 3476 1036 3556 Applaudere
1061 3481 1193 3536 tantum
1217 3482 1252 3536 et
1277 3475 1455 3536 acclamare
1480 3476 1561 3536 libet
1582 3481 1715 3536 strenue

520 3559 633 3620 multis
647 3579 667 3619 a
682 3565 773 3639 tergo
787 3560 908 3621 relictis
923 3560 966 3621 ad
983 3559 1190 3640 perfectionis
1207 3565 1330 3620 metam
1347 3560 1546 3638 properanti,
1561 3558 1716 3620 videlicet

519 3662 585 3722 quo
599 3662 709 3704 curras
723 3643 871 3704 alacrius.
914 3643 1065 3704 Arbitror
1078 3644 1165 3703 enim
1182 3647 1216 3703 16
1235 3642 1427 3721 iampridem
1446 3641 1605 3703 absolutis
1622 3661 1714 3703 6166-

519 3725 714 3787 suetioribus
729 3726 906 3805 disciplinis
920 3727 1115 3807 augustioris
1129 3725 1352 3806 philosophiae
1363 3726 1525 3805 mysteriis
1536 3726 1714 3800 initiatum,

519 3815 558 3869 vt
572 3807 771 3888 Sapientiam
789 3810 1003 3890 Eloquentiae
1023 3810 1164 3889 copules,
1186 3808 1397 3889 pedissequae
1415 3808 1584 3887 Reginam.
1627 3808 1715 3869 Nam

473 3893 614 3964 56616116
635 3892 769 3953 ridicule
789 3893 870 3954 mihi
890 3893 996 3954 166616
1017 3893 1179 3966 ridentur,
1202 3893 1259 3971 qui
1279 3911 1337 3971 per
1358 3910 1487 3953 omnem
1507 3893 1610 3952 vitam
1633 3891 1716 3952 nihil

519 3974 609 4036 aliud
623 3982 726 4055 agunt
740 3995 840 4055 quam
854 3982 894 4037 11
909 3983 995 4038 16616
1013 3976 1200 4056 loquantur,
1221 3995 1279 4036 nec
1297 3976 1358 4036 hoc
1379 3977 1487 4054 ipsum
1506 3975 1595 4054 quod
1612 3994 1715 4036 vnum

518 4064 681 4139 expetunt
695 4067 946 4139 consequuntur,
958 4079 1071 4140 quum,
1083 4061 1178 4120 iuxta
1188 4058 1351 4132 Flaccum,
1364 4058 1492 4120 dicendi
1501 4065 1589 4120 recte
1603 4077 1716 4138 sapere

517 4147 553 4203 61
566 4143 761 4222 principium
775 4144 819 4203 sit
832 4149 867 4205 61
880 4143 963 4204 fons.

560 4225 650 4286 Haec
664 4227 841 4305 reputanti,
856 4227 1046 4288 suauissime
1056 4226 1204 4299 Ioannes,
1215 4226 1322 4286 116616
1332 4224 1601 4287 661Α11616161616
1611 4225 1716 4286 totius

473 4333 505 4385 55
520 4308 746 4388 Philosophiae
760 4311 939 4390 principem
953 4316 988 4371 61
1003 4315 1307 4382 6666661616161616,
1323 4309 1421 4370 modo
1435 4309 1539 4370 161611
1553 4314 1714 4382 16661661,

519 4392 582 4453 tibi
595 4392 714 4465 dicare,
730 4398 769 4453 11
782 4394 817 4453 16
832 4393 928 4455 huius
941 4392 1164 4473 penetralibus
1183 4391 1311 4452 assidue
1331 4411 1463 4453 versans
1482 4393 1509 4453 si
1529 4391 1608 4471 quid
1622 4391 1716 4452 deest

519 4475 591 4537 orbi
619 4475 862 4554 disciplinarum
890 4477 1051 4538 absoluas.
1103 4476 1194 4537 Vnus
1221 4476 1307 4536 enim
1338 4475 1390 4535 hic
1423 4475 1665 4555 Philosophiam
1693 4493 1715 4535 a

519 4559 654 4619 diuersis
668 4578 726 4638 per
738 4559 922 4639 fragmenta
935 4562 1073 4639 sparsim
1092 4558 1334 4637 mutilatimque
1348 4558 1507 4619 traditam
1521 4560 1556 4620 in
1569 4557 1716 4620 ordinem

519 4642 643 4722 redegit
657 4661 694 4702 ac
709 4641 801 4704 velut
815 4645 849 4704 in
863 4662 980 4723 corpus
996 4643 1168 4723 compegit,
1183 4647 1222 4702 vt
1236 4643 1293 4720 qui
1307 4662 1327 4702 a
1342 4643 1452 4703 Poetis
1465 4662 1503 4703 ac
1515 4640 1716 4703 Rhetoribus

986 4767 1029 4803 20.
1047 4758 1081 4803 vt
1092 4770 1125 4803 a:
1143 4766 1199 4802 616.
1212 4750 1250 4802 N.

555 4899 595 4950 17·
613 4885 725 4936 radice.
740 4922 746 4936 .
761 4884 968 4951 ,candidoque]
982 4885 1032 4936 od.
1049 4899 1089 4937 ro.
1140 4899 1205 4951 41²3
1222 4884 1260 4934 61.
1273 4884 1361 4948 Adug.
1373 4900 1433 4949 949.

519 4964 753 5082 ²⁰}e⁵'comreus]
786 5019 909 5070 16666
960 5018 1081 5084 rapas·
1141 4950 1717 5084 aniio'ffiwmldmmLib'iv'fflu'
