4042 5900
525 634 588 698 344
872 631 1372 696 mrmnsornnnsnus
1650 633 1741 710 [1531

525 794 634 856 habet.
677 792 821 871 Ideoque
834 793 935 854 miror
948 792 1117 854 Anshelmi
1131 792 1298 872 Ephorini,
1310 790 1450 854 hominis
1462 790 1566 853 docti
1578 796 1619 852 et
1633 810 1742 852 rerum

479 885 659 950 sotuarum
682 876 830 949 studiosi,
856 875 1020 949 iuditium,
1046 877 1103 954 qui
1126 895 1192 955 quo
1214 876 1359 937 amicitia
1381 880 1441 935 tua
1465 894 1522 936 me
1553 874 1742 935 beatiorem

524 960 683 1034 redderet,
701 979 768 1021 non
784 958 918 1020 erubuit
936 960 1011 1019 istic
1028 959 1069 1020 de
1088 979 1148 1033 me,
1169 961 1197 1020 si
1216 978 1283 1020 non
1304 958 1444 1031 mentiri,
1465 964 1565 1019 certe
1590 956 1741 1038 magnifi-

525 1047 653 1105 centius
672 1063 772 1122 quam
791 1061 852 1122 pro
871 1061 944 1104 mea
965 1049 1054 1103 sorte
1074 1042 1270 1122 praedicare.
1313 1041 1412 1103 Carina
1433 1060 1495 1120 ego
1516 1040 1650 1103 laudes
1674 1047 1741 1102 tam

525 1146 593 1189 non
604 1146 743 1207 agnosco
754 1145 854 1205 quam
865 1124 955 1204 quod
965 1126 1032 1187 scio
1043 1126 1206 1188 hominem
1218 1126 1315 1187 nimis
1325 1143 1395 1186 esse
1406 1125 1569 1187 amicum.
1620 1123 1741 1203 Τυᾴλὸς

525 1209 560 1271 δὲ
573 1209 591 1271 o‘
606 1210 683 1289 ἔρως
696 1208 767 1289 περὶ
781 1208 818 1269 τό
831 1208 1022 1287 φιλούμενον.
1065 1209 1179 1288 Neque
1194 1215 1306 1270 tamen
1323 1227 1362 1269 ea
1379 1212 1515 1287 propter
1535 1207 1740 1270 mendacem

479 1313 512 1367 55
525 1313 642 1356 vocare
653 1292 756 1355 debeo
769 1294 877 1353 virum
892 1297 962 1353 tam
977 1294 1150 1372 integrum,
1162 1311 1267 1371 neque
1281 1290 1488 1353 adulatorem
1499 1293 1660 1353 amicum
1672 1298 1740 1353 tam

526 1396 709 1457 syncerum,
724 1383 759 1438 et
773 1378 826 1437 cui
840 1375 897 1437 illo
912 1375 1087 1437 Homerico
1100 1375 1182 1436 nihil
1196 1378 1241 1436 sit
1255 1376 1442 1453 antiquius:

706 1458 837 1538 Ἐχθρὸς
850 1457 911 1538 γάρ
924 1482 979 1537 μοι
993 1464 1093 1523 κεῖνος
1106 1458 1190 1536 ὁμῶς
1205 1457 1315 1519 Ἀΐδαο
1329 1457 1458 1536 πύλῃσιν

706 1542 767 1609 'Os
781 1542 812 1621 χ’
827 1541 932 1622 ἕτερον
944 1541 1001 1620 μὲν
1014 1540 1115 1602 κεύθει
1130 1540 1174 1602 ε’νῖ
1187 1541 1306 1620 φρεσίν,
1321 1540 1398 1601 ἄλλο
1413 1539 1447 1601 δὲ
1461 1538 1547 1619 εἴπῃ.

525 1627 667 1689 Proinde
688 1628 716 1688 si
738 1634 771 1688 te
791 1626 985 1705 improbitas
1007 1645 1080 1686 mea
1101 1625 1283 1698 offenderit,
1304 1624 1393 1703 quod
1414 1624 1524 1685 ambio
1545 1626 1740 1686 amicitiam

479 1721 514 1771 oo
526 1718 629 1784 tuam,
649 1730 699 1784 ne,
718 1729 828 1789 queso,
847 1709 927 1770 mihi
946 1727 1145 1782 succenseas,
1167 1708 1224 1770 sed
1243 1708 1412 1788 Ephorino
1433 1708 1490 1786 qui
1512 1714 1741 1769 cunctantem

525 1800 560 1856 et
575 1792 725 1875 progredi
739 1792 905 1854 nolentem
920 1792 1034 1854 crebro
1051 1812 1118 1854 non
1138 1798 1208 1852 tam
1228 1791 1382 1853 hortatus
1400 1796 1452 1852 est
1471 1808 1578 1869 quam
1601 1791 1742 1871 impulit

525 1880 639 1939 eciam.
683 1877 771 1938 Bene
786 1876 869 1938 vale.

567 1962 619 2022 Ex
633 1959 858 2039 Norimberga.
870 1960 928 2019 viii
942 1958 1023 2020 Idus
1033 1957 1148 2019 viibris
1161 1957 1259 2020 Anno
1273 1957 1391 2019 salutis
1404 1962 1538 2018 nostrae
1552 1973 1741 2021 mmxxxr.

810 2043 862 2103 Ex
877 2044 988 2104 animo
1002 2041 1065 2103 tibi
1079 2041 1302 2104 deditissimus
1316 2041 1460 2102 Thomas
1475 2039 1698 2103 Venatorius.

479 2145 513 2207 ⁶⁵
568 2151 855 2213 Praestantissimo
877 2152 949 2212 viro
973 2151 1111 2213 Erasmo
1136 2149 1368 2223 Roterodamo‚
1391 2148 1545 2229 theologo
1571 2150 1742 2225 maximo,

527 2236 660 2297 domino
675 2255 734 2297 suo
749 2235 943 2298 venerande.

773 2518 873 2581 2538.
921 2512 1029 2581 Facu
1044 2514 1232 2582 Boumscn
1257 2514 1474 2579 Auuaaacn.

565 2652 658 2710 Basle
670 2651 735 2709 MS.
749 2652 782 2709 O.
798 2653 868 2709 VI⁸.
883 2664 929 2723 73.
945 2665 1009 2725 247.
1407 2724 1427 2781 S
1468 2650 1576 2781 ιΙέἱιὲιΙὴοθ.

1358 2740 1392 2794 15
1429 2741 1467 2797 ep
1575 2742 1701 2798 r1531.

562 2855 618 2918 [An
625 2854 743 2919 original
749 2853 842 2914 letter,
850 2854 1010 2918 autograph
1018 2853 1202 2917 throughout,
1211 2851 1307 2903 iolded
1315 2852 1372 2902 and
1380 2851 1484 2911 scaled,
1493 2853 1547 2902 but
1554 2855 1742 2921 apparently

527 2931 580 2974 not
590 2928 655 2974 aeut
667 2924 710 2984 (aa
722 2923 745 2972 it
757 2923 781 2973 is
792 2920 905 2973 crossed
915 2921 1040 2986 through
1051 2921 1109 2970 and
1120 2920 1170 2971 the
1181 2919 1363 2986 roughdrait
1373 2919 1404 2971 oi
1415 2920 1470 2985 Ep.
1482 2932 1549 2984 2542
1561 2922 1689 2973 written
1700 2938 1741 2974 on

528 2992 578 3042 the
595 2989 813 3050 vernol-which
829 2987 923 3039 would
940 2988 1055 3053 explain
1070 2988 1120 3038 the
1135 2989 1289 3053 repetition
1307 2987 1338 3037 oi
1355 2987 1382 3037 ll.
1399 2990 1449 3048 6-9
1464 2987 1570 3038 almost
1585 2990 1742 3041 verbatim

528 3051 813 3123 ruspensem]

571 3163 602 3226 S.
618 3164 654 3226 P.
698 3162 784 3237 Quid
798 3165 832 3224 in
847 3163 950 3224 soceri
964 3162 1062 3223 domo
1076 3162 1232 3223 acciderit
1243 3162 1305 3223 tihi
1319 3162 1385 3222 iam
1396 3180 1454 3241 per
1465 3162 1578 3223 vxoris
1589 3161 1740 3227 tratrem

528 3248 711 3309 indicatum
725 3253 785 3308 est.
829 3245 881 3307 Sic
896 3252 1010 3307 nostra
1025 3251 1255 3306 momentanea
1272 3252 1352 3305 sunt
1370 3252 1410 3305 vt
1429 3245 1511 3305 nihil
1529 3247 1615 3307 certi
1636 3247 1739 3309 nobis

529 3350 588 3392 nec
613 3332 648 3391 in
673 3330 769 3391 horas
794 3331 985 3409 promittere
1014 3330 1193 3408 possimus:
1231 3328 1353 3406 alioqui
1381 3327 1463 3389 nihil
1491 3335 1551 3389 tuo
1579 3329 1740 3393 aduentu

528 3415 654 3495 gratius
668 3432 780 3476 socero
793 3432 862 3474 esse
882 3413 1053 3493 potuisset.
1097 3411 1183 3486 Quid
1202 3413 1236 3472 in
1256 3413 1336 3472 meis
1355 3411 1453 3472 rebus
1474 3412 1595 3491 egerim
1617 3432 1739 3476 eoram

501 3521 516 3571 5
530 3496 690 3559 indicabo.
728 3496 866 3576 Lupum,
876 3503 916 3556 vt
926 3516 1001 3558 vere
1013 3495 1131 3568 dicam,
1142 3495 1277 3556 auribus
1289 3501 1394 3556 teneo.
1432 3493 1518 3568 Quid
1528 3514 1597 3556 non
1606 3496 1739 3577 ubique

530 3580 737 3642 timendum?
780 3579 914 3642 Vtinam
935 3580 1058 3640 nostris
1075 3577 1166 3640 cordi
1187 3580 1231 3639 sit
1248 3578 1400 3651 charitas,
1421 3597 1521 3656 quam
1542 3580 1739 3658 pacientem

530 3664 611 3725 dicit
624 3662 747 3725 Paulus
761 3669 797 3724 et
810 3663 995 3742 benignam,
1007 3681 1074 3723 non
1089 3661 1236 3723 inuidam
1250 3681 1309 3722 nec
1324 3680 1503 3741 procacem.
1545 3660 1738 3740 Conquere·

530 3748 648 3808 bamur
669 3745 748 3807 olim
769 3745 1005 3824 Babylonicam
1028 3745 1090 3806 suh
1111 3744 1269 3806 Pontifice
1294 3746 1498 3818 seruitutem,
1520 3763 1609 3805 nunc
1635 3745 1741 3810 liberi

531 3831 654 3892 scilicet
668 3849 791 3891 sumus.

487 3938 519 3976 ιο
572 3913 693 3975 Verum
714 3913 793 3974 haec
814 3913 857 3974 ad
878 3918 921 3973 te.
965 3912 1066 3973 Plura
1085 3931 1126 3973 ne
1144 3912 1276 3992 possim,
1296 3912 1408 3972 nuncii
1426 3910 1619 3972 acceleratio
1638 3912 1738 3978 iacit.

532 3997 621 4058 Bene
636 3997 718 4070 vale,
734 3996 911 4057 clarissime
925 3995 1071 4057 Erasme.

573 4079 701 4142 Cursim
716 4079 862 4141 Basileae
876 4080 981 4140 altera
995 4085 1072 4159 post
1085 4077 1197 4140 Crucis
1211 4078 1308 4140 Anno
1322 4095 1349 4138 m
1358 4095 1381 4138 o
1390 4094 1487 4139 xxxl.

1313 4162 1404 4222 Tuus
1418 4161 1477 4223 Bo.
1492 4159 1692 4225 Amerbach.

573 4272 637 4333 Dn.
652 4271 790 4334 Erasmo
807 4270 1041 4344 Roterodamo,
1059 4269 1224 4350 Theologo
1241 4288 1369 4331 summo
1389 4268 1615 4348 bonarumque
1635 4269 1738 4334 disci-

488 4376 520 4426 15
533 4355 734 4436 pli<narum>
748 4355 866 4428 decori,
881 4357 1041 4434 patr0<no
1054 4352 1330 4435 incom>parabili.
1374 4353 1533 4432 Friburgi.

566 4509 641 4558 2537.
660 4522 701 4571 49.
720 4505 869 4572 Ephorini]
889 4505 941 4556 See
960 4505 1017 4570 Ep.
1038 4518 1105 4569 2539
1155 4505 1232 4571 Epp.
1245 4518 1321 4569 2542,
1334 4517 1409 4568 2543,
1422 4508 1497 4569 2546.

533 4574 638 4625 introd.
1188 4589 1214 4637 4.
1233 4572 1329 4634 rebus]
1340 4572 1391 4622 See
1403 4572 1457 4637 Ep.
1470 4583 1537 4634 2519
1547 4569 1653 4620 introd.

567 4645 609 4703 56.
628 4640 790 4701 Homerico]
800 4638 837 4690 11.
850 4652 875 4700 9.
888 4652 996 4703 312-13.
1189 4652 1214 4700 5.
1233 4639 1359 4703 Lupum]
1371 4639 1459 4702 Adcp.
1471 4651 1529 4702 425.

567 4708 643 4758 2538.
663 4721 686 4758 1.
704 4707 805 4767 Quid.
831 4744 837 4756 .
862 4704 1031 4767 ‚acciderit1
1055 4705 1106 4755 See
1189 4720 1215 4769 7.
1233 4705 1350 4768 Paulus]
1364 4720 1375 4756 1
1389 4704 1451 4756 Cor.
1466 4719 1505 4769 13.
1518 4722 1543 4769 4.
