4042 5900
298 670 394 752 2624]
605 670 729 735 FROM
749 671 927 734 HECTOR
949 671 1200 735 HOXVIRIUS
1431 671 1494 730 465

298 832 369 894 Hos
383 832 411 892 si
426 831 521 893 initio
535 850 596 912 pro
609 831 728 893 merito
742 850 801 893 suo
816 836 1003 904 tractasses,
1019 850 1078 893 nec
1092 832 1195 911 magis
1212 831 1292 910 quid
1311 836 1346 892 te
1360 830 1494 910 dignum

296 922 385 978 esset
398 916 573 995 cogitasses
587 934 686 995 quam
698 914 778 993 quid
791 914 923 976 illorum
938 922 1117 976 mereretur
1133 914 1335 995 improbitas,
1350 915 1416 975 iam
1430 913 1495 993 pri·

297 998 373 1061 dem
384 1005 480 1072 esset,
490 999 615 1078 opinor,
627 997 857 1060 honestissima
867 1004 1018 1059 senectus
1028 1004 1088 1060 tua
1098 998 1150 1059 his
1160 998 1315 1060 monstris
1326 996 1495 1058 conficien-

297 1082 350 1143 dis
364 1081 530 1143 defuncta.
574 1080 668 1155 Quod
682 1087 803 1155 tamen,
819 1100 885 1161 qua
899 1088 978 1143 sunt
995 1081 1201 1161 impudentia
1214 1087 1250 1142 11
1263 1080 1495 1153 obstinatione,

297 1167 356 1226 vix
371 1166 493 1245 sperari
507 1165 653 1244 potuisse
667 1164 799 1226 videtur
812 1164 855 1225 ab
870 1165 909 1226 iis
923 1164 1043 1244 quibus
1057 1165 1172 1226 vnicus
1182 1183 1299 1244 scopus
1308 1170 1360 1225 est
1371 1169 1494 1236 venter,
1509 1181 1542 1231 55

297 1249 437 1310 ambitio
451 1253 486 1310 et
500 1247 668 1328 popularis
687 1267 779 1321 aura,
798 1267 865 1326 quo
884 1249 993 1309 omnia
1014 1266 1074 1309 sua
1095 1248 1207 1309 studia
1226 1254 1262 1309 et
1283 1248 1497 1327 cogitationes

297 1331 454 1411 dirigunt.
498 1330 592 1405 Quod
607 1332 635 1392 si
649 1332 722 1410 quis
733 1330 819 1393 male
829 1351 922 1393 vrere
932 1338 968 1392 11
979 1331 1090 1392 vlcisci
1100 1330 1174 1393 illos
1181 1331 1304 1411 cupiat,
1314 1330 1349 1391 id
1356 1329 1497 1391 fortasse

297 1422 359 1477 aut
372 1414 465 1476 nulla
478 1434 513 1476 re
527 1414 593 1475 alia
606 1420 666 1476 aut
682 1415 912 1476 taciturnitate
929 1421 964 1476 11
982 1420 1175 1494 contemptu
1190 1414 1344 1476 facillime
1358 1413 1495 1485 efficist;

298 1517 495 1577 causamque
506 1497 571 1558 illis
581 1517 711 1559 emnem
722 1499 756 1557 in
767 1504 936 1577 posterum
947 1497 1158 1578 praesciderit
1169 1499 1295 1577 magnis
1306 1503 1341 1558 11
1351 1496 1497 1558 honestis

298 1581 486 1643 nominibus
500 1580 698 1642 adlatrandi.
1509 1600 1543 1651 4⁰

341 1664 456 1742 Neque
466 1664 546 1725 haec
558 1683 597 1725 eo
608 1663 681 1726 dico
692 1684 758 1743 quo
769 1664 937 1726 consultor
947 1670 982 1726 et
992 1669 1273 1744 praemonstrator
1284 1670 1363 1725 tuns
1374 1662 1496 1735 videar,

299 1753 361 1809 aut
375 1767 441 1808 non
456 1748 525 1827 ipse
536 1749 698 1808 rationem
710 1753 823 1809 teneas
832 1747 997 1827 quomodo
1007 1747 1132 1826 hydrae
1141 1749 1224 1809 istae
1235 1748 1296 1809 tibi
1305 1744 1498 1809 mandas

300 1832 476 1909 sint—quo
490 1831 570 1910 quid
584 1832 726 1910 ineptius
744 1836 779 1892 et
796 1832 1002 1910 arrogantius
1016 1832 1153 1910 cogitari
1171 1836 1295 1909 queat?
1317 1829 1380 1891 Sed
1394 1848 1498 1908 quum

301 1915 387 1976 male
402 1914 523 1976 babeat
537 1914 695 1987 animum,
707 1921 741 1975 te
756 1919 948 1975 veteranum
962 1915 1030 1975 iam
1043 1922 1078 1975 et
1088 1916 1272 1987 emeritum,
1283 1915 1349 1975 imo
1363 1917 1497 1974 tantum

300 1997 470 2059 literarum
486 1997 602 2059 ducem
617 2003 718 2076 atque
732 1998 975 2077 imperatorem,
991 2017 1012 2058 a
1025 1996 1101 2058 lixis
1114 2004 1149 2059 et
1168 1996 1337 2058 calonibus
1352 1996 1497 2075 conspui,
1510 2017 1543 2067 45

301 2089 376 2142 tum
400 2100 478 2142 sane
501 2080 591 2160 quod
614 2079 692 2141 freti
716 2086 776 2141 tua
798 2080 947 2142 bonitate
970 2099 1074 2142 nouas
1096 2080 1234 2142 subinde
1259 2080 1498 2143 calumniarum

302 2165 439 2226 wobnas
460 2164 522 2225 tibi
542 2163 758 2236 fabricantur,
780 2169 818 2224 vt
839 2164 885 2225 sic
906 2164 1042 2225 tandem
1063 2165 1163 2237 inani,
1183 2183 1242 2225 neo
1263 2164 1373 2224 minus
1394 2160 1500 2223 stulta

301 2247 391 2327 quod
406 2246 599 2327 impudenti,
614 2247 748 2308 omnino
762 2252 874 2308 tamen
890 2245 975 2308 falsa
987 2246 1143 2327 gloriolae
1162 2266 1263 2309 vaura
1277 2245 1499 2327 perfruantur,

301 2332 374 2412 pati
388 2331 538 2409 equidem
553 2330 644 2391 nullo
658 2329 756 2391 modo
770 2349 914 2410 possum.
957 2327 1022 2391 Sed
1035 2332 1081 2391 sit
1098 2349 1177 2391 sane
1197 2330 1258 2391 hoc
1276 2336 1371 2390 tuum
1390 2327 1500 2390 fatum

302 2420 342 2475 vt
361 2421 395 2475 te
411 2433 470 2475 neo
488 2415 578 2475 vitae
597 2414 769 2493 integritas
789 2432 848 2475 nec
869 2414 990 2492 ingenii
1010 2413 1197 2475 sublimitas
1216 2433 1275 2475 nec
1295 2412 1500 2491 eloquentiae
1513 2433 1546 2483 5ο

302 2499 353 2559 vis
367 2516 426 2558 neo
440 2497 579 2576 denique
592 2497 777 2577 principum
790 2495 887 2558 fauor
900 2496 943 2557 ab
954 2496 1005 2557 bis
1016 2497 1141 2558 cancris
1152 2498 1237 2559 tueri
1245 2502 1280 2558 et
1288 2497 1501 2557 securitatem

302 2586 471 2661 praestare
485 2581 623 2661 possint,
639 2585 752 2641 tamen
766 2599 937 2658 nunquam
950 2581 1091 2642 efficient
1102 2586 1150 2653 vt,
1162 2599 1263 2659 qnam
1274 2579 1421 2641 iabulam
1433 2578 1500 2639 suis

302 2663 470 2725 sodalibus
484 2663 761 2743 applaudentibus
776 2664 842 2723 iam
860 2663 917 2724 diu
935 2662 1109 2736 saltarunt,
1129 2663 1268 2724 eandem
1286 2663 1387 2724 etiam
1408 2662 1501 2723 bonis

302 2754 338 2809 et
362 2746 506 2808 cordatis
531 2746 772 2826 spectatoribus
801 2746 951 2826 probent.
996 2746 1043 2808 Te
1071 2766 1150 2808 vero
1177 2765 1279 2825 quum
1305 2744 1501 2807 excellentes

304 2830 423 2910 ingenii
436 2831 601 2908 animique
616 2831 667 2890 tui
681 2836 830 2890 caeterae
844 2830 995 2902 11111111,
1012 2835 1084 2890 tum
1102 2831 1168 2891 ista
1187 2837 1247 2890 tua
1266 2835 1335 2890 tam
1350 2827 1501 2889 amabilis
1514 2848 1546 2898 55

303 2933 431 2977 morum
453 2915 602 2976 suauitas
623 2919 776 2974 aeternae
793 2912 961 2974 hominum
981 2914 1156 2975 memoriae
1177 2910 1389 2985 consecrabit,
1408 2915 1449 2973 vt
1465 2911 1502 2971 in

304 3017 401 3059 omne
412 3016 531 3059 aeuum
540 3002 672 3077 gratum
680 3003 716 3058 et
727 2997 899 3076 plausibile
910 2997 1039 3057 Erasmi
1048 3016 1167 3058 nomen
1176 2996 1326 3058 futurum
1338 2997 1391 3057 sit.
1428 2993 1501 3068 Qua

304 3082 439 3144 tametsi
453 3099 686 3161 saepenumero
699 3080 856 3141 inamicis
866 3083 935 3157 (te)
951 3081 1018 3141 tuis
1026 3079 1181 3142 ornandis
1189 3086 1224 3141 11
1234 3077 1503 3141 commendandis

305 3184 400 3227 vsum
415 3165 491 3237 scio,
507 3165 625 3225 vt'iam
639 3182 727 3225 noua
741 3163 822 3224 mibi
836 3162 939 3224 videri
953 3182 1020 3225 non
1034 3165 1148 3243 possit,
1162 3170 1275 3225 tamen
1291 3163 1371 3224 dum
1387 3161 1501 3223 eadem

304 3257 365 3310 tua
379 3248 569 3309 humanitas
585 3253 621 3308 11
640 3265 692 3307 me
711 3245 815 3307 literis
832 3247 899 3308 suis
920 3247 1085 3326 dignatur,
1107 3248 1300 3327 praesertim
1321 3251 1381 3306 tua
1402 3264 1502 3305 manu
1514 3255 1548 3303 60

304 3332 445 3412 scriptis,
461 3330 603 3410 Viglium
621 3336 733 3391 autem
753 3333 903 3391 nostrum
921 3331 1039 3409 insigni
1056 3331 1161 3409 elegio
1178 3335 1286 3403 ornat,
1306 3328 1429 3390 multas
1446 3327 1503 3388 illa

305 3415 402 3477 simul
421 3414 502 3475 mibi
522 3414 669 3475 laetitiae
690 3431 806 3474 causas
826 3415 962 3493 peperit.
1005 3413 1092 3475 Nam
1111 3415 1180 3493 ipse
1199 3414 1228 3473 si
1241 3432 1308 3474 non
1322 3411 1502 3490 intelligam

305 3505 467 3579 quantum
486 3497 563 3559 inde
582 3497 663 3557 mihi
681 3497 854 3558 accesserit
870 3499 1066 3571 ornamenti,
1086 3503 1159 3558 tum
1176 3498 1204 3557 is
1221 3497 1283 3557 sim
1302 3495 1450 3576 profecto
1468 3495 1502 3555 in

305 3602 403 3662 quem
421 3582 618 3644 conueniant
641 3600 681 3641 ea
704 3599 798 3660 quae,
823 3585 863 3641 vt
882 3586 934 3641 est
954 3580 1044 3660 apud
1065 3581 1236 3653 comicum,
1258 3585 1337 3640 sunt
1357 3579 1448 3640 dicta
1468 3579 1503 3638 in

306 3665 458 3738 stultum,
481 3664 608 3726 caudex
633 3665 734 3744 stipes
758 3664 869 3724 asinus
892 3662 1074 3743 plumbeus.
1117 3662 1290 3725 Caeterum
1314 3661 1410 3742 Viglii
1431 3666 1549 3733 1111165

306 3749 484 3811 honorifica
498 3748 621 3809 mentio
635 3766 695 3827 pro
709 3765 821 3808 amore
835 3747 869 3807 in
879 3766 932 3808 me
943 3747 1054 3826 ipsius,
1066 3765 1163 3825 quem
1174 3746 1256 3807 milri
1266 3764 1362 3825 saepe
1372 3745 1503 3824 scriptis

306 3831 409 3892 literis
424 3830 633 3911 approbauit,
648 3835 683 3891 et
696 3830 839 3890 vicissim
854 3849 914 3909 pro
928 3849 1002 3891 meo
1016 3831 1051 3891 in
1065 3829 1159 3890 illum
1177 3829 1289 3892 studio
1307 3847 1374 3890 non
1392 3828 1503 3907 potuit

307 3914 388 3975 mihi
402 3933 468 3975 non
483 3933 555 3975 esse
574 3913 826 3985 iucundissima3
848 3933 926 3974 nam
948 3918 1079 3993 praeter
1096 3914 1216 3993 ingenii
1233 3931 1341 3974 raram
1360 3910 1503 3972 indolem

306 4003 342 4059 et
365 3998 498 4058 minime
520 3996 656 4057 dubiam
680 4015 828 4057 summae
852 3996 1045 4058 eruditionis
1067 4015 1169 4077 spem,
1197 3996 1356 4077 priuatim
1380 3993 1503 4055 multas

307 4100 422 4142 causas
437 4080 536 4142 babet
551 4086 591 4140 vt
605 4079 785 4160 plurimum
798 4080 828 4141 ei
842 4079 988 4141 debeam.
1032 4079 1119 4141 Nam
1134 4081 1214 4142 dum
1227 4078 1325 4140 fratri
1338 4097 1411 4139 meo
1422 4076 1503 4138 nihil
1517 4099 1550 4150 70

306 4184 373 4225 non
387 4164 483 4225 officii
496 4162 631 4225 exhibet
645 4182 742 4242 quem
756 4162 960 4243 Biturigibus
973 4162 1115 4242 reliquit,
1130 4163 1210 4224 dum
1223 4163 1364 4224 eundem
1377 4162 1504 4222 animat

307 4254 341 4309 et
356 4247 511 4309 hortatur
524 4252 559 4308 et
573 4246 677 4307 veluti
692 4265 825 4307 manum
846 4247 982 4327 porrigit
998 4245 1041 4307 ad
1061 4248 1140 4308 iuris
1162 4246 1267 4307 ciuilis
1286 4246 1504 4324 cognitionem

306 4332 455 4393 exactius
477 4329 749 4409 inuestigandum,
776 4347 840 4390 non
869 4329 996 4409 vulgari
1027 4332 1144 4391 merito
1172 4349 1224 4391 me
1253 4329 1315 4390 sibi
1343 4328 1503 4389 deuinxit.

307 4414 380 4489 Qua
394 4413 526 4493 quidem
541 4414 576 4474 in
590 4432 625 4474 re
640 4432 680 4474 ne
694 4410 811 4473 Oarolo
824 4412 956 4491 quidem
971 4411 1109 4475 Succeto
1123 4414 1232 4474 minus
1246 4413 1406 4474 obnoxius
1421 4429 1503 4484 sum,

308 4517 407 4577 quem
435 4498 497 4558 tibi
521 4498 658 4558 charum
682 4515 752 4556 esse
780 4497 856 4558 scio.
900 4495 1005 4576 Viglio
1033 4515 1212 4577 nunquam,
1236 4514 1342 4576 spero,
1370 4494 1505 4556 iortuna
1517 4515 1551 4567 75

308 4581 413 4643 deerit
426 4600 525 4659 quam
540 4580 587 4641 illi
605 4598 671 4641 non
687 4579 794 4641 solum
811 4579 976 4659 ingenium
990 4585 1025 4640 et
1039 4580 1210 4653 industria,
1225 4579 1345 4658 quibus
1358 4579 1428 4658 ipse
1442 4578 1505 4639 sibi

307 4664 477 4727 fortunam
492 4663 611 4743 fingere
625 4663 760 4744 poterit,
775 4682 889 4724 verum
903 4669 981 4723 tuae
991 4663 1092 4724 etiam
1103 4662 1402 4724 commendationes
1413 4678 1504 4739 prae·

309 4748 459 4820 stabunt,
473 4748 566 4808 cuius
585 4745 713 4826 singula
728 4745 830 4807 verba
848 4745 984 4825 singula,
1000 4752 1041 4806 vt
1057 4747 1167 4825 inquit
1180 4745 1300 4819 Cicero,
1316 4745 1506 4806 testimonia

308 4837 397 4893 sunt.

310 4939 316 4943 .
342 4970 385 5031 ⁶4·
403 4964 853 5028 comicuml'l'er.llaoat.5.1.4.
933 4963 1099 5022 chvirius,
1131 4978 1177 5015 see
1210 4963 1326 5029 Viglius'
1357 4963 1443 5015 letter
1475 4971 1506 5014 to

343 5049 384 5098 70.
402 5031 496 5093 fratri]
533 5032 578 5082 No
611 5031 704 5081 doubt
740 5031 883 5082 Ausonius
933 5030 1050 5089 Hector,
1062 5030 1217 5088 Gabbema,
1229 5046 1258 5095 p.
1271 5044 1329 5094 5²5·

344 5143 421 5204 4529
872 5130 896 5179 Η
918 5113 940 5178 h
