4042 5900
280 693 379 772 2633]
588 691 711 754 1111011
732 690 917 754 cassan
939 691 1177 755 sonamus
1417 695 1478 754 481

278 851 466 923 scriberem,
481 850 539 911 sed
553 852 762 912 temerarium
782 870 834 911 me
848 851 1017 922 iudicares,
1032 858 1085 912 sat
1104 852 1180 925 scio,
1195 852 1252 930 qui
1271 851 1374 913 literis
1394 870 1479 913 com·
1494 877 1526 927 ²5

277 936 448 996 mitterem
463 953 548 1012 quae
561 939 695 1014 possent
708 939 743 994 et
756 953 808 994 me
822 933 943 995 stilles
956 954 1092 1013 grauate
1106 934 1240 995 inuidia.

323 1016 565 1097 Saepenumero
579 1017 712 1090 indolui,
728 1018 817 1095 quod
828 1023 862 1078 te
875 1017 1019 1078 viderem
1034 1017 1242 1095 quorundam
1256 1018 1481 1097 sycophantiis

277 1101 382 1162 toties
398 1119 419 1160 a
433 1101 524 1161 seriis
538 1100 656 1160 studiis
671 1101 811 1161 auocari.
856 1100 1008 1160 Efferunt
1022 1105 1139 1179 poetae
1153 1099 1303 1161 Herculis
1317 1108 1352 1161 et
1366 1100 1481 1162 Thesei

276 1188 490 1245 constantem
500 1183 703 1261 diligentiam
714 1184 748 1243 in
759 1191 829 1244 tam
840 1185 953 1262 paucis
967 1185 1123 1243 monstris
1137 1184 1318 1257 domandis,
1330 1183 1387 1244 sed
1401 1184 1481 1263 quid

276 1267 323 1328 de
336 1272 373 1328 te
387 1266 508 1327 dicturi
529 1267 677 1339 fuissent,
698 1267 754 1344 qui
776 1271 829 1327 tot
848 1266 991 1344 vndique
1011 1268 1045 1326 in
1064 1271 1158 1327 tuam
1177 1268 1353 1346 perniciem
1372 1269 1479 1345 ingru-
1495 1294 1528 1344 30

276 1351 373 1411 entia
401 1354 550 1411 monstra
574 1349 671 1410 simul
696 1349 857 1421 conficias,
883 1369 958 1409 cum
983 1349 1056 1410 illos
1082 1368 1251 1428 nunquam
1276 1349 1328 1409 vel
1353 1349 1481 1410 duobus

276 1451 472 1512 congressos
485 1433 584 1493 fuisse
599 1432 766 1511 legamus?
809 1432 871 1493 Sed
888 1432 1000 1493 ‘dabit
1015 1432 1104 1492 Deus
1119 1434 1158 1492 iis
1172 1451 1301 1511 quoque
1316 1432 1433 1493 finem’.

322 1514 420 1589 Quod
436 1515 480 1576 ad
497 1514 648 1594 Scaligeri
666 1515 846 1576 calumnias
865 1520 973 1593 (quem
991 1515 1131 1575 Iacobus
1150 1514 1292 1588 Colinus,
1308 1515 1421 1576 Abbas
1439 1515 1480 1577 D.

276 1599 447 1660 Ambrosii
455 1605 491 1659 et
499 1599 606 1677 regius
615 1597 824 1677 ἅναγνωστής,
832 1599 923 1658 facta
931 1598 1101 1659 literarum
1112 1598 1274 1675 μεταθέσει
1288 1599 1480 1677 sacrilegum

275 1680 447 1762 appellare
457 1680 553 1758 solet)
565 1682 647 1741 nihil
658 1683 790 1742 omnino
800 1681 993 1760 respondere
1004 1683 1222 1753 constitueris,
1233 1682 1327 1743 video
1337 1683 1481 1761 optimos
1495 1710 1527 1759 35

275 1783 429 1844 quosque
449 1784 654 1844 summopere
675 1764 832 1843 probare:
855 1783 932 1825 nam
951 1765 1098 1842 quisquis
1117 1766 1145 1825 is
1163 1764 1274 1838 inerit,
1291 1764 1372 1824 nihil
1391 1764 1481 1825 aliud

276 1867 382 1927 quam
393 1866 505 1909 scurra
518 1854 570 1908 est
583 1854 618 1908 et
631 1846 788 1908 ridiculus
802 1847 938 1908 anilium
952 1847 1242 1908 deliramentorum
1256 1853 1479 1927 exaggerator.

277 1929 366 1994 Sunt
379 1930 433 1991 hic
447 1932 505 2009 qui
519 1932 553 1991 in
567 1937 682 1991 autore
695 1932 797 1991 etiam
811 1950 1017 1991 communem
1033 1950 1164 1991 sensum
1177 1930 1374 1991 desiderant.

320 2014 476 2075 Arbitror
489 2014 653 2075 audiuisse
667 2019 701 2074 te
717 2012 925 2074 Comoediam
945 2032 1050 2092 nuper
1069 2014 1121 2074 hic
1141 2012 1269 2093 publice
1287 2013 1479 2087 exhibitam,

276 2097 374 2158 cuius
384 2102 615 2176 argumentum
626 2103 715 2158 erat:
730 2096 942 2157 Academiam
954 2097 1169 2157 Parisiensem
1184 2116 1280 2176 super
1295 2102 1480 2159 monstrum
1493 2125 1528 2175 40

276 2199 349 2241 esse
370 2180 555 2241 fundatam.
599 2178 729 2241 Natalis
748 2179 839 2240 Beda
854 2181 1048 2240 existimans
1066 2179 1101 2240 id
1119 2181 1154 2241 in
1173 2199 1207 2240 se
1226 2180 1325 2240 luisse
1343 2180 1479 2252 dictum,

276 2264 415 2324 comitia
424 2264 529 2323 totius
539 2262 734 2323 Academiae
745 2262 957 2324 conuocanda
967 2264 1098 2324 curauit
1109 2262 1198 2342 apud
1212 2264 1253 2324 D.
1265 2262 1480 2335 Maturinum,

277 2353 319 2407 vt
329 2346 372 2408 de
383 2365 489 2425 poena
499 2347 609 2406 autori
619 2346 793 2425 irroganda
803 2351 990 2406 statuerent
1000 2346 1186 2408 facultates.
1230 2346 1298 2406 Res
1308 2345 1420 2408 delata
1429 2353 1481 2407 est

277 2429 323 2491 ad
338 2430 548 2509 inquisitores
563 2429 648 2502 fidei,
664 2429 721 2490 sed
735 2429 816 2489 nihil
831 2428 991 2490 hactenus
1006 2429 1133 2490 iactum
1147 2436 1198 2491 est
1212 2435 1392 2509 praeterea.

321 2512 559 2574 Admonendus
580 2519 631 2573 est
655 2511 847 2592 Omphalius
868 2519 988 2585 noster,
1011 2531 1051 2573 ne
1076 2514 1145 2591 ipse
1170 2531 1300 2590 quoque
1320 2512 1479 2574 eiusmodi
1492 2540 1526 2590 45

277 2596 405 2658 salibus
419 2595 658 2675 Theologorum
673 2597 798 2656 animos
812 2597 846 2656 in
861 2615 895 2656 se
909 2597 1034 2656 irritet:
1058 2614 1135 2656 nam
1150 2595 1249 2656 semel
1264 2596 1411 2656 irritatos
1422 2597 1479 2656 vix

277 2698 402 2758 magno
420 2679 552 2759 negotio
570 2684 799 2758 compesceret,
817 2677 852 2738 id
868 2679 957 2756 quod
975 2698 1035 2757 ego
1055 2678 1275 2757 superioribus
1293 2680 1388 2739 annis
1406 2698 1479 2739 meo

277 2762 370 2824 malo
379 2762 482 2823 ferme
496 2760 682 2834 didiceram,
697 2781 772 2822 cum
786 2762 997 2834 inhiberetur,
1009 2780 1051 2821 ne
1065 2763 1175 2841 pueris
1188 2768 1248 2822 tua
1261 2760 1431 2840 Colloquia
1445 2763 1480 2822 in

276 2844 431 2925 Collegiis
456 2843 734 2924 preelegerentur:
764 2864 842 2905 nam
867 2845 924 2905 vbi
949 2844 1062 2905 ordine
1084 2845 1239 2923 suffragia
1259 2844 1424 2905 ferrentur
1444 2846 1479 2905 in

275 2929 415 2991 natione
429 2932 544 2989 nostra
558 2927 760 3000 Germanica,
775 2929 922 3006 oens<u>i
936 2927 1152 3008 praelegenda
1166 2928 1336 3008 tantisper,
1346 2928 1426 2990 dum
1438 2928 1477 2990 D.
1492 2957 1525 3005 5⁰

276 3011 437 3090 Theologi
459 3030 527 3072 non
549 3010 722 3073 cudessent
741 3011 886 3085 meliora,
910 3031 948 3072 ac
967 3031 1069 3090 quam
1088 3011 1220 3091 plurimi
1239 3013 1383 3072 nationis
1400 3011 1477 3073 Ger·

276 3096 430 3157 manicae
443 3094 478 3155 in
491 3113 598 3155 meam
613 3094 708 3155 ibant
723 3096 932 3168 sententiam,
946 3094 1201 3156 reclamantibus
1221 3100 1334 3155 tamen
1352 3094 1480 3172 aliquot

275 3177 476 3258 Theologiae
490 3177 689 3251 Candidatis,
700 3177 790 3255 quod
803 3179 968 3251 timerent,
984 3179 1108 3257 opinor,
1123 3182 1308 3238 extremum
1322 3177 1431 3238 locum
1445 3179 1479 3239 in

312 3326 357 3376 31.
380 3311 428 3362 vel
444 3310 569 3372 duobus]
589 3310 641 3362 See
660 3312 711 3361 the
729 3312 852 3375 proverb
903 3311 1038 3361 Resders.
1073 3311 1196 3361 Tharais
1207 3311 1339 3375 frequent
1350 3311 1478 3361 mention

278 3375 463 3444 epdtbiooib'
475 3375 614 3441 Ἡρακλῆς,
627 3377 716 3441 Adoq.
725 3392 785 3441 439.
903 3379 933 3428 oi
955 3379 1015 3427 him
1038 3379 1067 3427 in
1090 3379 1140 3428 the
1162 3378 1341 3440 Menogicnu.
1383 3377 1438 3427 For
1460 3394 1479 3427 a

311 3459 357 3510 3²·
375 3444 469 3505 dabit]
481 3444 564 3509 Verg.
577 3445 649 3495 Aen.
665 3459 688 3493 1.
703 3458 759 3504 119.
903 3445 1021 3495 modern
1028 3444 1113 3494 liieoi
1121 3444 1319 3494 himseeV.·L.
1328 3444 1478 3509 Bourrilly,

312 3526 357 3576 33.
374 3509 501 3572 Colinus]
514 3511 638 3576 Jaoques
651 3511 740 3568 Colin,
754 3510 854 3574 †1547,
904 3511 1024 3574 Jaeqaea
1069 3510 1158 3569 Colis,
1199 3511 1264 3560 obba
1306 3511 1338 3560 de
1382 3510 1477 3561 Saint-

277 3578 354 3657 bcrn
369 3577 401 3628 in
414 3578 551 3627 Auxsrre.
586 3578 670 3627 From
687 3580 803 3654 1521-3t
819 3578 855 3627 he
905 3577 1048 3628 Ambroisc
1085 3577 1295 3642 (Bibliotheque
1331 3577 1477 3628 d'histoire

277 3643 854 3763 wlhttlfflfflaliitntl
905 3644 1185 3774 miletuna]
1218 3710 1378 3760 11111111,
1411 3710 1476 3760 ca.

278 3792 389 3836 mer,
410 3777 551 3842 receiving
570 3778 644 3827 irem
662 3777 731 3835 him,
751 3792 855 3842 among
905 3777 1161 3836 darius(Mathurin
1168 3776 1302 3835 Cordier),
1312 3780 1476 3840 1⁴79-15645

278 3844 365 3896 otbsr
386 3843 535 3903 mnaseas,
558 3845 608 3894 the
635 3843 728 3908 abbey
754 3843 784 3893 oi
811 3843 853 3893 St.
905 3843 1061 3894 oneoithe
1075 3844 1184 3893 leaders
1198 3843 1229 3893 oi
1243 3842 1422 3894 educatione}
1435 3858 1476 3892 re·

280 3911 431 3963 Ambroise
447 3916 480 3961 at
496 3910 629 3975 Bourges.
665 3908 710 3959 He
730 3910 787 3959 bad
804 3911 854 3960 the
905 3911 987 3969 ior-m,
998 3918 1031 3960 at
1042 3911 1101 3960 this
1112 3911 1182 3960 time
1193 3909 1476 3974 professorinParis,

279 3976 460 4044 supersision
476 3978 507 4026 oi
524 3978 575 4027 the
591 3976 670 4041 royal
684 3977 810 4026 Readers
825 3978 854 4025 in
904 3978 997 4027 where
1019 3977 1055 4026 he
1077 3977 1135 4026 had
1156 3977 1229 4027 bean
1251 3977 1383 4040 teeching
1401 3977 1477 4025 since

278 4044 330 4095 the
359 4043 453 4108 newly
479 4042 652 4094 established
682 4043 791 4107 college
818 4042 855 4092 de
907 4056 985 4105 1513;
1000 4044 1063 4093 first
1071 4049 1104 4093 at
1114 4042 1477 4106 thecollegedelsMarcbe

279 4110 399 4169 laneo,
415 4109 473 4161 and
484 4126 543 4160 was
556 4126 575 4159 a
585 4109 697 4174 leading
708 4115 813 4175 patron
824 4109 855 4160 oi
905 4110 1008 4169 (where
1019 4125 1123 4174 among
1134 4110 1178 4159 his
1185 4109 1281 4174 pupils
1291 4124 1349 4159 was
1355 4109 1476 4168 Calvin),

278 4177 439 4229 literature.
474 4177 509 4226 In
526 4179 591 4238 1536
606 4176 641 4226 he
657 4176 705 4224 iell
720 4177 782 4226 into
798 4176 854 4226 dis·
904 4177 977 4226 lator
1004 4182 1037 4226 at
1065 4176 1115 4225 the
1145 4176 1254 4240 college
1282 4175 1318 4225 de
1340 4175 1475 4225 Navarra.

278 4258 363 4310 gnos
377 4243 449 4293 with
459 4243 510 4293 ths
524 4243 602 4308 King
616 4242 674 4293 and
687 4258 745 4293 was
757 4259 853 4307 super·
905 4242 1002 4293 Under
1013 4243 1064 4292 the
1075 4242 1213 4292 influence
1224 4243 1254 4292 oi
1267 4241 1302 4291 R.
1315 4241 1477 4307 Stephanus

277 4309 368 4362 ssdsd
382 4309 423 4374 by
437 4308 470 4360 P.
484 4309 669 4360 Castellsnus.
704 4307 749 4359 He
762 4316 853 4359 trans·
904 4310 940 4359 he
951 4309 1100 4359 embraced
1112 4309 1162 4358 the
1172 4307 1312 4358 reici-med
1320 4309 1475 4366 doctrinam

278 4376 359 4428 brad
375 4376 439 4426 into
456 4376 565 4426 Frenoh
582 4392 662 4426 verse
679 4377 807 4440 portioris
824 4375 854 4426 oi
904 4377 933 4425 in
950 4375 1118 4425 documents
1134 4376 1164 4425 ol
1182 4389 1246 4437 1535
1263 4375 1308 4425 his
1327 4391 1410 4425 name
1425 4390 1475 4440 ap·

278 4443 389 4495 Homer
399 4441 458 4493 end
469 4442 673 4493 Ovid-iorhis
681 4443 854 4507 standingas
904 4457 986 4507 pears
998 4443 1027 4491 in
1038 4458 1056 4491 a
1064 4442 1113 4491 list
1123 4440 1157 4490 os
1164 4439 1298 4504 fugitives
1309 4441 1477 4491 summoned

278 4524 298 4561 s
307 4509 421 4560 hanah
428 4510 669 4575 poetseepreface
676 4509 706 4559 oi
712 4508 797 4559 Dolet
806 4509 853 4568 (1),
904 4509 943 4572 by
955 4509 1005 4558 the
1021 4508 1194 4558 Parliament
1207 4514 1239 4558 to
1253 4515 1368 4572 present
1385 4508 1475 4557 them-

276 4575 389 4643 quoted
397 4575 564 4637 inchristie‚
571 4575 672 4634 Dolet¹,
683 4591 713 4639 p.
724 4589 782 4639 347.
808 4576 854 4624 He
904 4575 994 4625 selvas
1005 4575 1096 4624 under
1111 4575 1230 4639 penalty
1240 4574 1270 4624 oi
1283 4575 1367 4639 being
1378 4575 1475 4625 burnt.

277 4643 341 4694 slsc
388 4641 557 4702 translated,
602 4641 861 4705 unsatisfactorily,
904 4641 1021 4691 Altera
1036 4641 1150 4704 sojourn
1167 4647 1199 4691 at
1213 4641 1320 4692 Nevers
1335 4640 1392 4691 end
1407 4641 1475 4691 Bor-

277 4708 356 4760 Osst’
388 4709 476 4759 ’one's
501 4708 669 4771 Gorupiono,
694 4721 774 4770 1537;
794 4724 853 4757 eor-
904 4708 997 4757 deaux
1017 4709 1053 4758 he
1072 4723 1130 4758 was
1149 4708 1238 4758 called
1258 4714 1290 4758 1ο
1309 4708 1424 4758 Genava
1446 4709 1476 4757 in

403 4775 462 4825 and
486 4775 597 4825 revised
622 4775 662 4840 by
686 4775 771 4825 Dolet
795 4774 853 4824 and
906 4778 979 4836 1536,
996 4776 1089 4825 where
1102 4775 1138 4824 he
1152 4776 1266 4825 became
1282 4781 1374 4825 rector
1385 4775 1415 4825 oi
1426 4775 1476 4824 the

277 4841 376 4894 neuin
389 4841 610 4906 (1181011191,
628 4843 702 4904 1538.
737 4842 772 4890 In
789 4842 853 4891 ΒΕ*
902 4841 1021 4905 Collega.
1056 4842 1477 4891 HewroteinLatinsnumbar

277 4911 303 4960 is
318 4925 339 4959 a
353 4909 442 4960 letter
457 4909 532 4970 (165)
548 4909 622 4958 from
641 4908 783 4966 Budaeus,
803 4925 852 4972 sp·
904 4907 934 4957 of
961 4909 1156 4972 grammatica!
1182 4909 1328 4966 treatises;
1350 4907 1417 4965 and,
1446 4909 1475 4957 in

277 4975 414 5042 perently
435 4975 589 5025 sddressed
615 4981 647 5025 to
673 4975 732 5024 him
757 4976 787 5024 in
809 4976 854 5025 his
904 4975 1023 5034 French,
1041 4975 1149 5024 several
1165 4975 1258 5025 worlrs
1275 4975 1305 5024 oi
1321 4975 1402 5040 piety
1418 4975 1477 5025 and

278 5042 359 5094 office
382 5057 416 5094 es
440 5042 602 5108 supervisor
624 5042 655 5092 oi
679 5042 729 5092 the
751 5042 854 5107 King’s
903 5042 1016 5092 morale.
1051 5040 1304 5105 SeeHerminjard.

310 5155 390 5210 ⁴52e
862 5141 901 5184 1¹
