4042 5900
309 683 405 765 2465]
615 684 672 747 ΤΟ
692 683 947 748 AUGUSTINE
969 682 1198 747 STEUOHUS
1441 685 1502 746 219

310 843 400 905 vltra
421 842 571 905 coelum?
603 842 656 904 An
677 843 760 905 illud
781 848 883 922 caput
903 843 993 923 quod
1014 850 1053 905 tu
1077 842 1269 923 simpliciter
1293 848 1328 904 et
1352 842 1503 904 absolute

311 945 475 988 summum
504 931 624 988 voces?
660 933 696 988 et
723 926 817 988 addis
845 945 1026 1007 pronomen
1055 925 1224 1005 ἐμφατικόν
1251 925 1343 988 illud.
1395 923 1429 987 Si
1462 926 1503 987 de

310 1008 442 1071 Christo
456 1009 606 1088 loqueris,
621 1012 673 1089 pie
688 1010 787 1071 dicis:
811 1012 838 1071 si
853 1009 894 1071 de
914 1009 1081 1083 Pontifica,
1096 1029 1162 1070 non
1183 1016 1222 1071 tu
1239 1009 1372 1089 quidem
1393 1010 1502 1088 impie,

311 1093 370 1154 sed
383 1094 642 1172 magnificentius
656 1112 756 1172 quam
770 1112 831 1172 pro
844 1112 889 1166 re,
904 1100 1006 1171 atque
1021 1092 1104 1154 adeo
1117 1094 1217 1173 impie
1232 1112 1371 1171 quoque,
1382 1094 1409 1153 si
1424 1098 1503 1153 tuus
1515 1122 1567 1174 490

312 1195 418 1237 sermo
442 1178 649 1238 nanciscatur
677 1177 826 1256 iniquum
851 1178 1072 1256 interpretem.
1117 1176 1216 1248 Haec,
1241 1178 1286 1237 mi
1310 1175 1502 1255 Augustius,

311 1279 379 1320 non
393 1260 436 1320 ob
450 1259 541 1322 aliud
555 1278 681 1335 moneo,
695 1261 757 1320 nisi
772 1266 811 1321 vt
825 1259 1010 1339 diligentior
1028 1261 1071 1320 sis
1089 1258 1133 1320 ad
1151 1259 1384 1321 reuincendum
1402 1277 1503 1337 quam

312 1342 356 1404 ad
381 1342 640 1416 conuiciandum,
665 1344 842 1421 mitiusque
866 1348 983 1422 tangas
1008 1343 1114 1403 totius
1137 1344 1243 1422 gentis
1265 1362 1394 1415 nomen,
1418 1361 1504 1422 quae

313 1432 481 1505 vtcunque
510 1446 597 1487 nunc
625 1426 860 1499 tumultuatur,
883 1445 1054 1504 nunquam
1084 1433 1196 1488 tamen
1221 1427 1255 1487 in
1279 1445 1359 1487 vera
1384 1424 1504 1488 Christi

312 1509 467 1589 religione
486 1512 583 1571 cessit
601 1518 730 1572 vestrae
752 1508 879 1582 Italiae,
894 1510 921 1569 si
943 1528 1013 1570 rem
1034 1510 1201 1570 existimes
1221 1509 1264 1570 ab
1286 1511 1380 1570 annis
1401 1510 1503 1569 octin-
1517 1536 1567 1589 495

312 1594 428 1672 gantis.
458 1593 531 1655 Hoc
544 1599 643 1673 pacto
658 1594 724 1666 fiet,
740 1598 779 1652 vt
792 1598 827 1654 et
841 1592 971 1653 vberius
985 1593 1089 1672 prosis
1103 1592 1266 1665 ecclesiae,
1277 1599 1313 1653 et
1326 1592 1389 1653 tibi
1397 1593 1505 1653 minus

313 1676 433 1737 confles
461 1676 612 1738 inuidiae.
655 1677 767 1739 Guiuis
794 1677 828 1735 in
856 1681 1013 1756 promptu
1042 1680 1102 1748 est,
1126 1674 1264 1737 obiicere
1288 1675 1442 1736 Derbices
1470 1681 1506 1736 et

314 1759 502 1833 Tibarenos,
514 1759 673 1840 Cyclopas
687 1766 723 1821 et
736 1761 893 1839 gigantes,
908 1758 966 1819 sed
980 1758 1118 1819 eruditis
1132 1760 1210 1819 viris
1224 1759 1362 1839 dignius,
1374 1764 1409 1819 et
1417 1759 1505 1837 gregi

313 1840 500 1903 Christiano
528 1843 642 1904 vtilius
665 1850 725 1916 est,
751 1842 864 1903 solidis
886 1843 1069 1903 rationibus
1092 1861 1130 1902 ac
1154 1843 1390 1922 scripturarum
1414 1843 1504 1902 testi-

314 1927 432 1986 moniis
448 1932 484 1987 et
503 1925 618 1988 docere
637 1933 785 1987 errantes
801 1932 837 1986 et
853 1927 1017 1986 reuincere
1035 1926 1224 2004 pertinaces.
1269 1924 1364 1998 Quod
1383 1926 1417 1985 ni
1436 1923 1505 1998 fiat,
1519 1953 1569 2002 500

314 2008 454 2087 quilibet
467 2011 581 2088 auriga
594 2011 697 2089 possit
711 2010 865 2070 conuiciis
879 2010 913 2068 in
926 2010 1075 2087 quemuis
1089 2008 1255 2071 detonare.

357 2091 397 2152 In
411 2091 631 2153 Numerorum
650 2112 721 2172 cep.
737 2113 768 2154 v.
784 2091 1042 2152 dastomacharis
1062 2093 1097 2151 in
1114 2090 1286 2165 Saxonem,
1302 2091 1391 2171 quod
1408 2097 1507 2169 negat

314 2175 549 2237 confessionem
572 2175 851 2247 sacramentalem,
871 2193 971 2253 quam
993 2174 1126 2253 quidem
1147 2182 1185 2235 tu
1207 2194 1374 2237 asseueras
1394 2193 1465 2236 essa
1486 2193 1507 2234 a

315 2258 377 2319 deo
405 2260 603 2320 institutam.
647 2258 710 2321 Sed
738 2277 840 2338 quum
863 2259 897 2317 in
920 2276 959 2318 eo
982 2259 1072 2337 quod
1096 2278 1263 2320 asseueras
1292 2264 1345 2319 tot
1366 2259 1508 2336 insignes

314 2342 459 2421 theologi
473 2341 672 2417 desudarint,
687 2361 747 2404 nec
761 2344 847 2402 inter
861 2360 894 2401 se
909 2340 1116 2414 concordent,
1131 2348 1210 2403 tuae
1223 2341 1417 2403 eruditionis
1435 2345 1508 2401 erat
1520 2368 1569 2420 5⁰5

315 2425 428 2485 solidis
445 2427 614 2505 scripturis
636 2432 671 2487 et
691 2426 894 2504 argumentis
915 2426 1077 2485 instruere
1100 2443 1159 2485 nos
1182 2424 1339 2487 aduersus
1361 2425 1508 2485 homines

315 2508 590 2588 linguacissimos:
614 2528 673 2569 nec
688 2510 770 2569 satis
783 2514 856 2568 erat
869 2526 924 2569 eos
941 2508 1108 2587 appellare
1125 2507 1435 2587 impudentissimos,
1450 2508 1508 2585 qui

316 2611 383 2652 non
405 2592 606 2653 erubuerunt
625 2591 762 2653 inficiari
782 2591 844 2652 hoc
864 2610 933 2652 esse
953 2593 1060 2670 primo
1081 2611 1101 2651 e
1121 2591 1182 2652 deo
1203 2598 1379 2672 repertum,
1395 2610 1433 2651 ac
1452 2589 1506 2651 de·

316 2674 457 2736 clamare
471 2674 580 2735 locum
595 2694 799 2736 communem
817 2673 858 2734 de
877 2674 1049 2735 haereticis
1067 2675 1263 2754 scripturam
1285 2673 1328 2735 ad
1349 2692 1409 2734 sua
1431 2672 1507 2752 dog·

315 2764 408 2819 mata
422 2757 704 2837 detorquentibus.
740 2756 831 2831 Quae
845 2762 885 2818 vt
897 2758 1016 2818 merito
1030 2758 1090 2817 abs
1105 2764 1138 2817 te
1148 2757 1325 2830 dictasint,
1338 2757 1509 2817 minimum
1522 2785 1572 2836 510

317 2848 429 2902 tamen
452 2842 626 2902 conferunt
649 2842 692 2902 ed
717 2840 912 2902 refellendos
937 2839 1163 2901 aduersarios:
1195 2840 1253 2902 sed
1275 2845 1371 2902 erant
1393 2839 1507 2899 distin-

317 2925 445 3005 guenda
468 2925 679 2987 confessionis
703 2943 831 3005 genera,
856 2930 892 2985 et
919 2923 1008 3004 quod
1037 2943 1125 2985 nunc
1154 2926 1296 3004 exigitur
1323 2921 1508 2985 efficacibus

316 3011 518 3087 argumentis
532 3015 605 3070 erat
618 3008 835 3089 probandum.
866 3007 945 3082 Quis
958 3008 1046 3068 enim
1061 3015 1160 3088 negat
1174 3009 1259 3088 exigi
1272 3007 1509 3087 poenitentiam

317 3093 460 3153 mentis?
482 3092 578 3153 Hanc
593 3091 694 3153 habet
708 3092 856 3170 quisquis
870 3090 960 3170 apud
975 3090 1073 3152 deum
1088 3092 1236 3170 agnoscit
1249 3108 1391 3152 errorem
1402 3109 1508 3150 suum.

320 3174 447 3235 Rursus
461 3175 572 3236 nullus
587 3175 760 3248 inficiatur,
776 3174 1072 3235 reconciliationem
1086 3193 1155 3235 esse
1175 3175 1254 3235 iuris
1268 3180 1304 3235 et
1323 3180 1462 3235 naturae
1475 3179 1511 3235 et
1523 3202 1573 3253 515

318 3258 430 3319 diuini.
475 3256 628 3337 Quisquis
653 3265 765 3319 autem
794 3258 892 3319 rediit
919 3259 954 3318 in
981 3259 1132 3337 gratiam,
1162 3259 1311 3337 agnoscit
1338 3263 1510 3338 peccatum

318 3360 433 3402 suum:
465 3343 513 3402 ita
542 3343 598 3420 qui
627 3341 759 3421 publica
787 3340 1011 3403 satisfactione
1036 3341 1278 3421 recipiebantur
1300 3342 1334 3401 in
1356 3339 1511 3401 ecclesiae

317 3425 529 3498 consortium,
559 3425 801 3486 confitebantur
825 3426 897 3504 ipsa
919 3444 964 3498 re,
988 3425 1089 3485 etiam
1111 3427 1138 3484 si
1160 3443 1226 3485 non
1248 3424 1433 3504 proferrent
1455 3442 1511 3483 ore

318 3507 457 3581 delicta;
484 3508 589 3568 veluti
603 3509 751 3586 quisquis
766 3509 858 3568 venit
872 3507 916 3569 ad
930 3507 1142 3587 baptismum,
1154 3508 1215 3570 hoc
1227 3509 1298 3588 ipso
1308 3507 1398 3587 quod
1409 3508 1510 3579 venit,

319 3590 496 3652 confitetur
510 3610 545 3652 se
559 3591 679 3653 habere
693 3591 782 3670 quod
797 3590 943 3670 indigeat
956 3590 1134 3652 ablutione.
1525 3620 1575 3669 520

361 3672 424 3735 Sed
439 3674 520 3754 quid
534 3674 596 3736 hoc
610 3673 654 3735 ad
668 3681 814 3735 nostram
830 3674 1092 3735 confessionem?
1114 3673 1388 3735 AtNumarorum
1399 3691 1469 3752 cap.
1481 3685 1510 3749 5.

319 3757 425 3818 Moses
452 3760 619 3837 praecepit
642 3765 682 3819 vt
709 3757 869 3818 sacerdoti
898 3756 1013 3819 Iudaei
1037 3757 1257 3818 confiteantur
1283 3762 1420 3836 peccata
1442 3775 1511 3817 sua.

319 3840 441 3902 Verum
455 3859 494 3902 ea
515 3841 568 3901 lex
589 3841 680 3920 loqui
696 3841 828 3902 videtur
844 3840 885 3900 de
907 3842 1050 3920 peccatis
1071 3860 1131 3920 per
1151 3840 1331 3900 humanam
1353 3840 1513 3900 incuriam

319 3931 379 3985 aut
396 3925 558 3985 inscitiam
576 3925 765 3997 commissis,
780 3924 892 4003 qualia
911 3924 1019 3985 multa
1034 3923 1141 3985 solent
1155 3922 1342 3984 hominibus
1356 3921 1511 3993 accidere,

318 4009 420 4068 etiam
431 4008 564 4067 minime
575 4007 679 4069 malis.
708 4006 761 4068 Sic
771 4009 859 4068 enim
870 4007 995 4069 habant
1009 4007 1112 4068 verba
1125 4005 1222 4086 legis:
1243 4006 1301 4067 Vir
1315 4007 1383 4067 siue
1397 4005 1514 4066 mulier
1526 4036 1576 4088 525

319 4110 395 4151 cum
409 4090 523 4152 fecerit
537 4110 579 4151 ex
593 4090 744 4151 omnibus
764 4091 906 4170 peccatis
925 4109 1010 4169 quae
1028 4089 1134 4152 solent
1152 4089 1340 4151 hominibus
1357 4088 1514 4161 accidere,

320 4180 356 4235 et
380 4193 436 4254 per
458 4174 691 4254 negligentiam
714 4175 907 4253 transgressi
930 4173 1055 4236 fuerint
1079 4172 1239 4235 mandata
1264 4173 1397 4246 domini,
1413 4177 1515 4250 atque

353 4309 412 4371 489.
430 4307 512 4358 tuJ:
530 4313 631 4358 tuma.
741 4307 1199 4372 495.existimesazaestimss·l.
1301 4304 1514 4371 496.psotoJ:

320 4375 435 4424 iactos.
481 4374 702 4425 wewam.
760 4373 1007 4439 498.Celopesc.
1070 4373 1315 4439 499.acu=ct·l.
1377 4372 1515 4437 §enqui-

319 4440 433 4491 libsta:
451 4441 588 4506 quiuisJ.
680 4455 739 4504 502.
757 4446 883 4505 neget·
980 4455 1039 4505 503-
1057 4456 1144 4507 quam
1155 4440 1270 4507 quidem
1281 4445 1471 4490 tnasseueras
1483 4455 1514 4487 a:

320 4509 484 4559 institutam
492 4524 510 4559 a
520 4509 582 4567 deo,
590 4523 724 4573 generose
734 4507 850 4574 quidem
860 4522 1027 4558 asseuerans
1037 4507 1069 4559 J.
1120 4509 1179 4570 508.
1196 4507 1314 4556 inficiari
1322 4525 1339 4556 α
1349 4524 1356 4556 :
1374 4520 1477 4569 negare
1483 4503 1515 4553 J.

320 4574 486 4639 primumJ.
556 4588 615 4636 510.
633 4574 743 4626 sunt-l.
805 4585 864 4636 515.
882 4573 1050 4624 RursumJ.
1123 4573 1316 4636 516.raditJ.
1389 4585 1518 4634 519.sua

320 4647 384 4692 onte
399 4641 502 4692 delicta
516 4641 580 4691 odd.
594 4641 625 4691 J.
694 4655 752 4704 520.
770 4640 939 4706 indigesto:
1026 4640 1082 4691 tJ.
1149 4653 1209 4702 521.
1226 4640 1300 4689 hanc
1311 4643 1518 4702 portuostranr

320 4707 385 4825 ἕξεί.
401 4707 455 4824 111
493 4723 556 4773 cap.
575 4724 628 4759 om.
644 4708 677 4759 J.
735 4722 793 4771 522.
812 4707 996 4773 praecipit.
1056 4711 1116 4770 526.
1134 4705 1302 4757 iecerintl.
1361 4717 1420 4768 527.
1438 4719 1516 4754 nran-

358 4781 422 4824 tum
457 4812 463 4824 .

353 4912 446 4973 495-6.
470 4909 508 4960 ab
534 4909 617 4959 annis
642 4909 823 4974 octingentis]
848 4909 896 4960 020.
979 4922 1038 4970 ser.
1056 4908 1245 4959 Numerorum
1258 4903 1518 4971 eapvlonoffln.

321 4976 395 5026 irom
409 4976 459 5025 the
474 4976 640 5026 conversion
652 4975 683 5026 oi
696 4976 746 5026 the
756 4975 894 5026 Germana
945 4977 963 5026 i.
979 4987 1053 5037 150¹·

321 5044 360 5109 by
372 5043 414 5094 St.
426 5043 572 5093 Boniiace.
978 5055 1037 5105 5²5·
1054 5042 1144 5093 verbs
1154 5040 1233 5107 legis]
1245 5039 1387 5091 Numbars
1398 5051 1423 5101 5.
1435 5040 1494 5104 ⁶·7·
