4042 5900
624 651 665 713 32
953 649 1152 713 LETTERS
1174 648 1230 713 OF
1249 647 1456 713 ERASMUS
1731 652 1801 730 [155

624 810 764 884 tradidi;
787 810 845 889 qui
866 815 979 872 tamen
1001 829 1069 872 non
1090 809 1223 872 videtur
1246 808 1393 871 olfecisse
1418 808 1513 889 longe
1534 808 1626 870 aliud
1646 809 1801 889 ingenius

624 899 686 955 aut
700 899 788 956 certe
809 892 895 955 belle
918 894 1115 956 dissimulat.
1158 892 1287 954 Rursus
1301 893 1439 955 hortatu
1459 892 1500 953 R.
1517 892 1554 954 P.
1570 890 1725 954 cutberti
1739 892 1801 955 Tor

625 977 724 1050 stalli,
739 997 827 1038 nunc
842 977 985 1057 episcopi
1000 977 1240 1050 Dunelmensis,
1255 978 1290 1038 in
1311 995 1430 1038 manus
1451 995 1637 1056 receperam
1652 975 1801 1039 Commer

579 1079 612 1129 50
624 1062 727 1123 terios
752 1061 787 1121 in
808 1061 894 1122 Acte
914 1061 1114 1140 Apostolice,
1136 1060 1349 1122 absoluturus
1371 1059 1461 1138 quod
1482 1059 1613 1134 deerat;
1640 1059 1717 1140 plus
1736 1060 1801 1122 illit

623 1143 744 1206 iudicio
758 1144 907 1205 tribuens
921 1163 1022 1223 quem
1037 1164 1120 1207 meo.
1143 1144 1263 1205 Verum
1278 1144 1331 1205 hic
1345 1143 1432 1204 idem
1443 1148 1560 1223 gustus
1571 1144 1628 1222 qui
1638 1144 1732 1223 prius
1745 1144 1801 1205 fec

624 1235 663 1289 vt
677 1228 721 1289 eb
735 1229 891 1289 instituto
905 1228 1104 1290 desisterem.
1128 1227 1180 1288 Ad
1189 1228 1269 1289 haec
1285 1233 1578 1289 commonstrarem
1593 1225 1679 1288 vnde
1694 1232 1801 1307 petere

623 1310 764 1373 Graecos
778 1311 915 1384 codices,
930 1313 1061 1372 etiamsi
1075 1331 1096 1373 a
1111 1311 1205 1372 nobis
1220 1311 1302 1372 nihil
1316 1312 1515 1372 mitteretur.
1552 1309 1617 1372 Sed
1630 1309 1801 1372 abhorren¹

623 1396 759 1474 queeuis
773 1414 873 1455 cause
885 1394 1063 1473 persuadet
1077 1396 1194 1455 ocium.

577 1496 609 1546 55
665 1477 760 1551 Quod
774 1480 801 1537 si
816 1480 958 1539 maxime
973 1478 1112 1557 prodeat
1126 1477 1380 1558 chrysostomus
1394 1475 1516 1538 Graece
1527 1476 1674 1556 loquens,
1687 1476 1801 1556 idque

623 1562 731 1622 nescio
746 1580 812 1640 quo
826 1567 925 1640 pecto
939 1561 1019 1622 mihi
1034 1560 1181 1622 nondum
1197 1561 1303 1622 audeo
1317 1560 1471 1641 polliceri,
1486 1579 1552 1621 non
1567 1566 1618 1622 est
1632 1579 1721 1639 quur
1734 1580 1776 1622 ea
1790 1568 1801 1623 l

623 1664 674 1705 res
689 1644 732 1705 ad
746 1644 943 1705 vertendum
958 1644 1077 1706 reddat
1091 1646 1273 1724 pigriorem,
1289 1643 1556 1723 quandoquidem
1570 1643 1658 1705 hunc
1673 1643 1801 1706 laborer

623 1747 690 1789 non
705 1735 765 1789 tua
779 1729 909 1807 proprie
923 1747 1024 1789 causa
1038 1727 1096 1789 sed
1110 1730 1221 1808 potius
1231 1728 1388 1790 Vtilitatis
1398 1726 1548 1808 publicae
1559 1734 1711 1807 respectu
1722 1746 1801 1791 susc

624 1821 732 1890 peres.
771 1811 859 1872 Reor
874 1818 986 1873 eutem
1001 1812 1155 1873 Latinam
1170 1811 1368 1872 seditionem
1391 1811 1453 1871 hoc
1472 1809 1542 1872 iore
1562 1809 1801 1873 vendibiliores

576 1902 610 1949 60
623 1896 651 1955 si
672 1893 796 1955 Graeca
818 1895 984 1973 prodierit.
1029 1893 1098 1957 Scis
1119 1896 1207 1955 enim
1228 1913 1410 1974 perpaucos
1426 1913 1505 1967 esse,
1521 1895 1715 1973 praesertim
1734 1895 1801 1957 inte

623 1978 910 2057 theologos-nem
927 1978 976 2039 his
990 1980 1198 2059 potissimum
1213 1978 1274 2039 hoc
1290 1998 1372 2058 opus
1386 1978 1624 2058 paratur—qui
1637 1983 1710 2039 tam
1725 1997 1801 2059 expe

588 2107 593 2114 .
622 2061 691 2123 dite
714 2060 874 2122 Graecam
899 2063 1044 2124 calleant
1067 2062 1214 2141 linguam
1239 2067 1279 2122 vt
1307 2081 1374 2122 uon
1399 2060 1517 2122 malint
1542 2061 1709 2134 Latinam,
1729 2080 1801 2141 pres

622 2145 735 2205 sertim
751 2145 808 2205 vbi
822 2152 1010 2225 properant.
1048 2145 1109 2206 His
1123 2147 1224 2225 igitur
1236 2145 1416 2206 iucundum
1431 2145 1494 2206 erit
1508 2144 1677 2206 consulere
1685 2143 1801 2208 Graeci

622 2228 745 2307 siquid
764 2235 916 2290 occurrat
937 2230 1156 2309 deprecatum
1177 2235 1238 2290 eut
1258 2248 1375 2309 perum
1393 2227 1481 2290 bona
1501 2228 1565 2289 fide
1586 2226 1757 2289 redditum
1778 2248 1801 2290 a

575 2320 608 2381 65
623 2312 810 2392 interprete.
854 2310 1021 2392 Siquidem
1043 2315 1077 2373 in
1098 2312 1247 2374 confesso
1267 2317 1320 2373 est
1340 2311 1512 2392 plerasque
1529 2312 1627 2373 huius
1646 2312 1710 2373 viri
1729 2311 1801 2374 luen

622 2394 790 2456 brationes
805 2415 916 2457 versas
931 2396 974 2458 ab
990 2396 1041 2457 his
1056 2398 1113 2475 qui
1128 2415 1187 2457 nec
1199 2396 1388 2457 Romanum
1397 2413 1579 2456 sermonem
1588 2414 1649 2455 nec
1657 2392 1801 2458 Graecus

621 2479 702 2539 satis
716 2479 911 2540 calluerunt.
942 2478 976 2540 Si
990 2480 1082 2541 nulla
1097 2480 1173 2540 hinc
1187 2479 1252 2540 elia
1266 2485 1436 2560 peteretur
1448 2478 1576 2540 vtilites
1591 2497 1693 2556 quam
1707 2485 1748 2541 vt
1758 2478 1801 2543 ho

620 2581 736 2640 genere
758 2562 880 2624 laboris
897 2564 1064 2642 ingenium
1083 2584 1122 2623 ec
1143 2563 1256 2624 stilum
1279 2582 1522 2635 exerceremus;
1546 2567 1585 2622 vt
1605 2561 1687 2623 mihi
1709 2582 1801 2626 111111

621 2646 719 2706 estin
734 2646 785 2706 his
800 2648 1064 2708 exercitamentis
1078 2646 1248 2719 desudare,
1258 2647 1306 2707 ite
1316 2653 1355 2707 tu
1369 2645 1519 2707 fortassis
1533 2646 1567 2706 in
1581 2644 1647 2706 alio
1662 2647 1801 2726 quopier

575 2750 608 2800 70
620 2736 815 2807 argumento
828 2729 985 2791 libentius
999 2731 1184 2792 versareris.

662 2812 762 2874 Necti
776 2832 889 2874 sumus
901 2813 1050 2874 Basileae
1061 2815 1168 2874 virum
1180 2814 1342 2892 exquisite
1352 2813 1487 2874 doctum
1498 2813 1634 2892 parique
1644 2812 1801 2876 modestis

621 2893 785 2958 Simonem
814 2895 1014 2976 Grynaeum,
1038 2898 1091 2959 cui
1119 2904 1248 2977 partem
1277 2897 1402 2976 negocii
1426 2896 1668 2976 delegauimus:
1701 2901 1739 2959 et
1764 2897 1801 2960 ill

620 2979 752 3057 quidem
767 2980 849 3041 nihil
864 3000 930 3041 non
945 2981 1081 3053 erudite,
1092 2981 1149 3042 sed
1165 2983 1198 3041 in
1212 2982 1312 3042 sacris
1326 2981 1498 3042 autoribus
1508 2981 1617 3042 nescio
1627 3000 1672 3041 an
1682 2981 1801 3061 perind

620 3064 664 3123 sit
678 3065 887 3125 exercitatus.
925 3065 1026 3125 Porro
1041 3064 1221 3125 Frobenius
1235 3084 1301 3125 non
1310 3072 1380 3126 tam
1395 3065 1610 3125 eruditionem
1627 3065 1801 3142 requirebs

574 3167 606 3217 75
620 3165 720 3225 quem
735 3146 867 3208 lamam.
911 3146 1066 3209 Germani
1080 3148 1184 3208 Brixii
1197 3167 1316 3209 nomeu
1329 3150 1395 3209 iam
1410 3148 1538 3209 illustre
1558 3152 1618 3220 est,
1639 3153 1675 3208 et
1694 3147 1801 3211 librur

621 3231 762 3308 emptori
773 3249 831 3309 per
843 3251 876 3291 se
886 3232 1106 3292 commendat
1138 3232 1293 3309 Magnum
1310 3232 1506 3292 lenocinium
1518 3237 1569 3292 est
1583 3237 1682 3292 autor
1696 3222 1801 3311 gratis

620 3332 685 3374 111.
723 3311 799 3373 Non
814 3314 1023 3375 detrectabat
1038 3334 1170 3394 operam
1185 3313 1476 3394 Oecolampadius;
1498 3333 1614 3375 verum
1629 3314 1681 3374 hic
1697 3316 1801 3378 titulu

619 3396 709 3475 epud
724 3397 846 3457 multos
861 3399 962 3458 etiam
977 3418 998 3458 e
1013 3398 1124 3477 probis
1139 3398 1301 3458 mercibus
1316 3398 1440 3459 alienat
1454 3404 1647 3478 emptorem.

662 3480 711 3540 De
733 3480 895 3541 Monecho
913 3501 979 3542 non
997 3483 1047 3542 ita
1068 3482 1178 3561 magni
1196 3481 1305 3555 refert,
1321 3483 1383 3542 nisi
1401 3481 1489 3560 quod
1511 3480 1748 3561 typographus,
1766 3503 1801 3546 es

574 3572 607 3619 80
620 3562 747 3623 lucrum
770 3583 887 3643 scopus
912 3571 971 3637 est,
995 3564 1136 3644 optabat
1161 3564 1226 3626 illic
1250 3564 1494 3645 Oecolampadii
1518 3584 1618 3644 quem
1643 3565 1801 3630 minimur

619 3665 698 3707 esse.
742 3646 896 3708 Verterat
917 3648 1004 3709 idem
1027 3648 1221 3728 opusculum
1243 3668 1310 3709 non
1331 3650 1446 3710 inscite
1467 3648 1660 3728 Polydorus.
1705 3648 1801 3713 Μο11

619 3730 750 3809 culpam
765 3731 869 3792 reiicis
884 3731 918 3791 in
933 3731 1142 3793 tabellarium
1157 3752 1266 3793 meum
1282 3734 1511 3811 nescioquem.
1548 3730 1601 3791 An
1616 3732 1801 3810 expectebs

619 3820 659 3873 vt
673 3814 715 3873 ob
730 3813 814 3874 duas
829 3814 973 3893 pagellas
992 3815 1138 3894 legatum
1155 3815 1405 3876 emendaremus
1424 3816 1458 3874 in
1478 3814 1624 3876 Gallias?
1657 3813 1722 3887 Qui
1738 3835 1801 3879 ver

619 3897 834 3971 mitteremus,
859 3918 962 3977 quum
991 3899 1086 3959 nobis
1115 3918 1181 3959 non
1211 3905 1377 3960 constaret
1402 3900 1556 3959 vertisses
1581 3917 1693 3971 necne,
1718 3918 1761 3962 ne
1785 3902 1801 3962 i

573 3989 605 4051 85
619 3979 761 4058 quidem,
778 3981 835 4041 vbi
850 3982 995 4043 locorum
1011 3987 1147 4061 egeres?
1177 3982 1264 4043 Nem
1279 3981 1477 4060 significares
1492 3988 1526 4042 te
1541 3982 1676 4044 Lutetia
1690 3981 1801 4046 diutiu

619 4083 657 4124 ec
671 4063 800 4143 longius
815 4064 1019 4126 abfuturum.
1064 4065 1150 4138 Quid
1165 4065 1254 4144 quod
1269 4065 1413 4126 indicaui
1426 4067 1593 4145 viamque
1605 4072 1736 4128 mature
1744 4087 1801 4147 per

618 4147 760 4208 ferretur
773 4149 944 4220 internos,
960 4150 987 4209 si
1002 4148 1082 4227 quid
1097 4155 1227 4210 exteret
1242 4150 1288 4209 rei
1302 4151 1426 4210 seriae?
1463 4149 1612 4222 Quatuor
1631 4151 1801 4213 coronatul

618 4249 746 4310 semper
760 4231 927 4311 parabunt
942 4231 1005 4292 tibi
1019 4232 1242 4294 veredarium.
1266 4234 1335 4293 eius
1350 4234 1449 4311 preci1
1440 4232 1634 4293 dimidium
1646 4252 1707 4313 ego
1718 4234 1801 4298 resol

617 4333 705 4387 uam,
716 4320 755 4374 tu
769 4314 905 4375 dimidio
918 4334 985 4376 uon
996 4314 1194 4394 graueberis,
1203 4318 1396 4396 praesertim
1407 4336 1482 4377 cum
1493 4316 1635 4390 audiam,
1644 4323 1680 4378 et
1694 4318 1801 4399 oppid

570 4418 605 4465 90
617 4362 789 4476 gaudeam,
801 4396 862 4457 tibi
877 4417 945 4459 rem
957 4399 1047 4460 domi
1056 4398 1312 4479 haudquaquam
1323 4407 1497 4479 angustam
1508 4419 1587 4472 esse,
1597 4400 1654 4460 sed
1663 4399 1801 4464 1ο111111

616 4480 754 4560 amplas,
769 4499 854 4559 quae
868 4481 1208 4562 benignitatiquoque
1223 4484 1395 4544 sufficiant.
1421 4482 1589 4556 Quaedam
1601 4483 1801 4548 veroBudee

907 4628 949 4685 69.
968 4630 1013 4675 est
1024 4641 1077 4676 om.
1091 4625 1128 4676 N.
1230 4628 1270 4688 85.
1290 4626 1406 4676 Lutetia
1417 4641 1469 4676 ora.
1482 4625 1519 4674 N.

650 4742 725 4866 48-9.
743 4803 893 4867 Tonstalli]
910 4806 961 4856 See
979 4805 1033 4872 Ep.
1050 4807 1801 4878 111663-79.1)1Μ111111]811Ερ..1163431

616 4883 661 4932 51.
1273 4877 1314 4925 81.
1333 4875 1501 4940 Polydorus]
1525 4876 1627 4941 Vergil.
1668 4878 1715 4928 He
1737 4878 1801 4931 dedi

650 4950 691 4999 72.
709 4935 1013 5004 GrynaeumJSeeEp.
1026 4944 1100 4991 2226.
1114 4946 1175 5005 76.n
1239 4942 1801 5000 catedhistrensletionoithedehionaels

650 5004 689 5068 78.
708 5003 878 5067 alienstJCi.
891 5007 946 5072 Ep.
959 5012 1034 5059 2226.
1047 5011 1138 5072 67-75.
1240 5009 1427 5059 toErasmus.
1462 5010 1601 5077 SeeEpp
1614 5025 1689 5074 2019,
1702 5027 1781 5077 2³1¹·
