4042 5900
437 628 501 691 324
778 626 1279 693 narransouusssuus
1564 636 1653 716 [1531

391 810 425 860 30
437 788 548 861 fuerit,
562 807 604 849 ex
623 787 738 849 iisdem
757 792 949 868 prognatus,
964 787 1051 849 idem
1070 790 1272 852 monasticae
1290 791 1431 871 pietatis
1453 793 1655 857 institutum

437 871 614 951 professus,
639 872 674 932 in
698 871 812 932 eodem
838 873 1038 934 monasterio
1062 872 1125 933 sub
1149 873 1263 935 eodem
1288 876 1458 954 magistro
1486 877 1654 959 religionis

437 956 614 1028 enutritus,
632 954 747 1016 iisdem
765 955 885 1016 litteris
902 975 940 1016 ac
957 954 1139 1034 disciplinis
1158 956 1273 1017 eadem
1292 959 1326 1018 in
1343 958 1467 1020 schola
1490 962 1653 1036 eruditas,

437 1039 645 1100 sanctissimo
667 1039 795 1099 muneri
815 1038 953 1099 docendi
972 1037 1132 1118 populum
1154 1041 1278 1119 pariter
1296 1041 1468 1116 addictus,
1491 1045 1531 1105 in
1550 1065 1654 1126 eoque

438 1121 537 1182 simili
550 1122 678 1183 feruore
693 1122 790 1182 simul
809 1127 845 1182 et
863 1121 975 1182 fructu
994 1128 1156 1196 versatus,
1176 1123 1315 1203 denique
1334 1130 1406 1186 tam
1428 1128 1602 1190 omnibus
1621 1136 1653 1191 ct

390 1227 423 1277 35
437 1207 582 1285 corporis
599 1206 687 1268 notis
703 1212 739 1266 ct
757 1206 860 1266 animi
878 1204 1013 1265 dotibus
1031 1212 1133 1284 atque
1154 1208 1254 1267 etiam
1276 1208 1348 1287 ipso
1368 1208 1513 1272 dicendi
1534 1232 1653 1292 genere

437 1291 488 1350 tui
502 1288 626 1361 similis,
638 1295 677 1349 vt
691 1288 811 1367 quibus
826 1287 973 1348 nondum
988 1290 1156 1368 cognitum
1170 1294 1257 1351 esset
1269 1310 1340 1351 esse
1355 1290 1440 1353 duos
1458 1293 1652 1371 Veruesioa,

435 1372 624 1451 frequenter
640 1371 853 1452 ambigerent,
868 1377 981 1432 vtrum
998 1372 1168 1433 audissent
1187 1374 1449 1449 concionantem,
1466 1376 1651 1441 Alionsum

436 1475 480 1518 an
495 1456 743 1534 Hieronymum.
783 1453 817 1515 Si
831 1460 920 1515 reete
934 1456 1109 1534 prouerbio
1128 1462 1239 1517 vetere
1256 1457 1382 1519 dictum
1396 1465 1461 1532 ost,
1479 1460 1523 1522 τὸ
1543 1461 1652 1541 ὅμοιον

436 1538 535 1617 ὁμοίῳ
554 1538 652 1617 φίλον,
668 1538 763 1599 facile
782 1538 904 1610 diuino,
920 1545 1047 1617 quanta
1065 1540 1190 1617 pietate
1209 1546 1279 1600 tam
1300 1541 1515 1605 admirabilis
1538 1565 1651 1608 rerum

389 1642 424 1693 40
436 1624 583 1685 omnium
598 1621 778 1683 similitudo
793 1641 852 1683 vos
866 1621 953 1681 inter
967 1640 1027 1683 vos
1041 1622 1232 1683 conciliarit.

478 1706 604 1766 Deinde
625 1724 815 1783 quanquam
837 1706 904 1765 seio
925 1710 959 1765 te
981 1705 1016 1765 in
1036 1703 1222 1767 Christiana
1242 1705 1452 1788 philosophia
1473 1711 1550 1773 iam
1570 1712 1651 1775 olim

436 1788 550 1850 sedulo
571 1789 774 1867 feliciterque
788 1793 967 1861 versatum,
983 1794 1023 1848 vt
1036 1788 1217 1867 periculum
1238 1809 1305 1851 non
1323 1792 1367 1851 sit
1385 1810 1428 1852 ne
1447 1795 1531 1871 quis
1552 1815 1651 1858 casus

435 1872 600 1933 humanus
622 1879 718 1933 tuum
740 1872 887 1932 animum
908 1891 929 1931 a
950 1877 1041 1932 recto
1062 1877 1154 1932 statu
1175 1872 1325 1934 deiiciat:
1351 1880 1464 1936 tamen
1490 1883 1536 1939 vt
1558 1878 1650 1942 hunc

435 1956 627 2017 thesaurum
649 1955 758 2017 adhuc
779 1954 1038 2016 circumferimus
1059 1956 1094 2015 in
1113 1956 1200 2017 vasis
1219 1956 1384 2030 fictilibus,
1403 1957 1506 2021 facile
1530 1962 1650 2026 diuino

389 2057 422 2108 45
435 2058 535 2118 quem
550 2038 701 2101 acerbam
712 2038 843 2117 plagam
854 2044 994 2099 naturae
1005 2057 1119 2099 sensus
1129 2040 1254 2118 pectori
1266 2046 1325 2101 tuo
1337 2040 1498 2103 inflixerit
1509 2066 1518 2117 ;
1543 2065 1648 2124 quam

435 2128 547 2183 tamen
561 2141 648 2183 nunc
663 2121 807 2183 arbitror
820 2140 923 2200 quum
938 2123 1010 2201 ipso
1023 2128 1181 2202 tempore,
1193 2123 1282 2202 quod
1296 2124 1392 2184 malis
1405 2126 1513 2187 etiam
1529 2129 1647 2192 imme·

435 2205 629 2267 dicabilibus
653 2204 776 2266 mederi
805 2204 897 2279 solet,
924 2212 997 2265 tum
1022 2205 1129 2268 multo
1157 2207 1261 2285 magis
1289 2208 1416 2268 ratione
1446 2210 1648 2291 pietateque

435 2287 641 2350 iamdudum
657 2293 717 2349 aut
731 2294 896 2361 sanatum,
916 2296 977 2349 aut
996 2289 1044 2349 ita
1063 2289 1261 2369 mitigatum,
1276 2297 1316 2351 vt
1332 2310 1374 2351 ex
1389 2292 1511 2371 optimi
1526 2293 1645 2357 fratris

435 2371 661 2433 recordatione
697 2372 804 2433 multo
837 2371 912 2451 plus
945 2371 1126 2451 spiritualis
1158 2372 1269 2451 gaudii
1302 2375 1426 2434 sentias
1458 2393 1568 2453 quam
1602 2399 1645 2441 ex

389 2473 423 2523 ⁵⁰
435 2455 583 2517 defuncti
591 2455 751 2516 desiderio
760 2454 938 2516 molestiae.
976 2453 1061 2528 Quid
1070 2461 1182 2516 eutem
1193 2456 1356 2518 referebat
1366 2457 1493 2519 diutius
1504 2461 1643 2537 vixisse,

296 2547 299 2552 “
434 2545 651 2619 posteaquam
665 2544 913 2600 consummatus
926 2538 961 2598 in
977 2537 1069 2598 breui
1079 2538 1226 2618 expleuit
1239 2546 1391 2619 tempora
1400 2540 1537 2604 multa?
1575 2545 1642 2608 Diu

434 2623 520 2683 vixit
534 2624 599 2701 qui,
615 2623 727 2702 paucis
741 2622 818 2683 lieet
832 2623 937 2693 annis,
953 2621 1060 2681 multa
1075 2621 1202 2683 talenta
1217 2621 1347 2684 Christo
1361 2624 1537 2687 lucrifecit.

476 2704 584 2779 Quum
606 2708 640 2766 in
660 2706 797 2767 caeteris
818 2704 979 2777 omnibus,
1001 2706 1047 2765 mi
1069 2704 1212 2779 Veruesi,
1233 2712 1305 2767 tum
1325 2707 1359 2767 in
1378 2706 1440 2769 hoc
1460 2712 1641 2793 praecipue

434 2790 576 2868 suspicio
599 2789 737 2850 fratrem
761 2795 868 2862 tuum,
894 2787 983 2867 quod
1008 2790 1143 2849 tametsi
1167 2808 1228 2850 nec
1256 2788 1451 2870 Seraphicus
1480 2792 1551 2854 fuit
1580 2814 1641 2857 nec

389 2890 420 2941 55
433 2872 635 2935 Cherubieus
652 2876 741 2948 (nam
763 2872 814 2932 his
833 2872 1057 2951 cognomentis
1076 2871 1125 2933 illi
1145 2872 1292 2952 gaudent
1311 2873 1495 2955 appellari),
1514 2878 1577 2939 sed
1598 2898 1640 2941 ex

433 2959 629 3038 posteritate
646 2957 715 3018 diui
734 2956 921 3018 Benedicti:
944 2961 1058 3016 temen
1077 2975 1174 3017 omne
1194 2957 1342 3018 studium
1363 2958 1407 3019 ed
1428 2958 1492 3021 hoc
1513 2980 1640 3025 munus

434 3041 585 3114 contulit,
615 3059 681 3119 quo
710 3059 778 3101 non
808 3039 898 3100 aliud
932 3038 984 3100 vel
1019 3041 1122 3119 magis
1156 3040 1384 3120 apostolicum,
1414 3042 1468 3103 vel
1502 3042 1639 3109 Christo

433 3126 569 3203 gratius,
595 3123 648 3185 vel
673 3125 761 3203 gregi
785 3121 906 3184 Christi
932 3122 1105 3184 salubrius.
1149 3124 1348 3186 Benedictus
1373 3125 1444 3204 pios
1473 3129 1640 3206 agricolas

434 3210 589 3281 instituit,
615 3213 694 3269 tuus
723 3207 946 3285 Hieronymus
973 3205 1093 3267 maluit
1122 3207 1156 3267 in
1184 3208 1283 3268 vinea
1310 3206 1444 3270 Domini
1473 3208 1638 3286 laborare,

387 3299 421 3347 60
433 3311 559 3372 proque
573 3310 714 3364 vomere,
731 3309 849 3363 marra,
865 3289 981 3368 ligone,
997 3295 1106 3351 rastro
1122 3295 1157 3351 et
1176 3290 1314 3365 sarculo,
1329 3291 1442 3372 lingua
1460 3311 1522 3372 per
1541 3296 1638 3376 spiri·

434 3382 505 3436 tum
525 3375 665 3447 erudita,
685 3394 726 3435 ex
748 3374 866 3435 animis
888 3373 1058 3434 hominum
1080 3373 1235 3435 reuellere
1256 3376 1483 3455 persuasiones
1505 3377 1638 3458 impias,

433 3459 590 3538 dissipare
605 3457 752 3519 carnales
766 3457 914 3529 affectus,
929 3456 1070 3518 inserere
1084 3457 1219 3536 pietatis
1233 3458 1440 3538 euangelicee
1455 3459 1638 3539 plantaria,

432 3543 665 3622 copiosumque
679 3541 824 3603 fructum
835 3540 1016 3601 conuehere
1027 3540 1061 3600 in
1072 3540 1189 3602 horrea
1199 3541 1340 3614 Domini,
1353 3543 1445 3603 euius
1461 3562 1495 3603 se
1507 3545 1639 3608 sciebat

432 3645 502 3686 esse
523 3625 685 3687 colonum.
729 3623 816 3685 Nam
838 3624 899 3684 hoc
918 3624 1084 3684 verissime
1103 3623 1226 3697 scribis,
1247 3627 1293 3685 mi
1312 3625 1455 3698 Veruesi,
1477 3644 1636 3707 magnam

386 3714 420 3774 ⁶5
433 3709 554 3787 vbique
573 3708 705 3770 turbam
725 3726 795 3769 esse
814 3725 926 3769 eorum
946 3707 1003 3786 qui
1023 3708 1260 3768 concionantur
1275 3708 1364 3787 apud
1385 3709 1557 3789 populum,
1576 3713 1638 3774 sed

432 3794 527 3853 iuxta
541 3797 711 3854 vetustum
725 3790 945 3871 prouerbium,
961 3787 1073 3850 πολλοὶ
1091 3788 1147 3868 μὲν
1165 3791 1399 3870 ναρθηκοφόροι,
1413 3798 1527 3870 παῦροι
1546 3793 1585 3855 δέ
1600 3821 1638 3857 τε

430 3873 553 3954 βάκχοι,
568 3875 630 3936 hoe
644 3880 706 3948 est,
721 3875 818 3954 pauci
831 3872 1053 3935 Christianam
1071 3874 1310 3955 philosophiam
1331 3895 1411 3955 pure
1431 3895 1638 3957 syncereque

431 3959 561 4021 docent.

474 4043 584 4104 Prima
613 4043 712 4121 igitur
740 4040 934 4118 Hieronymi
962 4039 1035 4101 leus
1064 4046 1124 4113 est,
1151 4041 1241 4119 quod
1270 4041 1312 4102 ed
1337 4061 1458 4103 munus
1482 4045 1636 4107 omnium

386 4140 419 4192 70
432 4127 675 4187 sanctissimum
691 4129 795 4186 semet
809 4124 937 4184 affatim
956 4124 1124 4185 instruxit.
1162 4124 1276 4184 Altera
1295 4126 1384 4203 quod
1404 4127 1549 4205 seipsum
1564 4147 1635 4190 non

431 4211 574 4288 ingessit,
597 4208 655 4269 sed
675 4208 875 4287 expectauit,
897 4206 1001 4269 donec
1022 4206 1173 4286 exemplo
1195 4208 1289 4268 Pauli
1310 4215 1486 4270 vocaretur
1505 4229 1527 4270 a
1548 4210 1634 4276 Deo.

431 4293 593 4355 Vocetum
618 4294 825 4372 interpretor,
852 4291 909 4370 qui
933 4292 1025 4351 iussu
1053 4290 1194 4364 abbatis,
1219 4292 1277 4370 qui
1299 4292 1470 4371 flagitante
1495 4294 1634 4373 populo,

431 4378 524 4437 euius
552 4395 618 4438 vox
647 4395 714 4436 vox
742 4374 804 4435 Dei
832 4380 892 4446 est,
922 4375 980 4453 qui
1010 4374 1161 4455 precibus
1192 4374 1439 4437 laudatissimae
1468 4376 1634 4440 foeminae

430 4459 612 4520 Elisabelee
637 4458 806 4537 Augustae
835 4457 994 4537 pellectus
1019 4462 1071 4519 est
1096 4456 1139 4517 ad
1164 4477 1237 4518 eam
1259 4461 1471 4538 prouinciam.
1516 4460 1634 4523 Tertia

385 4557 417 4608 75
431 4543 519 4621 quod
534 4544 568 4602 in
582 4542 734 4604 obeundo
749 4560 882 4601 munere
897 4541 1088 4621 apostolico,
1104 4560 1172 4603 non
1191 4544 1341 4619 quemuis
1358 4542 1556 4622 apostolum,
1572 4546 1633 4607 sed

429 4627 517 4688 inter
537 4625 703 4706 apostolos
722 4625 935 4704 praecipuum
955 4624 1085 4686 studuit
1104 4624 1272 4699 aemulari,
1288 4626 1440 4687 videlicet
1459 4629 1631 4706 magnani-

648 4750 689 4799 40.
708 4750 759 4784 vos
768 4734 852 4798 prius
862 4734 925 4784 add.
938 4734 976 4784 K.
1077 4736 1120 4797 67.
1139 4734 1184 4784 K:
1202 4736 1367 4800 syncerique
1377 4734 1408 4784 J.

463 4871 504 4932 38.
523 4868 686 4934 prouerbio]
698 4867 786 4930 Adeo.
803 4880 859 4916 121.
1088 4878 1129 4931 74.
1148 4866 1317 4928 Elisabelae]
1345 4865 1476 4926 Isabella,
1503 4865 1570 4919 wife
1600 4869 1633 4921 of

430 4934 711 5065 Ayffssfiufrbium]
719 4933 811 4992 Plato,
819 4933 1002 4994 praedeces:
1053 4931 1168 4984 Oharles
1180 4946 1209 4984 ν.
