<?xml version="1.0" encoding="UTF-8"?>
<!DOCTYPE html PUBLIC "-//W3C//DTD XHTML 1.0 Transitional//EN"
    "http://www.w3.org/TR/xhtml1/DTD/xhtml1-transitional.dtd">
<html xmlns="http://www.w3.org/1999/xhtml" xml:lang="en" lang="en">
 <head>
  <title>
</title>
<meta http-equiv="Content-Type" content="text/html;charset=utf-8" />
  <meta name='ocr-system' content='tesseract 3.04.00' />
  <meta name='ocr-capabilities' content='ocr_page ocr_carea ocr_par ocr_line ocrx_word'/>
</head>
<body>
  <div class='ocr_page' id='page_1' title='image "./opusepistolarum02garrgoog_0265.png"; bbox 0 0 4042 5900; ppageno 0'>
   <div class='ocr_carea' id='block_1_1' title="bbox 368 690 1560 775">
    <p class='ocr_par' dir='ltr' id='par_1_1' title="bbox 368 690 1560 775">
     <span class='ocr_line' id='line_1_1' title="bbox 368 690 1560 775; baseline -0.001 -20"><span class='ocrx_word' id='word_1_1' title='bbox 368 694 462 775; x_wconf 86' lang='lat'><strong>2466]</strong></span> <span class='ocrx_word' id='word_1_2' title='bbox 694 694 751 757; x_wconf 87' lang='lat' dir='ltr'><strong>ro</strong></span> <span class='ocrx_word' id='word_1_3' title='bbox 772 690 955 758; x_wconf 79' lang='lat' dir='ltr'><strong>uroonas</strong></span> <span class='ocrx_word' id='word_1_4' title='bbox 977 695 1233 759; x_wconf 68' lang='lat' dir='ltr'><strong>uumerus</strong></span> <span class='ocrx_word' id='word_1_5' title='bbox 1500 696 1560 755; x_wconf 76' lang='grc'><strong>229</strong></span> 
     </span>
    </p>
   </div>
   <div class='ocr_carea' id='block_1_2' title="bbox 366 852 1628 4501">
    <p class='ocr_par' dir='ltr' id='par_1_2' title="bbox 366 852 1627 2767">
     <span class='ocr_line' id='line_1_2' title="bbox 366 852 1624 936; baseline -0.001 -22"><span class='ocrx_word' id='word_1_6' title='bbox 366 853 458 928; x_wconf 88' lang='lat' dir='ltr'><strong>licae,</strong></span> <span class='ocrx_word' id='word_1_7' title='bbox 473 873 551 915; x_wconf 84' lang='lat' dir='ltr'><strong>mox</strong></span> <span class='ocrx_word' id='word_1_8' title='bbox 565 854 755 933; x_wconf 83' lang='lat' dir='ltr'><strong>iugularem.</strong></span> <span class='ocrx_word' id='word_1_9' title='bbox 799 852 938 927; x_wconf 85' lang='lat' dir='ltr'><strong>Quidam</strong></span> <span class='ocrx_word' id='word_1_10' title='bbox 952 875 971 916; x_wconf 94' lang='lat' dir='ltr'><strong>e</strong></span> <span class='ocrx_word' id='word_1_11' title='bbox 985 860 1046 915; x_wconf 90' lang='lat' dir='ltr'><strong>tuo</strong></span> <span class='ocrx_word' id='word_1_12' title='bbox 1059 854 1214 916; x_wconf 90' lang='lat' dir='ltr'><strong>sodalitio</strong></span> <span class='ocrx_word' id='word_1_13' title='bbox 1232 855 1405 916; x_wconf 89' lang='lat' dir='ltr'><strong>damnauit</strong></span> <span class='ocrx_word' id='word_1_14' title='bbox 1420 852 1508 932; x_wconf 91' lang='lat' dir='ltr'><strong>quod</strong></span> <span class='ocrx_word' id='word_1_15' title='bbox 1527 854 1562 913; x_wconf 94' lang='lat' dir='ltr'><strong>in</strong></span> <span class='ocrx_word' id='word_1_16' title='bbox 1577 884 1624 936; x_wconf 79' lang='lat'><strong>¹95</strong></span> 
     </span>
     <span class='ocr_line' id='line_1_3' title="bbox 366 936 1561 1018; baseline -0.002 -20"><span class='ocrx_word' id='word_1_17' title='bbox 366 936 529 1015; x_wconf 91' lang='lat' dir='ltr'><strong>colloquio</strong></span> <span class='ocrx_word' id='word_1_18' title='bbox 548 939 601 998; x_wconf 89' lang='lat' dir='ltr'><strong>cui</strong></span> <span class='ocrx_word' id='word_1_19' title='bbox 621 937 739 998; x_wconf 81' lang='lat' dir='ltr'><strong>titulus</strong></span> <span class='ocrx_word' id='word_1_20' title='bbox 760 936 944 1016; x_wconf 90' lang='lat' dir='ltr'><strong>Inquisitio,</strong></span> <span class='ocrx_word' id='word_1_21' title='bbox 964 939 1078 1018; x_wconf 81' lang='lat' dir='ltr'>scripsi</span> <span class='ocrx_word' id='word_1_22' title='bbox 1094 946 1222 1018; x_wconf 90' lang='lat' dir='ltr'><strong>patrem</strong></span> <span class='ocrx_word' id='word_1_23' title='bbox 1241 943 1391 1000; x_wconf 89' lang='lat' dir='ltr'><strong>autorem</strong></span> <span class='ocrx_word' id='word_1_24' title='bbox 1408 957 1477 998; x_wconf 91' lang='lat' dir='ltr'><strong>esse</strong></span> <span class='ocrx_word' id='word_1_25' title='bbox 1494 955 1561 997; x_wconf 90' lang='lat' dir='ltr'><strong>om·</strong></span> 
     </span>
     <span class='ocr_line' id='line_1_4' title="bbox 367 1020 1563 1102; baseline -0.001 -21"><span class='ocrx_word' id='word_1_26' title='bbox 367 1022 468 1094; x_wconf 88' lang='lat' dir='ltr'><strong>nium,</strong></span> <span class='ocrx_word' id='word_1_27' title='bbox 490 1020 707 1100; x_wconf 88' lang='lat' dir='ltr'><strong>complectens</strong></span> <span class='ocrx_word' id='word_1_28' title='bbox 727 1022 828 1082; x_wconf 90' lang='lat' dir='ltr'><strong>etiam</strong></span> <span class='ocrx_word' id='word_1_29' title='bbox 848 1020 930 1082; x_wconf 90' lang='lat' dir='ltr'><strong>duas</strong></span> <span class='ocrx_word' id='word_1_30' title='bbox 949 1041 1106 1102; x_wconf 78' lang='lat' dir='ltr'><strong>personas</strong></span> <span class='ocrx_word' id='word_1_31' title='bbox 1125 1022 1262 1083; x_wconf 90' lang='lat' dir='ltr'><strong>diuinas.</strong></span> <span class='ocrx_word' id='word_1_32' title='bbox 1306 1020 1369 1082; x_wconf 89' lang='lat' dir='ltr'><strong>Sed</strong></span> <span class='ocrx_word' id='word_1_33' title='bbox 1389 1020 1445 1080; x_wconf 92' lang='lat' dir='ltr'><strong>ille</strong></span> <span class='ocrx_word' id='word_1_34' title='bbox 1463 1026 1563 1100; x_wconf 90' lang='lat' dir='ltr'><strong>putat</strong></span> 
     </span>
     <span class='ocr_line' id='line_1_5' title="bbox 367 1103 1561 1183; baseline -0.001 -19"><span class='ocrx_word' id='word_1_35' title='bbox 367 1109 517 1166; x_wconf 88' lang='lat' dir='ltr'><strong>autorem</strong></span> <span class='ocrx_word' id='word_1_36' title='bbox 532 1104 613 1165; x_wconf 89' lang='lat' dir='ltr'>nihil</span> <span class='ocrx_word' id='word_1_37' title='bbox 627 1103 800 1165; x_wconf 88' lang='lat' dir='ltr'><strong>aliudesse</strong></span> <span class='ocrx_word' id='word_1_38' title='bbox 815 1124 914 1183; x_wconf 90' lang='lat' dir='ltr'><strong>quam</strong></span> <span class='ocrx_word' id='word_1_39' title='bbox 928 1105 1098 1178; x_wconf 88' lang='lat' dir='ltr'><strong>factorem,</strong></span> <span class='ocrx_word' id='word_1_40' title='bbox 1113 1124 1215 1183; x_wconf 92' lang='lat' dir='ltr'><strong>quum</strong></span> <span class='ocrx_word' id='word_1_41' title='bbox 1235 1110 1333 1166; x_wconf 90' lang='lat' dir='ltr'><strong>autor</strong></span> <span class='ocrx_word' id='word_1_42' title='bbox 1351 1103 1481 1165; x_wconf 88' lang='lat' dir='ltr'><strong>dicatur</strong></span> <span class='ocrx_word' id='word_1_43' title='bbox 1499 1103 1561 1164; x_wconf 85' lang='lat' dir='ltr'><strong>ire·</strong></span> 
     </span>
     <span class='ocr_line' id='line_1_6' title="bbox 367 1187 1563 1268; baseline -0.001 -20"><span class='ocrx_word' id='word_1_44' title='bbox 367 1193 507 1265; x_wconf 90' lang='lat' dir='ltr'><strong>quenter</strong></span> <span class='ocrx_word' id='word_1_45' title='bbox 529 1187 602 1248; x_wconf 87' lang='lat' dir='ltr'><strong>iens</strong></span> <span class='ocrx_word' id='word_1_46' title='bbox 626 1193 661 1248; x_wconf 90' lang='lat' dir='ltr'><strong>et</strong></span> <span class='ocrx_word' id='word_1_47' title='bbox 685 1188 835 1267; x_wconf 89' lang='lat' dir='ltr'><strong>princeps</strong></span> <span class='ocrx_word' id='word_1_48' title='bbox 856 1189 989 1267; x_wconf 81' lang='lat' dir='ltr'>negocii,</span> <span class='ocrx_word' id='word_1_49' title='bbox 1011 1190 1174 1250; x_wconf 77' lang='lat' dir='ltr'><strong>autoritas</strong></span> <span class='ocrx_word' id='word_1_50' title='bbox 1196 1188 1392 1268; x_wconf 89' lang='lat' dir='ltr'><strong>principium</strong></span> <span class='ocrx_word' id='word_1_51' title='bbox 1416 1194 1451 1248; x_wconf 91' lang='lat' dir='ltr'><strong>et</strong></span> <span class='ocrx_word' id='word_1_52' title='bbox 1473 1187 1563 1265; x_wconf 91' lang='lat' dir='ltr'><strong>origo</strong></span> 
     </span>
     <span class='ocr_line' id='line_1_7' title="bbox 367 1269 1626 1350; baseline -0.002 -20"><span class='ocrx_word' id='word_1_53' title='bbox 367 1272 491 1350; x_wconf 90' lang='lat' dir='ltr'><strong>prima:</strong></span> <span class='ocrx_word' id='word_1_54' title='bbox 514 1290 570 1331; x_wconf 90' lang='lat' dir='ltr'><strong>eas</strong></span> <span class='ocrx_word' id='word_1_55' title='bbox 584 1289 681 1332; x_wconf 89' lang='lat' dir='ltr'><strong>voces</strong></span> <span class='ocrx_word' id='word_1_56' title='bbox 695 1272 741 1332; x_wconf 91' lang='lat' dir='ltr'><strong>sic</strong></span> <span class='ocrx_word' id='word_1_57' title='bbox 755 1271 945 1349; x_wconf 86' lang='lat' dir='ltr'><strong>frequenter</strong></span> <span class='ocrx_word' id='word_1_58' title='bbox 959 1278 1099 1350; x_wconf 86' lang='lat' dir='ltr'><strong>vsurpat</strong></span> <span class='ocrx_word' id='word_1_59' title='bbox 1112 1271 1209 1333; x_wconf 89' lang='lat' dir='ltr'><strong>diuus</strong></span> <span class='ocrx_word' id='word_1_60' title='bbox 1223 1271 1378 1332; x_wconf 88' lang='lat' dir='ltr'><strong>Hilarius.</strong></span> <span class='ocrx_word' id='word_1_61' title='bbox 1422 1269 1563 1331; x_wconf 79' lang='lat' dir='ltr'><strong>Proinde</strong></span> <span class='ocrx_word' id='word_1_62' title='bbox 1575 1292 1626 1328; x_wconf 86' lang='lat'><strong>200</strong></span> 
     </span>
     <span class='ocr_line' id='line_1_8' title="bbox 368 1353 1562 1433; baseline -0.001 -19"><span class='ocrx_word' id='word_1_63' title='bbox 368 1355 396 1414; x_wconf 91' lang='lat' dir='ltr'><strong>si</strong></span> <span class='ocrx_word' id='word_1_64' title='bbox 410 1354 527 1414; x_wconf 90' lang='lat' dir='ltr'><strong>Latine</strong></span> <span class='ocrx_word' id='word_1_65' title='bbox 541 1353 716 1428; x_wconf 89' lang='lat' dir='ltr'><strong>calluisset,</strong></span> <span class='ocrx_word' id='word_1_66' title='bbox 731 1354 834 1415; x_wconf 91' lang='lat' dir='ltr'><strong>nihilo</strong></span> <span class='ocrx_word' id='word_1_67' title='bbox 852 1356 956 1433; x_wconf 90' lang='lat' dir='ltr'><strong>magis</strong></span> <span class='ocrx_word' id='word_1_68' title='bbox 970 1355 1158 1416; x_wconf 82' lang='lat' dir='ltr'><strong>offendisset</strong></span> <span class='ocrx_word' id='word_1_69' title='bbox 1177 1360 1275 1416; x_wconf 91' lang='lat' dir='ltr'><strong>autor</strong></span> <span class='ocrx_word' id='word_1_70' title='bbox 1294 1355 1441 1415; x_wconf 93' lang='lat' dir='ltr'><strong>omnium</strong></span> <span class='ocrx_word' id='word_1_71' title='bbox 1462 1371 1562 1431; x_wconf 91' lang='lat' dir='ltr'><strong>quam</strong></span> 
     </span>
     <span class='ocr_line' id='line_1_9' title="bbox 367 1436 1562 1518; baseline 0.001 -21"><span class='ocrx_word' id='word_1_72' title='bbox 367 1438 563 1518; x_wconf 88' lang='lat' dir='ltr'><strong>principium</strong></span> <span class='ocrx_word' id='word_1_73' title='bbox 587 1439 744 1499; x_wconf 92' lang='lat' dir='ltr'><strong>omnium.</strong></span> <span class='ocrx_word' id='word_1_74' title='bbox 789 1437 935 1499; x_wconf 84' lang='lat' dir='ltr'><strong>Rixandi</strong></span> <span class='ocrx_word' id='word_1_75' title='bbox 957 1437 1244 1516; x_wconf 86' lang='lat' dir='ltr'><strong>calumniandique</strong></span> <span class='ocrx_word' id='word_1_76' title='bbox 1268 1437 1379 1499; x_wconf 90' lang='lat' dir='ltr'><strong>nullus</strong></span> <span class='ocrx_word' id='word_1_77' title='bbox 1404 1442 1455 1498; x_wconf 92' lang='lat' dir='ltr'><strong>est</strong></span> <span class='ocrx_word' id='word_1_78' title='bbox 1478 1436 1562 1498; x_wconf 88' lang='lat' dir='ltr'><strong>finis.</strong></span> 
     </span>
     <span class='ocr_line' id='line_1_10' title="bbox 368 1520 1561 1601; baseline -0.001 -20"><span class='ocrx_word' id='word_1_79' title='bbox 368 1520 431 1581; x_wconf 91' lang='lat' dir='ltr'><strong>Hic</strong></span> <span class='ocrx_word' id='word_1_80' title='bbox 442 1522 536 1582; x_wconf 86' lang='lat' dir='ltr'><strong>nobis</strong></span> <span class='ocrx_word' id='word_1_81' title='bbox 548 1523 647 1582; x_wconf 90' lang='lat' dir='ltr'><strong>toties</strong></span> <span class='ocrx_word' id='word_1_82' title='bbox 656 1521 1037 1601; x_wconf 90' lang='lat' dir='ltr'><strong>occinunturAugustini</strong></span> <span class='ocrx_word' id='word_1_83' title='bbox 1047 1523 1308 1583; x_wconf 89' lang='lat' dir='ltr'><strong>retractationes.</strong></span> <span class='ocrx_word' id='word_1_84' title='bbox 1347 1520 1450 1599; x_wconf 93' lang='lat' dir='ltr'><strong>Atqui</strong></span> <span class='ocrx_word' id='word_1_85' title='bbox 1460 1525 1561 1580; x_wconf 89' lang='lat' dir='ltr'><strong>retra·</strong></span> 
     </span>
     <span class='ocr_line' id='line_1_11' title="bbox 368 1603 1564 1684; baseline -0.001 -20"><span class='ocrx_word' id='word_1_86' title='bbox 368 1606 471 1665; x_wconf 91' lang='lat' dir='ltr'><strong>ctatio</strong></span> <span class='ocrx_word' id='word_1_87' title='bbox 497 1604 578 1665; x_wconf 91' lang='lat' dir='ltr'><strong>nihil</strong></span> <span class='ocrx_word' id='word_1_88' title='bbox 602 1604 694 1665; x_wconf 93' lang='lat' dir='ltr'><strong>aliud</strong></span> <span class='ocrx_word' id='word_1_89' title='bbox 718 1609 769 1666; x_wconf 90' lang='lat' dir='ltr'><strong>est</strong></span> <span class='ocrx_word' id='word_1_90' title='bbox 797 1624 897 1683; x_wconf 89' lang='lat' dir='ltr'><strong>quam</strong></span> <span class='ocrx_word' id='word_1_91' title='bbox 923 1606 1111 1683; x_wconf 89' lang='lat' dir='ltr'><strong>recognitio.</strong></span> <span class='ocrx_word' id='word_1_92' title='bbox 1154 1604 1268 1684; x_wconf 83' lang='lat' dir='ltr'>Neque</span> <span class='ocrx_word' id='word_1_93' title='bbox 1290 1606 1378 1666; x_wconf 92' lang='lat' dir='ltr'><strong>enim</strong></span> <span class='ocrx_word' id='word_1_94' title='bbox 1399 1623 1439 1665; x_wconf 90' lang='lat' dir='ltr'><strong>eo</strong></span> <span class='ocrx_word' id='word_1_95' title='bbox 1463 1603 1564 1664; x_wconf 90' lang='lat' dir='ltr'><strong>titulo</strong></span> 
     </span>
     <span class='ocr_line' id='line_1_12' title="bbox 367 1686 1626 1767; baseline -0.003 -20"><span class='ocrx_word' id='word_1_96' title='bbox 367 1686 542 1766; x_wconf 87' lang='lat' dir='ltr'><strong>profitetur</strong></span> <span class='ocrx_word' id='word_1_97' title='bbox 564 1707 598 1748; x_wconf 91' lang='lat' dir='ltr'><strong>se</strong></span> <span class='ocrx_word' id='word_1_98' title='bbox 623 1689 872 1767; x_wconf 68' lang='lat' dir='ltr'><strong>cmtigationem</strong></span> <span class='ocrx_word' id='word_1_99' title='bbox 894 1707 1042 1749; x_wconf 90' lang='lat' dir='ltr'><strong>errorum</strong></span> <span class='ocrx_word' id='word_1_100' title='bbox 1065 1706 1209 1762; x_wconf 91' lang='lat' dir='ltr'><strong>suorum,</strong></span> <span class='ocrx_word' id='word_1_101' title='bbox 1235 1689 1293 1749; x_wconf 92' lang='lat' dir='ltr'><strong>sed</strong></span> <span class='ocrx_word' id='word_1_102' title='bbox 1316 1687 1504 1766; x_wconf 79' lang='lat' dir='ltr'><strong>catalogum</strong></span> <span class='ocrx_word' id='word_1_103' title='bbox 1529 1690 1564 1747; x_wconf 94' lang='lat' dir='ltr'><strong>et</strong></span> <span class='ocrx_word' id='word_1_104' title='bbox 1577 1707 1626 1757; x_wconf 82' lang='lat'><strong>205</strong></span> 
     </span>
     <span class='ocr_line' id='line_1_13' title="bbox 368 1770 1562 1851; baseline -0.001 -20"><span class='ocrx_word' id='word_1_105' title='bbox 368 1772 588 1831; x_wconf 84' lang='lat' dir='ltr'><strong>recensionem</strong></span> <span class='ocrx_word' id='word_1_106' title='bbox 614 1790 749 1850; x_wconf 91' lang='lat' dir='ltr'><strong>operum</strong></span> <span class='ocrx_word' id='word_1_107' title='bbox 775 1790 908 1833; x_wconf 91' lang='lat' dir='ltr'><strong>suorum</strong></span> <span class='ocrx_word' id='word_1_108' title='bbox 931 1777 1044 1832; x_wconf 84' lang='lat' dir='ltr'><strong>texere</strong></span> <span class='ocrx_word' id='word_1_109' title='bbox 1068 1790 1107 1832; x_wconf 91' lang='lat' dir='ltr'><strong>ac</strong></span> <span class='ocrx_word' id='word_1_110' title='bbox 1130 1771 1331 1851; x_wconf 89' lang='lat' dir='ltr'><strong>singulorum</strong></span> <span class='ocrx_word' id='word_1_111' title='bbox 1355 1770 1448 1831; x_wconf 88' lang='lat' dir='ltr'><strong>velut</strong></span> <span class='ocrx_word' id='word_1_112' title='bbox 1469 1789 1562 1848; x_wconf 88' lang='lat' dir='ltr'><strong>argu-</strong></span> 
     </span>
     <span class='ocr_line' id='line_1_14' title="bbox 368 1854 1565 1934; baseline -0.001 -20"><span class='ocrx_word' id='word_1_113' title='bbox 368 1861 490 1927; x_wconf 89' lang='lat' dir='ltr'><strong>menta,</strong></span> <span class='ocrx_word' id='word_1_114' title='bbox 505 1874 545 1915; x_wconf 90' lang='lat' dir='ltr'><strong>eo</strong></span> <span class='ocrx_word' id='word_1_115' title='bbox 559 1861 720 1933; x_wconf 91' lang='lat' dir='ltr'><strong>spectans,</strong></span> <span class='ocrx_word' id='word_1_116' title='bbox 734 1874 775 1915; x_wconf 91' lang='lat' dir='ltr'><strong>ne</strong></span> <span class='ocrx_word' id='word_1_117' title='bbox 789 1855 869 1932; x_wconf 94' lang='lat' dir='ltr'><strong>quid</strong></span> <span class='ocrx_word' id='word_1_118' title='bbox 883 1854 1149 1915; x_wconf 85' lang='lat' dir='ltr'><strong>lucubrationum</strong></span> <span class='ocrx_word' id='word_1_119' title='bbox 1163 1857 1265 1934; x_wconf 91' lang='lat' dir='ltr'><strong>ipsius</strong></span> <span class='ocrx_word' id='word_1_120' title='bbox 1276 1854 1495 1925; x_wconf 90' lang='lat' dir='ltr'><strong>intercideret,</strong></span> <span class='ocrx_word' id='word_1_121' title='bbox 1504 1857 1565 1914; x_wconf 91' lang='lat' dir='ltr'><strong>aut</strong></span> 
     </span>
     <span class='ocr_line' id='line_1_15' title="bbox 367 1936 1565 2018; baseline -0.001 -21"><span class='ocrx_word' id='word_1_122' title='bbox 367 1937 464 1998; x_wconf 89' lang='lat' dir='ltr'><strong>alteri</strong></span> <span class='ocrx_word' id='word_1_123' title='bbox 479 1938 679 1999; x_wconf 87' lang='lat' dir='ltr'><strong>tribueretur</strong></span> <span class='ocrx_word' id='word_1_124' title='bbox 693 1937 783 2016; x_wconf 92' lang='lat' dir='ltr'><strong>quod</strong></span> <span class='ocrx_word' id='word_1_125' title='bbox 797 1940 898 2018; x_wconf 89' lang='lat' dir='ltr'><strong>ipsius</strong></span> <span class='ocrx_word' id='word_1_126' title='bbox 913 1943 1007 2010; x_wconf 88' lang='lat' dir='ltr'><strong>esset,</strong></span> <span class='ocrx_word' id='word_1_127' title='bbox 1024 1945 1084 1999; x_wconf 90' lang='lat' dir='ltr'><strong>aut</strong></span> <span class='ocrx_word' id='word_1_128' title='bbox 1094 1939 1158 2017; x_wconf 89' lang='lat' dir='ltr'><strong>ipsi</strong></span> <span class='ocrx_word' id='word_1_129' title='bbox 1168 1939 1368 2000; x_wconf 90' lang='lat' dir='ltr'><strong>tribueretur</strong></span> <span class='ocrx_word' id='word_1_130' title='bbox 1378 1936 1468 2015; x_wconf 92' lang='lat' dir='ltr'><strong>quod</strong></span> <span class='ocrx_word' id='word_1_131' title='bbox 1477 1942 1565 1997; x_wconf 89' lang='lat' dir='ltr'><strong>esset</strong></span> 
     </span>
     <span class='ocr_line' id='line_1_16' title="bbox 367 2018 1564 2101; baseline 0.001 -22"><span class='ocrx_word' id='word_1_132' title='bbox 367 2020 513 2082; x_wconf 80' lang='lat' dir='ltr'><strong>alterius.</strong></span> <span class='ocrx_word' id='word_1_133' title='bbox 557 2021 678 2082; x_wconf 91' lang='lat' dir='ltr'><strong>Verum</strong></span> <span class='ocrx_word' id='word_1_134' title='bbox 705 2020 813 2082; x_wconf 91' lang='lat' dir='ltr'><strong>obiter</strong></span> <span class='ocrx_word' id='word_1_135' title='bbox 841 2021 1003 2099; x_wconf 87' lang='lat' dir='ltr'><strong>quaedam</strong></span> <span class='ocrx_word' id='word_1_136' title='bbox 1032 2040 1093 2082; x_wconf 89' lang='lat' dir='ltr'><strong>sua</strong></span> <span class='ocrx_word' id='word_1_137' title='bbox 1120 2022 1339 2101; x_wconf 90' lang='lat' dir='ltr'><strong>reprehendit,</strong></span> <span class='ocrx_word' id='word_1_138' title='bbox 1367 2020 1484 2092; x_wconf 80' lang='lat' dir='ltr'><strong>fateor,</strong></span> <span class='ocrx_word' id='word_1_139' title='bbox 1507 2018 1564 2080; x_wconf 93' lang='lat' dir='ltr'><strong>sed</strong></span> 
     </span>
     <span class='ocr_line' id='line_1_17' title="bbox 368 2101 1627 2182; baseline -0.005 -19"><span class='ocrx_word' id='word_1_140' title='bbox 368 2103 525 2165; x_wconf 91' lang='lat' dir='ltr'><strong>leuicula:</strong></span> <span class='ocrx_word' id='word_1_141' title='bbox 555 2104 659 2164; x_wconf 87' lang='lat' dir='ltr'><strong>veluti</strong></span> <span class='ocrx_word' id='word_1_142' title='bbox 683 2103 772 2182; x_wconf 92' lang='lat' dir='ltr'><strong>quod</strong></span> <span class='ocrx_word' id='word_1_143' title='bbox 795 2103 915 2165; x_wconf 89' lang='lat' dir='ltr'><strong>alicubi</strong></span> <span class='ocrx_word' id='word_1_144' title='bbox 937 2106 981 2165; x_wconf 91' lang='lat' dir='ltr'><strong>sit</strong></span> <span class='ocrx_word' id='word_1_145' title='bbox 1004 2124 1083 2166; x_wconf 89' lang='lat' dir='ltr'><strong>vsus</strong></span> <span class='ocrx_word' id='word_1_146' title='bbox 1105 2105 1267 2167; x_wconf 87' lang='lat' dir='ltr'><strong>vocabulo</strong></span> <span class='ocrx_word' id='word_1_147' title='bbox 1289 2105 1452 2177; x_wconf 85' lang='lat' dir='ltr'><strong>fortunae,</strong></span> <span class='ocrx_word' id='word_1_148' title='bbox 1475 2101 1565 2181; x_wconf 93' lang='lat' dir='ltr'><strong>quod</strong></span> <span class='ocrx_word' id='word_1_149' title='bbox 1577 2122 1627 2159; x_wconf 84' lang='lat'><strong>210</strong></span> 
     </span>
     <span class='ocr_line' id='line_1_18' title="bbox 368 2187 1564 2267; baseline -0.001 -20"><span class='ocrx_word' id='word_1_150' title='bbox 368 2187 482 2267; x_wconf 90' lang='lat' dir='ltr'><strong>lapsus</strong></span> <span class='ocrx_word' id='word_1_151' title='bbox 491 2189 534 2248; x_wconf 91' lang='lat' dir='ltr'><strong>sit</strong></span> <span class='ocrx_word' id='word_1_152' title='bbox 549 2188 584 2248; x_wconf 95' lang='lat' dir='ltr'><strong>in</strong></span> <span class='ocrx_word' id='word_1_153' title='bbox 599 2188 730 2248; x_wconf 89' lang='lat' dir='ltr'><strong>nomine</strong></span> <span class='ocrx_word' id='word_1_154' title='bbox 745 2187 870 2249; x_wconf 90' lang='lat' dir='ltr'><strong>medici.</strong></span> <span class='ocrx_word' id='word_1_155' title='bbox 907 2187 953 2248; x_wconf 92' lang='lat' dir='ltr'><strong>At</strong></span> <span class='ocrx_word' id='word_1_156' title='bbox 964 2187 1060 2267; x_wconf 90' lang='lat' dir='ltr'><strong>plura</strong></span> <span class='ocrx_word' id='word_1_157' title='bbox 1074 2188 1231 2262; x_wconf 80' lang='lat' dir='ltr'><strong>defendit,</strong></span> <span class='ocrx_word' id='word_1_158' title='bbox 1243 2187 1409 2249; x_wconf 88' lang='lat' dir='ltr'><strong>interdum</strong></span> <span class='ocrx_word' id='word_1_159' title='bbox 1418 2205 1486 2247; x_wconf 94' lang='lat' dir='ltr'><strong>non</strong></span> <span class='ocrx_word' id='word_1_160' title='bbox 1494 2187 1564 2247; x_wconf 91' lang='lat' dir='ltr'><strong>sine</strong></span> 
     </span>
     <span class='ocr_line' id='line_1_19' title="bbox 369 2269 1564 2350; baseline -0.002 -19"><span class='ocrx_word' id='word_1_161' title='bbox 369 2272 646 2349; x_wconf 91' lang='lat' dir='ltr'><strong>tergiuersatione.</strong></span> <span class='ocrx_word' id='word_1_162' title='bbox 691 2270 801 2343; x_wconf 91' lang='lat' dir='ltr'><strong>Porr0,</strong></span> <span class='ocrx_word' id='word_1_163' title='bbox 824 2278 951 2348; x_wconf 89' lang='lat' dir='ltr'><strong>quanto</strong></span> <span class='ocrx_word' id='word_1_164' title='bbox 971 2273 1124 2350; x_wconf 88' lang='lat' dir='ltr'><strong>grauiora</strong></span> <span class='ocrx_word' id='word_1_165' title='bbox 1142 2271 1250 2333; x_wconf 90' lang='lat' dir='ltr'><strong>adhuc</strong></span> <span class='ocrx_word' id='word_1_166' title='bbox 1269 2271 1412 2332; x_wconf 89' lang='lat' dir='ltr'><strong>resident</strong></span> <span class='ocrx_word' id='word_1_167' title='bbox 1429 2271 1464 2330; x_wconf 94' lang='lat' dir='ltr'><strong>in</strong></span> <span class='ocrx_word' id='word_1_168' title='bbox 1477 2269 1564 2330; x_wconf 93' lang='lat' dir='ltr'><strong>illius</strong></span> 
     </span>
     <span class='ocr_line' id='line_1_20' title="bbox 369 2352 1565 2433; baseline 0 -20"><span class='ocrx_word' id='word_1_169' title='bbox 369 2355 431 2415; x_wconf 88' lang='lat' dir='ltr'><strong>viri</strong></span> <span class='ocrx_word' id='word_1_170' title='bbox 443 2353 543 2427; x_wconf 89' lang='lat' dir='ltr'><strong>libris,</strong></span> <span class='ocrx_word' id='word_1_171' title='bbox 554 2353 646 2415; x_wconf 90' lang='lat' dir='ltr'><strong>nulla</strong></span> <span class='ocrx_word' id='word_1_172' title='bbox 656 2373 727 2414; x_wconf 91' lang='lat' dir='ltr'><strong>esse</strong></span> <span class='ocrx_word' id='word_1_173' title='bbox 737 2352 906 2414; x_wconf 92' lang='lat' dir='ltr'><strong>hominum</strong></span> <span class='ocrx_word' id='word_1_174' title='bbox 917 2355 1053 2415; x_wconf 89' lang='lat' dir='ltr'><strong>merita!</strong></span> <span class='ocrx_word' id='word_1_175' title='bbox 1096 2353 1286 2417; x_wconf 85' lang='lat' dir='ltr'><strong>Cuiusmodi</strong></span> <span class='ocrx_word' id='word_1_176' title='bbox 1301 2356 1328 2415; x_wconf 91' lang='lat' dir='ltr'><strong>si</strong></span> <span class='ocrx_word' id='word_1_177' title='bbox 1342 2353 1422 2433; x_wconf 94' lang='lat' dir='ltr'><strong>quid</strong></span> <span class='ocrx_word' id='word_1_178' title='bbox 1436 2354 1470 2413; x_wconf 93' lang='lat' dir='ltr'><strong>in</strong></span> <span class='ocrx_word' id='word_1_179' title='bbox 1484 2354 1565 2413; x_wconf 88' lang='lat' dir='ltr'><strong>meis</strong></span> 
     </span>
     <span class='ocr_line' id='line_1_21' title="bbox 368 2435 1565 2515; baseline -0.001 -18"><span class='ocrx_word' id='word_1_180' title='bbox 368 2437 632 2515; x_wconf 88' lang='lat' dir='ltr'><strong>deprehenditur,</strong></span> <span class='ocrx_word' id='word_1_181' title='bbox 655 2437 841 2498; x_wconf 82' lang='lat' dir='ltr'><strong>Luteranus</strong></span> <span class='ocrx_word' id='word_1_182' title='bbox 866 2457 948 2499; x_wconf 89' lang='lat' dir='ltr'><strong>sum.</strong></span> <span class='ocrx_word' id='word_1_183' title='bbox 992 2436 1126 2510; x_wconf 83' lang='lat' dir='ltr'><strong>Quoties</strong></span> <span class='ocrx_word' id='word_1_184' title='bbox 1148 2440 1256 2510; x_wconf 85' lang='lat' dir='ltr'><strong>iterat,</strong></span> <span class='ocrx_word' id='word_1_185' title='bbox 1277 2436 1461 2498; x_wconf 77' lang='lat' dir='ltr'><strong>infantibus</strong></span> <span class='ocrx_word' id='word_1_186' title='bbox 1483 2435 1565 2497; x_wconf 93' lang='lat' dir='ltr'><strong>nihil</strong></span> 
     </span>
     <span class='ocr_line' id='line_1_22' title="bbox 368 2520 1626 2600; baseline 0.003 -19"><span class='ocrx_word' id='word_1_187' title='bbox 368 2521 519 2599; x_wconf 90' lang='lat' dir='ltr'><strong>prodesse</strong></span> <span class='ocrx_word' id='word_1_188' title='bbox 537 2520 749 2600; x_wconf 88' lang='lat' dir='ltr'><strong>baptismum,</strong></span> <span class='ocrx_word' id='word_1_189' title='bbox 767 2521 830 2581; x_wconf 91' lang='lat' dir='ltr'><strong>nisi</strong></span> <span class='ocrx_word' id='word_1_190' title='bbox 849 2520 1025 2581; x_wconf 86' lang='lat' dir='ltr'><strong>comedant</strong></span> <span class='ocrx_word' id='word_1_191' title='bbox 1039 2540 1169 2581; x_wconf 89' lang='lat' dir='ltr'><strong>carnem</strong></span> <span class='ocrx_word' id='word_1_192' title='bbox 1183 2527 1218 2582; x_wconf 90' lang='lat' dir='ltr'><strong>et</strong></span> <span class='ocrx_word' id='word_1_193' title='bbox 1239 2522 1355 2583; x_wconf 88' lang='lat' dir='ltr'><strong>bibant</strong></span> <span class='ocrx_word' id='word_1_194' title='bbox 1373 2521 1565 2599; x_wconf 88' lang='lat' dir='ltr'><strong>sanguinem</strong></span> <span class='ocrx_word' id='word_1_195' title='bbox 1577 2536 1626 2585; x_wconf 81' lang='lat'><strong>215</strong></span> 
     </span>
     <span class='ocr_line' id='line_1_23' title="bbox 368 2603 1564 2685; baseline -0.002 -20"><span class='ocrx_word' id='word_1_196' title='bbox 368 2604 510 2665; x_wconf 91' lang='lat' dir='ltr'><strong>domini!</strong></span> <span class='ocrx_word' id='word_1_197' title='bbox 543 2603 676 2677; x_wconf 83' lang='lat' dir='ltr'><strong>Quoties</strong></span> <span class='ocrx_word' id='word_1_198' title='bbox 685 2603 804 2664; x_wconf 89' lang='lat' dir='ltr'><strong>tribuit</strong></span> <span class='ocrx_word' id='word_1_199' title='bbox 813 2603 912 2664; x_wconf 90' lang='lat' dir='ltr'><strong>Petro</strong></span> <span class='ocrx_word' id='word_1_200' title='bbox 920 2603 1145 2682; x_wconf 89' lang='lat' dir='ltr'><strong>apostolorum</strong></span> <span class='ocrx_word' id='word_1_201' title='bbox 1156 2606 1295 2685; x_wconf 90' lang='lat' dir='ltr'><strong>principi</strong></span> <span class='ocrx_word' id='word_1_202' title='bbox 1303 2604 1564 2684; x_wconf 88' lang='lat' dir='ltr'><strong>superstitiosam</strong></span> 
     </span>
     <span class='ocr_line' id='line_1_24' title="bbox 368 2686 1468 2767; baseline -0.001 -19"><span class='ocrx_word' id='word_1_203' title='bbox 368 2707 406 2748; x_wconf 90' lang='lat' dir='ltr'><strong>ac</strong></span> <span class='ocrx_word' id='word_1_204' title='bbox 422 2706 608 2767; x_wconf 88' lang='lat' dir='ltr'><strong>peruersam</strong></span> <span class='ocrx_word' id='word_1_205' title='bbox 623 2687 831 2748; x_wconf 89' lang='lat' dir='ltr'><strong>voluntatem</strong></span> <span class='ocrx_word' id='word_1_206' title='bbox 845 2686 1057 2766; x_wconf 91' lang='lat' dir='ltr'><strong>pertrahendi</strong></span> <span class='ocrx_word' id='word_1_207' title='bbox 1071 2694 1183 2765; x_wconf 84' lang='lat' dir='ltr'><strong>gentes</strong></span> <span class='ocrx_word' id='word_1_208' title='bbox 1198 2689 1232 2748; x_wconf 92' lang='lat' dir='ltr'><strong>in</strong></span> <span class='ocrx_word' id='word_1_209' title='bbox 1247 2687 1468 2749; x_wconf 86' lang='lat' dir='ltr'><strong>Iudaismum!</strong></span> 
     </span>
    </p>

    <p class='ocr_par' dir='ltr' id='par_1_3' title="bbox 368 2769 1628 3684">
     <span class='ocr_line' id='line_1_25' title="bbox 410 2769 1563 2850; baseline -0.002 -20"><span class='ocrx_word' id='word_1_210' title='bbox 410 2769 538 2831; x_wconf 88' lang='lat' dir='ltr'><strong>Omitto</strong></span> <span class='ocrx_word' id='word_1_211' title='bbox 551 2777 689 2832; x_wconf 88' lang='lat' dir='ltr'><strong>caetera.</strong></span> <span class='ocrx_word' id='word_1_212' title='bbox 733 2770 874 2831; x_wconf 90' lang='lat' dir='ltr'><strong>Proinde</strong></span> <span class='ocrx_word' id='word_1_213' title='bbox 891 2770 1016 2831; x_wconf 81' lang='lat' dir='ltr'><strong>frustra</strong></span> <span class='ocrx_word' id='word_1_214' title='bbox 1034 2776 1208 2850; x_wconf 90' lang='lat' dir='ltr'><strong>tantopere</strong></span> <span class='ocrx_word' id='word_1_215' title='bbox 1223 2772 1366 2832; x_wconf 89' lang='lat' dir='ltr'><strong>iactatur</strong></span> <span class='ocrx_word' id='word_1_216' title='bbox 1382 2771 1442 2831; x_wconf 91' lang='lat' dir='ltr'><strong>boc</strong></span> <span class='ocrx_word' id='word_1_217' title='bbox 1456 2788 1563 2829; x_wconf 84' lang='lat' dir='ltr'><strong>exem-</strong></span> 
     </span>
     <span class='ocr_line' id='line_1_26' title="bbox 368 2851 1564 2934; baseline -0.001 -20"><span class='ocrx_word' id='word_1_218' title='bbox 368 2853 460 2932; x_wconf 91' lang='lat' dir='ltr'><strong>plum</strong></span> <span class='ocrx_word' id='word_1_219' title='bbox 475 2854 660 2933; x_wconf 89' lang='lat' dir='ltr'><strong>Augustini.</strong></span> <span class='ocrx_word' id='word_1_220' title='bbox 704 2851 783 2927; x_wconf 81' lang='lat' dir='ltr'><strong>Quis</strong></span> <span class='ocrx_word' id='word_1_221' title='bbox 802 2855 906 2932; x_wconf 90' lang='lat' dir='ltr'><strong>magis</strong></span> <span class='ocrx_word' id='word_1_222' title='bbox 925 2856 1064 2934; x_wconf 91' lang='lat' dir='ltr'><strong>ingenue</strong></span> <span class='ocrx_word' id='word_1_223' title='bbox 1082 2856 1258 2933; x_wconf 90' lang='lat' dir='ltr'><strong>castigauit</strong></span> <span class='ocrx_word' id='word_1_224' title='bbox 1279 2873 1339 2915; x_wconf 89' lang='lat' dir='ltr'><strong>sua</strong></span> <span class='ocrx_word' id='word_1_225' title='bbox 1360 2872 1461 2932; x_wconf 93' lang='lat' dir='ltr'><strong>quam</strong></span> <span class='ocrx_word' id='word_1_226' title='bbox 1482 2858 1564 2931; x_wconf 78' lang='lat' dir='ltr'><strong>ego?</strong></span> 
     </span>
     <span class='ocr_line' id='line_1_27' title="bbox 368 2934 1628 3018; baseline -0.001 -20"><span class='ocrx_word' id='word_1_227' title='bbox 368 2934 502 3011; x_wconf 82' lang='lat' dir='ltr'><strong>Quoties</strong></span> <span class='ocrx_word' id='word_1_228' title='bbox 512 2938 684 3017; x_wconf 88' lang='lat' dir='ltr'><strong>recognoui</strong></span> <span class='ocrx_word' id='word_1_229' title='bbox 692 2957 766 2999; x_wconf 92' lang='lat' dir='ltr'><strong>mea</strong></span> <span class='ocrx_word' id='word_1_230' title='bbox 775 2936 969 3018; x_wconf 82' lang='lat' dir='ltr'><strong>prouerbial</strong></span> <span class='ocrx_word' id='word_1_231' title='bbox 1005 2936 1140 3012; x_wconf 86' lang='lat' dir='ltr'><strong>Quoties</strong></span> <span class='ocrx_word' id='word_1_232' title='bbox 1150 2937 1283 2999; x_wconf 91' lang='lat' dir='ltr'><strong>Nouum</strong></span> <span class='ocrx_word' id='word_1_233' title='bbox 1294 2937 1564 3000; x_wconf 71' lang='lat' dir='ltr'><strong>Testamentum?</strong></span> <span class='ocrx_word' id='word_1_234' title='bbox 1577 2952 1628 2989; x_wconf 85' lang='lat'><strong>220</strong></span> 
     </span>
     <span class='ocr_line' id='line_1_28' title="bbox 368 3019 1565 3102; baseline -0.003 -19"><span class='ocrx_word' id='word_1_235' title='bbox 368 3019 463 3094; x_wconf 81' lang='lat' dir='ltr'><strong>Quod</strong></span> <span class='ocrx_word' id='word_1_236' title='bbox 477 3041 560 3102; x_wconf 92' lang='lat' dir='ltr'><strong>opus</strong></span> <span class='ocrx_word' id='word_1_237' title='bbox 575 3041 705 3082; x_wconf 89' lang='lat' dir='ltr'><strong>rursum</strong></span> <span class='ocrx_word' id='word_1_238' title='bbox 719 3021 903 3094; x_wconf 83' lang='lat' dir='ltr'><strong>excuditur,</strong></span> <span class='ocrx_word' id='word_1_239' title='bbox 919 3022 953 3081; x_wconf 92' lang='lat' dir='ltr'><strong>in</strong></span> <span class='ocrx_word' id='word_1_240' title='bbox 963 3041 1030 3100; x_wconf 89' lang='lat' dir='ltr'><strong>quo</strong></span> <span class='ocrx_word' id='word_1_241' title='bbox 1040 3040 1107 3082; x_wconf 93' lang='lat' dir='ltr'><strong>non</strong></span> <span class='ocrx_word' id='word_1_242' title='bbox 1118 3023 1277 3101; x_wconf 84' lang='lat' dir='ltr'><strong>corrigam</strong></span> <span class='ocrx_word' id='word_1_243' title='bbox 1288 3021 1435 3100; x_wconf 78' lang='lat' dir='ltr'><strong>aliquid?</strong></span> <span class='ocrx_word' id='word_1_244' title='bbox 1472 3020 1565 3081; x_wconf 92' lang='lat' dir='ltr'><strong>Idem</strong></span> 
     </span>
     <span class='ocr_line' id='line_1_29' title="bbox 368 3104 1565 3184; baseline 0 -20"><span class='ocrx_word' id='word_1_245' title='bbox 368 3112 447 3165; x_wconf 85' lang='lat' dir='ltr'><strong>ante</strong></span> <span class='ocrx_word' id='word_1_246' title='bbox 461 3124 584 3166; x_wconf 91' lang='lat' dir='ltr'><strong>annum</strong></span> <span class='ocrx_word' id='word_1_247' title='bbox 599 3106 776 3184; x_wconf 89' lang='lat' dir='ltr'><strong>separatim</strong></span> <span class='ocrx_word' id='word_1_248' title='bbox 794 3106 894 3165; x_wconf 90' lang='lat' dir='ltr'><strong>etiam</strong></span> <span class='ocrx_word' id='word_1_249' title='bbox 909 3105 981 3177; x_wconf 88' lang='lat' dir='ltr'><strong>ieci,</strong></span> <span class='ocrx_word' id='word_1_250' title='bbox 996 3106 1188 3184; x_wconf 87' lang='lat' dir='ltr'><strong>praesertim</strong></span> <span class='ocrx_word' id='word_1_251' title='bbox 1203 3107 1238 3166; x_wconf 92' lang='lat' dir='ltr'><strong>in</strong></span> <span class='ocrx_word' id='word_1_252' title='bbox 1253 3105 1303 3166; x_wconf 91' lang='lat' dir='ltr'><strong>his</strong></span> <span class='ocrx_word' id='word_1_253' title='bbox 1318 3104 1470 3184; x_wconf 91' lang='lat' dir='ltr'><strong>operibus</strong></span> <span class='ocrx_word' id='word_1_254' title='bbox 1480 3123 1565 3182; x_wconf 88' lang='lat' dir='ltr'><strong>quae</strong></span> 
     </span>
     <span class='ocr_line' id='line_1_30' title="bbox 368 3187 1565 3268; baseline -0.001 -20"><span class='ocrx_word' id='word_1_255' title='bbox 368 3189 539 3250; x_wconf 89' lang='lat' dir='ltr'><strong>credebam</strong></span> <span class='ocrx_word' id='word_1_256' title='bbox 564 3208 617 3250; x_wconf 94' lang='lat' dir='ltr'><strong>me</strong></span> <span class='ocrx_word' id='word_1_257' title='bbox 640 3190 717 3248; x_wconf 90' lang='lat' dir='ltr'><strong>viuo</strong></span> <span class='ocrx_word' id='word_1_258' title='bbox 738 3207 805 3249; x_wconf 91' lang='lat' dir='ltr'><strong>non</strong></span> <span class='ocrx_word' id='word_1_259' title='bbox 825 3189 946 3249; x_wconf 89' lang='lat' dir='ltr'><strong>iterum</strong></span> <span class='ocrx_word' id='word_1_260' title='bbox 967 3187 1124 3250; x_wconf 89' lang='lat' dir='ltr'><strong>aedenda.</strong></span> <span class='ocrx_word' id='word_1_261' title='bbox 1168 3189 1287 3268; x_wconf 91' lang='lat' dir='ltr'><strong>Itaque</strong></span> <span class='ocrx_word' id='word_1_262' title='bbox 1308 3188 1398 3267; x_wconf 93' lang='lat' dir='ltr'><strong>quod</strong></span> <span class='ocrx_word' id='word_1_263' title='bbox 1422 3187 1565 3248; x_wconf 91' lang='lat' dir='ltr'><strong>hortaris</strong></span> 
     </span>
     <span class='ocr_line' id='line_1_31' title="bbox 368 3270 1565 3351; baseline 0 -21"><span class='ocrx_word' id='word_1_264' title='bbox 368 3271 458 3333; x_wconf 88' lang='lat' dir='ltr'><strong>vltro</strong></span> <span class='ocrx_word' id='word_1_265' title='bbox 482 3277 676 3344; x_wconf 87' lang='lat' dir='ltr'><strong>currentem,</strong></span> <span class='ocrx_word' id='word_1_266' title='bbox 700 3273 752 3332; x_wconf 87' lang='lat' dir='ltr'><strong>vir</strong></span> <span class='ocrx_word' id='word_1_267' title='bbox 776 3272 981 3345; x_wconf 89' lang='lat' dir='ltr'><strong>amicissime,</strong></span> <span class='ocrx_word' id='word_1_268' title='bbox 1010 3291 1070 3350; x_wconf 89' lang='lat' dir='ltr'><strong>pro</strong></span> <span class='ocrx_word' id='word_1_269' title='bbox 1097 3278 1157 3333; x_wconf 88' lang='lat' dir='ltr'><strong>tua</strong></span> <span class='ocrx_word' id='word_1_270' title='bbox 1185 3272 1317 3351; x_wconf 89' lang='lat' dir='ltr'><strong>quidem</strong></span> <span class='ocrx_word' id='word_1_271' title='bbox 1346 3270 1565 3332; x_wconf 90' lang='lat' dir='ltr'><strong>sollicitudine</strong></span> 
     </span>
     <span class='ocr_line' id='line_1_32' title="bbox 368 3354 1627 3435; baseline 0.002 -20"><span class='ocrx_word' id='word_1_272' title='bbox 368 3354 472 3415; x_wconf 88' lang='lat' dir='ltr'><strong>debeo</strong></span> <span class='ocrx_word' id='word_1_273' title='bbox 496 3357 655 3435; x_wconf 89' lang='lat' dir='ltr'><strong>gratiam;</strong></span> <span class='ocrx_word' id='word_1_274' title='bbox 686 3355 743 3415; x_wconf 91' lang='lat' dir='ltr'><strong>sed</strong></span> <span class='ocrx_word' id='word_1_275' title='bbox 771 3356 945 3417; x_wconf 88' lang='lat' dir='ltr'><strong>officiosius</strong></span> <span class='ocrx_word' id='word_1_276' title='bbox 972 3356 1104 3428; x_wconf 88' lang='lat' dir='ltr'><strong>iaceres,</strong></span> <span class='ocrx_word' id='word_1_277' title='bbox 1130 3357 1158 3415; x_wconf 91' lang='lat' dir='ltr'><strong>si</strong></span> <span class='ocrx_word' id='word_1_278' title='bbox 1183 3362 1457 3416; x_wconf 87' lang='lat' dir='ltr'><strong>commonstrares</strong></span> <span class='ocrx_word' id='word_1_279' title='bbox 1482 3371 1566 3432; x_wconf 88' lang='lat' dir='ltr'><strong>quae</strong></span> <span class='ocrx_word' id='word_1_280' title='bbox 1578 3368 1627 3417; x_wconf 84' lang='lat'><strong>225</strong></span> 
     </span>
     <span class='ocr_line' id='line_1_33' title="bbox 369 3437 1566 3518; baseline -0.001 -20"><span class='ocrx_word' id='word_1_281' title='bbox 369 3439 486 3499; x_wconf 91' lang='lat' dir='ltr'><strong>merito</strong></span> <span class='ocrx_word' id='word_1_282' title='bbox 510 3440 577 3499; x_wconf 90' lang='lat' dir='ltr'><strong>sint</strong></span> <span class='ocrx_word' id='word_1_283' title='bbox 601 3438 816 3500; x_wconf 91' lang='lat' dir='ltr'><strong>emendanda.</strong></span> <span class='ocrx_word' id='word_1_284' title='bbox 860 3438 947 3499; x_wconf 89' lang='lat' dir='ltr'><strong>Nam</strong></span> <span class='ocrx_word' id='word_1_285' title='bbox 972 3437 1149 3499; x_wconf 88' lang='lat' dir='ltr'><strong>haereseon</strong></span> <span class='ocrx_word' id='word_1_286' title='bbox 1169 3458 1380 3518; x_wconf 90' lang='lat' dir='ltr'><strong>errorumque</strong></span> <span class='ocrx_word' id='word_1_287' title='bbox 1401 3438 1566 3499; x_wconf 90' lang='lat' dir='ltr'><strong>mentione</strong></span> 
     </span>
     <span class='ocr_line' id='line_1_34' title="bbox 368 3521 1566 3600; baseline -0.001 -19"><span class='ocrx_word' id='word_1_288' title='bbox 368 3521 466 3600; x_wconf 88' lang='lat' dir='ltr'><strong>plena</strong></span> <span class='ocrx_word' id='word_1_289' title='bbox 489 3529 567 3582; x_wconf 91' lang='lat' dir='ltr'><strong>sunt</strong></span> <span class='ocrx_word' id='word_1_290' title='bbox 589 3523 709 3583; x_wconf 89' lang='lat' dir='ltr'><strong>omnia.</strong></span> <span class='ocrx_word' id='word_1_291' title='bbox 752 3521 829 3582; x_wconf 89' lang='lat' dir='ltr'><strong>Non</strong></span> <span class='ocrx_word' id='word_1_292' title='bbox 849 3521 967 3582; x_wconf 92' lang='lat' dir='ltr'><strong>dubito</strong></span> <span class='ocrx_word' id='word_1_293' title='bbox 987 3523 1068 3600; x_wconf 91' lang='lat' dir='ltr'><strong>quin</strong></span> <span class='ocrx_word' id='word_1_294' title='bbox 1090 3521 1152 3582; x_wconf 93' lang='lat' dir='ltr'><strong>tibi</strong></span> <span class='ocrx_word' id='word_1_295' title='bbox 1169 3523 1214 3582; x_wconf 91' lang='lat' dir='ltr'><strong>sit</strong></span> <span class='ocrx_word' id='word_1_296' title='bbox 1232 3523 1362 3583; x_wconf 90' lang='lat' dir='ltr'><strong>animus</strong></span> <span class='ocrx_word' id='word_1_297' title='bbox 1383 3522 1519 3600; x_wconf 87' lang='lat' dir='ltr'><strong>integer,</strong></span> <span class='ocrx_word' id='word_1_298' title='bbox 1537 3521 1566 3581; x_wconf 88' lang='lat' dir='ltr'><strong>si</strong></span> 
     </span>
     <span class='ocr_line' id='line_1_35' title="bbox 368 3604 871 3684; baseline 0 -18"><span class='ocrx_word' id='word_1_299' title='bbox 368 3604 467 3666; x_wconf 94' lang='lat' dir='ltr'><strong>modo</strong></span> <span class='ocrx_word' id='word_1_300' title='bbox 481 3612 616 3666; x_wconf 86' lang='lat' dir='ltr'><strong>vacaret</strong></span> <span class='ocrx_word' id='word_1_301' title='bbox 629 3612 743 3666; x_wconf 90' lang='lat' dir='ltr'><strong>nostra</strong></span> <span class='ocrx_word' id='word_1_302' title='bbox 757 3604 871 3684; x_wconf 91' lang='lat' dir='ltr'><strong>legere.</strong></span> 
     </span>
    </p>

    <p class='ocr_par' dir='ltr' id='par_1_4' title="bbox 367 3686 1628 4501">
     <span class='ocr_line' id='line_1_36' title="bbox 410 3686 1564 3768; baseline -0.002 -19"><span class='ocrx_word' id='word_1_303' title='bbox 410 3688 455 3749; x_wconf 85' lang='lat' dir='ltr'><strong>Vt</strong></span> <span class='ocrx_word' id='word_1_304' title='bbox 477 3688 607 3750; x_wconf 84' lang='lat' dir='ltr'><strong>redeam</strong></span> <span class='ocrx_word' id='word_1_305' title='bbox 629 3689 672 3750; x_wconf 90' lang='lat' dir='ltr'><strong>ad</strong></span> <span class='ocrx_word' id='word_1_306' title='bbox 692 3687 840 3761; x_wconf 86' lang='lat' dir='ltr'><strong>Graecos,</strong></span> <span class='ocrx_word' id='word_1_307' title='bbox 861 3688 889 3749; x_wconf 92' lang='lat' dir='ltr'><strong>si</strong></span> <span class='ocrx_word' id='word_1_308' title='bbox 907 3687 969 3748; x_wconf 92' lang='lat' dir='ltr'><strong>tibi</strong></span> <span class='ocrx_word' id='word_1_309' title='bbox 983 3706 1050 3747; x_wconf 92' lang='lat' dir='ltr'><strong>non</strong></span> <span class='ocrx_word' id='word_1_310' title='bbox 1064 3694 1117 3748; x_wconf 91' lang='lat' dir='ltr'><strong>est</strong></span> <span class='ocrx_word' id='word_1_311' title='bbox 1131 3689 1183 3749; x_wconf 92' lang='lat' dir='ltr'><strong>cui</strong></span> <span class='ocrx_word' id='word_1_312' title='bbox 1198 3693 1258 3749; x_wconf 89' lang='lat' dir='ltr'><strong>tua</strong></span> <span class='ocrx_word' id='word_1_313' title='bbox 1271 3688 1429 3768; x_wconf 89' lang='lat' dir='ltr'><strong>praebeas</strong></span> <span class='ocrx_word' id='word_1_314' title='bbox 1443 3686 1564 3748; x_wconf 88' lang='lat' dir='ltr'><strong>exami-</strong></span> 
     </span>
     <span class='ocr_line' id='line_1_37' title="bbox 368 3770 1628 3850; baseline 0.001 -19"><span class='ocrx_word' id='word_1_315' title='bbox 368 3772 488 3844; x_wconf 89' lang='lat' dir='ltr'><strong>nanda,</strong></span> <span class='ocrx_word' id='word_1_316' title='bbox 503 3778 653 3850; x_wconf 90' lang='lat' dir='ltr'><strong>superest</strong></span> <span class='ocrx_word' id='word_1_317' title='bbox 667 3771 728 3832; x_wconf 91' lang='lat' dir='ltr'><strong>hoc</strong></span> <span class='ocrx_word' id='word_1_318' title='bbox 742 3772 986 3832; x_wconf 85' lang='lat' dir='ltr'><strong>exercitationis</strong></span> <span class='ocrx_word' id='word_1_319' title='bbox 1000 3790 1120 3850; x_wconf 88' lang='lat' dir='ltr'><strong>genua:</strong></span> <span class='ocrx_word' id='word_1_320' title='bbox 1143 3777 1236 3832; x_wconf 87' lang='lat' dir='ltr'><strong>verte</strong></span> <span class='ocrx_word' id='word_1_321' title='bbox 1250 3771 1407 3850; x_wconf 88' lang='lat' dir='ltr'><strong>quiddam</strong></span> <span class='ocrx_word' id='word_1_322' title='bbox 1427 3791 1448 3832; x_wconf 89' lang='lat' dir='ltr'><strong>a</strong></span> <span class='ocrx_word' id='word_1_323' title='bbox 1466 3770 1566 3831; x_wconf 89' lang='lat' dir='ltr'><strong>docto</strong></span> <span class='ocrx_word' id='word_1_324' title='bbox 1578 3783 1628 3832; x_wconf 84' lang='lat'><strong>2³0</strong></span> 
     </span>
     <span class='ocr_line' id='line_1_38' title="bbox 368 3854 1565 3935; baseline -0.002 -20"><span class='ocrx_word' id='word_1_325' title='bbox 368 3857 523 3935; x_wconf 91' lang='lat' dir='ltr'><strong>quopiam</strong></span> <span class='ocrx_word' id='word_1_326' title='bbox 539 3874 680 3928; x_wconf 90' lang='lat' dir='ltr'><strong>versum,</strong></span> <span class='ocrx_word' id='word_1_327' title='bbox 695 3855 753 3916; x_wconf 90' lang='lat' dir='ltr'><strong>sed</strong></span> <span class='ocrx_word' id='word_1_328' title='bbox 766 3854 853 3915; x_wconf 91' lang='lat' dir='ltr'><strong>illius</strong></span> <span class='ocrx_word' id='word_1_329' title='bbox 868 3856 1016 3916; x_wconf 91' lang='lat' dir='ltr'><strong>versione</strong></span> <span class='ocrx_word' id='word_1_330' title='bbox 1031 3873 1098 3915; x_wconf 90' lang='lat' dir='ltr'><strong>non</strong></span> <span class='ocrx_word' id='word_1_331' title='bbox 1109 3856 1274 3935; x_wconf 89' lang='lat' dir='ltr'><strong>inspecta:</strong></span> <span class='ocrx_word' id='word_1_332' title='bbox 1290 3855 1347 3916; x_wconf 88' lang='lat' dir='ltr'><strong>vbi</strong></span> <span class='ocrx_word' id='word_1_333' title='bbox 1361 3854 1565 3933; x_wconf 88' lang='lat' dir='ltr'><strong>praestiteris</strong></span> 
     </span>
     <span class='ocr_line' id='line_1_39' title="bbox 368 3936 1564 4019; baseline -0.002 -20"><span class='ocrx_word' id='word_1_334' title='bbox 368 3938 458 4017; x_wconf 94' lang='lat' dir='ltr'><strong>quod</strong></span> <span class='ocrx_word' id='word_1_335' title='bbox 482 3945 588 4019; x_wconf 90' lang='lat' dir='ltr'><strong>potes,</strong></span> <span class='ocrx_word' id='word_1_336' title='bbox 610 3946 683 3999; x_wconf 94' lang='lat' dir='ltr'><strong>tum</strong></span> <span class='ocrx_word' id='word_1_337' title='bbox 709 3938 820 3999; x_wconf 85' lang='lat' dir='ltr'><strong>confer</strong></span> <span class='ocrx_word' id='word_1_338' title='bbox 849 3939 1020 4017; x_wconf 89' lang='lat' dir='ltr'><strong>vtriusque</strong></span> <span class='ocrx_word' id='word_1_339' title='bbox 1042 3937 1294 3999; x_wconf 87' lang='lat' dir='ltr'><strong>translationem</strong></span> <span class='ocrx_word' id='word_1_340' title='bbox 1316 3957 1391 3999; x_wconf 90' lang='lat' dir='ltr'><strong>eum</strong></span> <span class='ocrx_word' id='word_1_341' title='bbox 1413 3936 1564 4010; x_wconf 86' lang='lat' dir='ltr'><strong>Graecis;</strong></span> 
     </span>
     <span class='ocr_line' id='line_1_40' title="bbox 368 4020 1565 4101; baseline -0.001 -19"><span class='ocrx_word' id='word_1_342' title='bbox 368 4023 487 4083; x_wconf 89' lang='lat' dir='ltr'><strong>senties</strong></span> <span class='ocrx_word' id='word_1_343' title='bbox 516 4022 592 4082; x_wconf 89' lang='lat' dir='ltr'><strong>hinc</strong></span> <span class='ocrx_word' id='word_1_344' title='bbox 621 4022 767 4083; x_wconf 82' lang='lat' dir='ltr'><strong>fructum</strong></span> <span class='ocrx_word' id='word_1_345' title='bbox 795 4020 886 4082; x_wconf 89' lang='lat' dir='ltr'><strong>haud</strong></span> <span class='ocrx_word' id='word_1_346' title='bbox 916 4021 1160 4101; x_wconf 90' lang='lat' dir='ltr'><strong>poenitendum.</strong></span> <span class='ocrx_word' id='word_1_347' title='bbox 1218 4021 1370 4083; x_wconf 86' lang='lat' dir='ltr'><strong>Arbitror</strong></span> <span class='ocrx_word' id='word_1_348' title='bbox 1405 4020 1565 4082; x_wconf 88' lang='lat' dir='ltr'><strong>Graecum</strong></span> 
     </span>
     <span class='ocr_line' id='line_1_41' title="bbox 368 4103 1566 4185; baseline -0.002 -19"><span class='ocrx_word' id='word_1_349' title='bbox 368 4104 639 4183; x_wconf 85' lang='lat' dir='ltr'><strong>Chrysostomum</strong></span> <span class='ocrx_word' id='word_1_350' title='bbox 655 4107 721 4165; x_wconf 90' lang='lat' dir='ltr'><strong>iam</strong></span> <span class='ocrx_word' id='word_1_351' title='bbox 740 4104 887 4185; x_wconf 91' lang='lat' dir='ltr'><strong>prodisse</strong></span> <span class='ocrx_word' id='word_1_352' title='bbox 905 4124 946 4166; x_wconf 84' lang='lat' dir='ltr'><strong>ex</strong></span> <span class='ocrx_word' id='word_1_353' title='bbox 969 4105 1098 4166; x_wconf 88' lang='lat' dir='ltr'><strong>officina</strong></span> <span class='ocrx_word' id='word_1_354' title='bbox 1114 4104 1302 4165; x_wconf 91' lang='lat' dir='ltr'><strong>Veronensi.</strong></span> <span class='ocrx_word' id='word_1_355' title='bbox 1345 4104 1386 4165; x_wconf 91' lang='lat' dir='ltr'><strong>In</strong></span> <span class='ocrx_word' id='word_1_356' title='bbox 1407 4103 1566 4165; x_wconf 87' lang='lat' dir='ltr'><strong>vertendo</strong></span> 
     </span>
     <span class='ocr_line' id='line_1_42' title="bbox 368 4186 1627 4268; baseline 0.001 -20"><span class='ocrx_word' id='word_1_357' title='bbox 368 4190 576 4268; x_wconf 87' lang='lat' dir='ltr'><strong>praecipuam</strong></span> <span class='ocrx_word' id='word_1_358' title='bbox 602 4188 732 4250; x_wconf 90' lang='lat' dir='ltr'><strong>laudem</strong></span> <span class='ocrx_word' id='word_1_359' title='bbox 756 4189 885 4249; x_wconf 89' lang='lat' dir='ltr'><strong>obtinet</strong></span> <span class='ocrx_word' id='word_1_360' title='bbox 909 4187 1100 4249; x_wconf 91' lang='lat' dir='ltr'><strong>Theodorus</strong></span> <span class='ocrx_word' id='word_1_361' title='bbox 1125 4187 1222 4249; x_wconf 85' lang='lat' dir='ltr'><strong>Gaza.</strong></span> <span class='ocrx_word' id='word_1_362' title='bbox 1265 4186 1420 4249; x_wconf 85' lang='lat' dir='ltr'><strong>Summus</strong></span> <span class='ocrx_word' id='word_1_363' title='bbox 1444 4187 1565 4248; x_wconf 84' lang='lat' dir='ltr'><strong>artifex</strong></span> <span class='ocrx_word' id='word_1_364' title='bbox 1578 4199 1627 4249; x_wconf 82' lang='lat'><strong>²35</strong></span> 
     </span>
     <span class='ocr_line' id='line_1_43' title="bbox 368 4269 1565 4351; baseline -0.001 -19"><span class='ocrx_word' id='word_1_365' title='bbox 368 4279 420 4332; x_wconf 92' lang='lat' dir='ltr'><strong>est</strong></span> <span class='ocrx_word' id='word_1_366' title='bbox 434 4271 576 4351; x_wconf 87' lang='lat' dir='ltr'><strong>Angelus</strong></span> <span class='ocrx_word' id='word_1_367' title='bbox 592 4272 784 4333; x_wconf 86' lang='lat' dir='ltr'><strong>Politianus.</strong></span> <span class='ocrx_word' id='word_1_368' title='bbox 829 4270 910 4332; x_wconf 90' lang='lat' dir='ltr'><strong>Mihi</strong></span> <span class='ocrx_word' id='word_1_369' title='bbox 930 4272 965 4331; x_wconf 94' lang='lat' dir='ltr'><strong>in</strong></span> <span class='ocrx_word' id='word_1_370' title='bbox 985 4272 1147 4333; x_wconf 89' lang='lat' dir='ltr'><strong>vertendo</strong></span> <span class='ocrx_word' id='word_1_371' title='bbox 1168 4291 1296 4351; x_wconf 90' lang='lat' dir='ltr'><strong>semper</strong></span> <span class='ocrx_word' id='word_1_372' title='bbox 1316 4271 1442 4351; x_wconf 86' lang='lat' dir='ltr'><strong>placuit</strong></span> <span class='ocrx_word' id='word_1_373' title='bbox 1461 4269 1565 4331; x_wconf 89' lang='lat' dir='ltr'><strong>fidelis</strong></span> 
     </span>
     <span class='ocr_line' id='line_1_44' title="bbox 367 4354 1565 4435; baseline -0.001 -20"><span class='ocrx_word' id='word_1_374' title='bbox 367 4362 402 4415; x_wconf 91' lang='lat' dir='ltr'><strong>et</strong></span> <span class='ocrx_word' id='word_1_375' title='bbox 416 4355 546 4416; x_wconf 90' lang='lat' dir='ltr'><strong>erudita</strong></span> <span class='ocrx_word' id='word_1_376' title='bbox 561 4356 762 4434; x_wconf 88' lang='lat' dir='ltr'><strong>simplicitas,</strong></span> <span class='ocrx_word' id='word_1_377' title='bbox 777 4356 969 4432; x_wconf 87' lang='lat' dir='ltr'><strong>praesertim</strong></span> <span class='ocrx_word' id='word_1_378' title='bbox 987 4356 1022 4415; x_wconf 91' lang='lat' dir='ltr'><strong>in</strong></span> <span class='ocrx_word' id='word_1_379' title='bbox 1041 4354 1278 4435; x_wconf 91' lang='lat' dir='ltr'><strong>hagiographis.</strong></span> <span class='ocrx_word' id='word_1_380' title='bbox 1321 4355 1474 4417; x_wconf 90' lang='lat' dir='ltr'><strong>Budaeus</strong></span> <span class='ocrx_word' id='word_1_381' title='bbox 1488 4354 1565 4414; x_wconf 85' lang='lat' dir='ltr'><strong>rici·</strong></span> 
     </span>
     <span class='ocr_line' id='line_1_45' title="bbox 367 4439 693 4501; baseline 0.003 -2"><span class='ocrx_word' id='word_1_382' title='bbox 367 4440 440 4500; x_wconf 91' lang='lat' dir='ltr'><strong>nior</strong></span> <span class='ocrx_word' id='word_1_383' title='bbox 453 4444 505 4499; x_wconf 92' lang='lat' dir='ltr'><strong>est</strong></span> <span class='ocrx_word' id='word_1_384' title='bbox 520 4439 693 4501; x_wconf 89' lang='lat' dir='ltr'><strong>Politian0.</strong></span> 
     </span>
    </p>
   </div>
   <div class='ocr_carea' id='block_1_3' title="bbox 554 4562 1380 4629">
    <p class='ocr_par' dir='ltr' id='par_1_5' title="bbox 554 4562 1380 4629">
     <span class='ocr_line' id='line_1_46' title="bbox 554 4562 1380 4629; baseline 0.001 -17"><span class='ocrx_word' id='word_1_385' title='bbox 554 4566 610 4623; x_wconf 86' lang='lat'>196.</span> <span class='ocrx_word' id='word_1_386' title='bbox 629 4565 674 4614; x_wconf 91' lang='lat' dir='ltr'><strong>cui</strong></span> <span class='ocrx_word' id='word_1_387' title='bbox 686 4564 789 4615; x_wconf 86' lang='lat' dir='ltr'><strong>titulus</strong></span> <span class='ocrx_word' id='word_1_388' title='bbox 799 4562 822 4614; x_wconf 83' lang='lat'><strong>,1</strong></span> <span class='ocrx_word' id='word_1_389' title='bbox 829 4582 836 4614; x_wconf 76' lang='grc' dir='ltr'><strong>ε</strong></span> <span class='ocrx_word' id='word_1_390' title='bbox 854 4580 907 4615; x_wconf 85' lang='lat' dir='ltr'><strong>om.</strong></span> <span class='ocrx_word' id='word_1_391' title='bbox 920 4583 945 4614; x_wconf 80' lang='grc' dir='ltr'><strong>α.</strong></span> <span class='ocrx_word' id='word_1_392' title='bbox 1032 4578 1090 4629; x_wconf 87' lang='grc'><strong>224.</strong></span> <span class='ocrx_word' id='word_1_393' title='bbox 1108 4564 1223 4629; x_wconf 90' lang='lat' dir='ltr'><strong>quidem</strong></span> <span class='ocrx_word' id='word_1_394' title='bbox 1234 4564 1271 4614; x_wconf 85' lang='lat' dir='ltr'><strong>J:</strong></span> <span class='ocrx_word' id='word_1_395' title='bbox 1289 4580 1342 4615; x_wconf 85' lang='lat' dir='ltr'><strong>om.</strong></span> <span class='ocrx_word' id='word_1_396' title='bbox 1355 4583 1380 4613; x_wconf 84' lang='lat' dir='ltr'><strong>u.</strong></span> 
     </span>
    </p>
   </div>
   <div class='ocr_carea' id='block_1_4' title="bbox 369 4730 1566 5021">
    <p class='ocr_par' dir='ltr' id='par_1_6' title="bbox 369 4730 1566 5021">
     <span class='ocr_line' id='line_1_47' title="bbox 401 4730 1566 4796; baseline -0.002 -14"><span class='ocrx_word' id='word_1_397' title='bbox 401 4746 460 4795; x_wconf 85' lang='lat'><strong>203.</strong></span> <span class='ocrx_word' id='word_1_398' title='bbox 479 4731 632 4796; x_wconf 82' lang='lat' dir='ltr'><strong>Augustini</strong></span> <span class='ocrx_word' id='word_1_399' title='bbox 646 4730 873 4792; x_wconf 80' lang='lat' dir='ltr'><strong>retractationes]</strong></span> <span class='ocrx_word' id='word_1_400' title='bbox 889 4730 941 4782; x_wconf 79' lang='lat' dir='ltr'><strong>See</strong></span> <span class='ocrx_word' id='word_1_401' title='bbox 991 4730 1111 4790; x_wconf 82' lang='lat' dir='ltr'><strong>(liberti,</strong></span> <span class='ocrx_word' id='word_1_402' title='bbox 1128 4731 1179 4782; x_wconf 89' lang='lat' dir='ltr'><strong>the</strong></span> <span class='ocrx_word' id='word_1_403' title='bbox 1196 4731 1260 4782; x_wconf 88' lang='lat' dir='ltr'><strong>ilrat</strong></span> <span class='ocrx_word' id='word_1_404' title='bbox 1282 4731 1364 4781; x_wconf 89' lang='lat' dir='ltr'><strong>three</strong></span> <span class='ocrx_word' id='word_1_405' title='bbox 1385 4730 1514 4780; x_wconf 75' lang='lat' dir='ltr'><strong>volume·</strong></span> <span class='ocrx_word' id='word_1_406' title='bbox 1535 4730 1566 4780; x_wconf 79' lang='lat' dir='ltr'><strong>of</strong></span> 
     </span>
     <span class='ocr_line' id='line_1_48' title="bbox 369 4797 1566 4864; baseline -0.001 -16"><span class='ocrx_word' id='word_1_407' title='bbox 369 4800 424 4864; x_wconf 87' lang='lat' dir='ltr'><strong>Ep.</strong></span> <span class='ocrx_word' id='word_1_408' title='bbox 437 4813 511 4864; x_wconf 88' lang='grc'><strong>2424.</strong></span> <span class='ocrx_word' id='word_1_409' title='bbox 526 4812 604 4863; x_wconf 78' lang='lat'>34211.</span> <span class='ocrx_word' id='word_1_410' title='bbox 991 4797 1083 4847; x_wconf 82' lang='lat' dir='ltr'><strong>which</strong></span> <span class='ocrx_word' id='word_1_411' title='bbox 1101 4798 1246 4863; x_wconf 86' lang='lat' dir='ltr'><strong>appeared</strong></span> <span class='ocrx_word' id='word_1_412' title='bbox 1265 4798 1295 4848; x_wconf 90' lang='lat' dir='ltr'><strong>in</strong></span> <span class='ocrx_word' id='word_1_413' title='bbox 1314 4798 1391 4849; x_wconf 88' lang='lat' dir='ltr'><strong>June</strong></span> <span class='ocrx_word' id='word_1_414' title='bbox 1416 4810 1496 4860; x_wconf 77' lang='lat'>15293</span> <span class='ocrx_word' id='word_1_415' title='bbox 1518 4812 1566 4848; x_wconf 79' lang='lat' dir='ltr'><strong>aea</strong></span> 
     </span>
     <span class='ocr_line' id='line_1_49' title="bbox 402 4864 1193 4928; baseline -0.003 -12"><span class='ocrx_word' id='word_1_416' title='bbox 402 4880 460 4916; x_wconf 85' lang='lat'>222.</span> <span class='ocrx_word' id='word_1_417' title='bbox 478 4865 543 4926; x_wconf 86' lang='lat' dir='ltr'><strong>ieci]</strong></span> <span class='ocrx_word' id='word_1_418' title='bbox 555 4866 584 4915; x_wconf 89' lang='lat' dir='ltr'><strong>in</strong></span> <span class='ocrx_word' id='word_1_419' title='bbox 596 4865 646 4914; x_wconf 92' lang='lat' dir='ltr'><strong>the</strong></span> <span class='ocrx_word' id='word_1_420' title='bbox 658 4864 730 4914; x_wconf 75' lang='lat' dir='ltr'><strong>Low</strong></span> <span class='ocrx_word' id='word_1_421' title='bbox 740 4864 883 4928; x_wconf 77' lang='lat' dir='ltr'><strong>quaedem,</strong></span> <span class='ocrx_word' id='word_1_422' title='bbox 895 4880 941 4915; x_wconf 89' lang='lat' dir='ltr'><strong>see</strong></span> <span class='ocrx_word' id='word_1_423' title='bbox 992 4864 1047 4928; x_wconf 84' lang='lat' dir='ltr'><strong>Ep.</strong></span> <span class='ocrx_word' id='word_1_424' title='bbox 1059 4878 1135 4928; x_wconf 83' lang='lat'><strong>2340.</strong></span> <span class='ocrx_word' id='word_1_425' title='bbox 1147 4879 1193 4914; x_wconf 78' lang='lat' dir='ltr'><strong>an.</strong></span> 
     </span>
     <span class='ocr_line' id='line_1_50' title="bbox 369 4931 1566 5021; baseline -0.001 -39"><span class='ocrx_word' id='word_1_426' title='bbox 369 4933 386 4983; x_wconf 92' lang='lat' dir='ltr'><strong>l.</strong></span> <span class='ocrx_word' id='word_1_427' title='bbox 403 4937 509 4995; x_wconf 81' lang='lat'>1⁶5·70·</span> <span class='ocrx_word' id='word_1_428' title='bbox 1025 4944 1083 5021; x_wconf 53' lang='lat'><strong>²3⁵?</strong></span> <span class='ocrx_word' id='word_1_429' title='bbox 1101 4931 1188 4992; x_wconf 73' lang='lat' dir='ltr'><strong>Gara]</strong></span> <span class='ocrx_word' id='word_1_430' title='bbox 1200 4931 1336 5010; x_wconf 49' lang='lat' dir='ltr'><strong>§memus</strong></span> <span class='ocrx_word' id='word_1_431' title='bbox 1349 4931 1373 4981; x_wconf 85' lang='lat' dir='ltr'><strong>ia</strong></span> <span class='ocrx_word' id='word_1_432' title='bbox 1386 4931 1566 5011; x_wconf 60' lang='lat' dir='ltr'><strong>referringtp</strong></span> 
     </span>
    </p>
   </div>
   <div class='ocr_carea' id='block_1_5' title="bbox 0 0 2026 5900">
    <p class='ocr_par' dir='ltr' id='par_1_7' title="bbox 0 0 2026 5900">
     <span class='ocr_line' id='line_1_51' title="bbox 0 0 2026 5900; baseline 0 0"><span class='ocrx_word' id='word_1_433' title='bbox 0 0 2026 5900; x_wconf 95' lang='lat' dir='ltr'><strong> </strong></span> 
     </span>
    </p>
   </div>
  </div>
 </body>
</html>
