4042 5900
386 671 481 749 2526]
763 670 819 733 ro
841 670 1072 733 uscmnuo
1094 669 1205 734 Pons
1520 673 1582 734 sco

427 827 551 908 Opinor
565 828 750 903 leonicum,
762 831 870 891 virum
885 831 1058 910 optimum,
1073 831 1140 891 iam
1155 828 1322 909 reliquisse
1337 835 1452 891 terras.
1495 829 1582 891 Nam

386 919 464 974 ante
493 932 620 974 menses
648 912 750 974 ferme
779 919 932 992 quatuor,
958 913 1093 993 quidam
1122 912 1263 974 Patauio
1291 913 1419 974 rediens
1447 914 1582 974 nuncia-

388 997 447 1057 bat
462 996 554 1056 illum
569 995 603 1056 id
617 998 774 1076 temporis
793 997 995 1070 decubuisse,
1010 996 1261 1076 desperantibus
1280 996 1422 1058 medicis.
1466 996 1585 1057 Precor
1597 1021 1631 1059 πο

388 1086 427 1140 vt
441 1099 499 1158 per
513 1080 645 1141 Domini
661 1079 915 1142 misericordiam
931 1080 1014 1141 bene
1029 1081 1073 1140 sit
1090 1079 1178 1141 illius
1195 1080 1355 1141 manibus.
1398 1080 1531 1159 Accipio
1550 1085 1585 1141 et

388 1163 569 1241 Lupsetum
585 1169 735 1225 nostrum
750 1164 784 1224 in
798 1164 965 1224 meliorem
976 1165 1082 1224 vitam
1093 1163 1299 1242 demigrasse.
1343 1162 1424 1223 Mihi
1438 1181 1585 1224 summae

388 1246 555 1326 voluptati
569 1246 644 1320 fuit,
656 1246 746 1325 quod
759 1265 800 1307 cx
815 1245 966 1326 Grynaeo
980 1248 1118 1326 cognoui
1132 1252 1166 1307 te
1181 1248 1255 1308 istic
1269 1253 1304 1308 et
1318 1253 1405 1307 recte
1419 1245 1538 1319 valere,
1550 1252 1586 1306 et

388 1332 422 1391 in
437 1349 476 1390 ea
491 1348 560 1390 esse
574 1330 745 1409 dignitate,
757 1349 866 1408 quam,
879 1337 1010 1410 praeter
1024 1332 1201 1410 imaginum
1217 1329 1412 1402 claritatem,
1427 1335 1462 1390 et
1476 1329 1584 1409 probi·

389 1420 442 1474 tas
456 1415 521 1473 ista
535 1420 689 1486 meretur,
705 1420 740 1475 et
753 1413 903 1474 eruditio.
947 1414 1111 1474 Futurum
1125 1419 1238 1474 tamen
1252 1419 1304 1474 est
1317 1413 1424 1475 multo
1440 1414 1584 1492 gratissi·
1598 1437 1630 1485 25

389 1515 489 1568 mum,
505 1498 533 1558 si
546 1516 588 1557 ex
603 1498 669 1557 tuis
684 1495 787 1558 literis
802 1496 930 1576 plenius
944 1496 985 1558 de
1000 1503 1093 1558 statu
1110 1516 1219 1558 rerum
1239 1503 1373 1558 tuarum
1392 1515 1584 1575 cognouere.

431 1580 520 1640 Bene
546 1579 629 1642 vale.
663 1579 814 1660 Friburgi
843 1579 1009 1660 Brisgoiae
1037 1580 1195 1660 postridie
1221 1579 1465 1660 Barptolemaei
1489 1579 1587 1640 Anno

390 1680 559 1725 unrsxxl.

623 1916 829 2004 an2527w
875 1916 982 1982 Fron
997 1916 1173 1983 Essem
1189 1915 1338 1984 Souris.

430 2052 523 2108 Basle
535 2051 610 2118 MS,
626 2052 730 2109 Scheti
742 2052 902 2125 Epistolae
915 2067 962 2123 27.
1299 2130 1317 2184 8
1330 2054 1494 2184 pntwqrp.

1280 2145 1297 2184 2
1358 2145 1437 2200 ugus
1468 2142 1550 2196 1531.

646 2247 704 2308 [An
715 2247 834 2313 original
845 2246 939 2308 letter,
951 2248 1113 2314 autogrspb
1123 2247 1322 2314 throughout]

973 2352 1001 2406 4-

434 2444 466 2507 S.
483 2446 518 2507 P.
562 2446 684 2507 Vltime
699 2447 812 2527 scripsi
832 2447 903 2520 tibi,
917 2466 976 2527 my
989 2446 1120 2509 domine
1139 2455 1174 2509 et
1193 2447 1297 2509 amice
1316 2445 1514 2519 charissime,
1530 2444 1591 2504 xii·

393 2531 514 2590 mensis
533 2529 618 2590 Iulii.
662 2530 775 2590 Direxi
794 2530 966 2610 epistolam
986 2531 1031 2592 ad
1048 2529 1246 2593 Frobenium
1261 2529 1397 2591 Basilee.
1440 2527 1542 2608 Spero
1556 2534 1590 2589 te

393 2613 439 2673 sic
462 2612 579 2674 melius
603 2613 701 2674 solito
726 2622 948 2694 accepturum.
992 2613 1132 2676 Iamiam
1155 2614 1266 2693 accepi
1288 2620 1382 2675 tuam
1405 2612 1589 2692 epistolam,

394 2715 493 2775 quem
509 2696 593 2757 xvii·
607 2695 695 2757 illius
709 2699 830 2758 mensis
844 2696 887 2758 ad
902 2717 954 2758 me
968 2696 1098 2759 dedisti.

436 2779 554 2840 Petrus
569 2779 723 2859 Aegidius
737 2780 828 2841 aliud
842 2782 973 2861 scripsit
986 2799 1087 2859 quam
1104 2781 1200 2842 fecit:
1223 2799 1301 2841 nam
1316 2799 1419 2858 vsque
1438 2796 1526 2840 nunc
1544 2776 1591 2837 nil
1605 2799 1620 2849 5

395 2864 500 2943 recepi
514 2870 625 2942 preter
640 2863 727 2926 bona
742 2863 852 2925 verba.
896 2863 1002 2925 Vicies
1016 2863 1182 2944 pollicitus
1196 2870 1247 2925 est
1262 2883 1296 2924 se
1307 2865 1483 2924 missurum
1495 2880 1591 2941 pecu·

394 2947 493 3020 niam,
516 2967 631 3008 verum
653 2946 701 3008 nil
726 2946 966 3027 subsequutum
988 2955 1049 3010 est.
1093 2947 1169 3010 Non
1189 2946 1353 3028 grauabor
1374 2947 1440 3008 iam
1462 2951 1592 3026 egomet

394 3031 484 3092 adire
499 3031 673 3092 hominem.

436 3115 488 3174 Ex
502 3115 621 3194 Anglia
635 3116 736 3176 etiam
750 3114 797 3175 nil
812 3116 922 3176 rescio.
965 3114 1039 3176 Scio
1053 3122 1167 3177 tamen
1186 3115 1243 3176 vbi
1262 3120 1472 3176 numeratum
1492 3112 1593 3173 fuerit

395 3198 474 3276 quid
488 3197 643 3271 Castrico,
655 3198 744 3278 quod
759 3217 836 3259 mox
851 3198 1057 3260 indicaturus
1071 3200 1124 3272 sit,
1136 3204 1171 3260 et
1181 3204 1439 3278 permutatums.
1482 3194 1517 3258 Si
1531 3195 1593 3257 tibi
1608 3218 1639 3255 ιο

395 3282 593 3342 redemerint
606 3282 705 3361 Angli
714 3300 788 3343 earu
802 3283 1001 3362 pensionem,
1013 3281 1232 3355 ditesceberis,
1244 3287 1279 3343 et
1292 3301 1313 3343 a
1328 3301 1407 3342 cura
1420 3279 1594 3341 solutionis

395 3384 504 3426 annue
518 3364 809 3444 disaggrauaberis.

438 3449 539 3510 Miror
553 3448 642 3527 quod
661 3450 869 3528 conquereris
886 3448 926 3509 de
946 3448 1091 3529 dampno
1109 3468 1151 3510 ex
1169 3449 1315 3529 pecuniis
1334 3467 1392 3528 per
1411 3446 1593 3509 Castricum

396 3533 534 3611 receptis
555 3538 717 3612 suscepto.
760 3531 864 3593 Addis
884 3532 1086 3612 exemplaria
1106 3532 1182 3606 duo,
1204 3531 1324 3612 quibus
1349 3530 1433 3591 velle
1456 3529 1595 3609 probare

396 3616 525 3687 videris,
541 3616 630 3694 quod
644 3635 702 3695 per
721 3614 802 3678 alios
820 3615 895 3695 plus
914 3617 1087 3696 acceperis.
1130 3615 1220 3677 Dicis
1239 3614 1415 3676 Bibellium
1433 3613 1595 3693 accepisse
1610 3633 1641 3683 ις

396 3706 571 3760 coronatos
599 3700 848 3778 quinquaginta,
873 3698 998 3778 hosque
1027 3705 1061 3761 te
1090 3705 1200 3779 preter
1228 3697 1408 3778 dampnum
1438 3697 1595 3776 recepisse

397 3785 550 3861 integros.
595 3781 749 3843 Preterea
762 3789 797 3844 et
814 3781 916 3844 alium
935 3782 1063 3843 dedisse
1082 3784 1117 3843 in
1136 3781 1289 3862 Angliam
1311 3780 1437 3844 nobiles
1459 3780 1596 3858 triginta

398 3868 560 3945 quinque;
583 3873 618 3926 et
632 3884 692 3945 pro
707 3866 757 3926 bis
772 3867 930 3945 recepisse
944 3872 1119 3927 coronatos
1133 3866 1353 3945 quadraginta
1367 3882 1496 3926 nouem.

440 3949 605 4011 Putabam
621 3955 709 4010 certe
723 3956 802 4010 ante
817 3968 940 4010 annum
955 3969 1008 4010 me
1023 3956 1057 4010 te
1072 3948 1169 4010 huius
1183 3951 1230 4010 rei
1241 3948 1420 4010 reddidisse
1430 3964 1596 4027 capacem.

399 4034 470 4094 Iam
486 4033 547 4094 boc
562 4032 685 4112 duplici
699 4039 759 4095 tuo
773 4032 925 4113 exemplo
939 4031 1075 4094 reddam
1089 4032 1208 4107 denuo,
1220 4033 1248 4093 si
1261 4038 1388 4112 potero.
1431 4029 1595 4108 Quinque·
1609 4049 1643 4087 20

399 4120 491 4196 ginta
505 4117 653 4178 coronati
667 4117 795 4196 accepti
809 4136 867 4197 per
881 4115 1057 4177 Bibellium
1071 4117 1105 4177 in
1120 4118 1224 4262 eggis
1243 4115 1325 4177 bene
1344 4114 1488 4177 exsoluti
1506 4118 1595 4174 sunt.

399 4201 485 4262 Nam
502 4201 675 4279 pecuniam
694 4219 755 4280 pro
773 4201 913 4280 pecunia
932 4201 1092 4280 recepisti.
1218 4198 1345 4261 nobiles
1365 4198 1438 4260 illos
1459 4197 1598 4276 triginta

399 4286 553 4363 quinque,
569 4302 652 4361 quos
668 4283 752 4344 alius
769 4283 871 4356 dedit,
886 4283 914 4344 si
928 4283 1006 4344 date
1021 4289 1131 4344 essent
1145 4284 1180 4344 iu
1195 4283 1299 4362 spetie
1313 4281 1449 4354 nobiles,
1463 4281 1596 4359 equiua·

399 4368 506 4429 lereut
520 4368 685 4428 coronatis
702 4367 941 4446 quinquaginta
957 4386 1025 4439 sex,
1040 4385 1100 4446 pro
1119 4366 1240 4445 quibus
1258 4385 1325 4428 non
1346 4365 1436 4425 vltra
1456 4363 1596 4442 quadra·

399 4453 493 4530 ginta
507 4469 625 4512 nouem
640 4457 674 4511 te
688 4450 769 4512 dicis
783 4450 950 4529 recepisse.
993 4448 1103 4511 Facile
1116 4451 1217 4530 igitur
1233 4452 1399 4511 coniector
1417 4449 1453 4508 in
1472 4445 1598 4507 nobiles
1610 4464 1643 4515 25

400 4535 668 4596 denominatitios
690 4537 842 4612 (quorum
865 4540 933 4595 tres
955 4535 1093 4613 capiunt
1117 4553 1178 4614 pro
1200 4532 1296 4611 libra)
1320 4532 1420 4593 fuisse
1444 4530 1596 4591 traditos.

401 4619 458 4697 Hy
472 4619 605 4679 nomine
620 4616 746 4679 nobiles
760 4618 832 4679 nati
843 4623 922 4678 sunt
936 4635 977 4678 ex
991 4622 1172 4696 augmento
1181 4616 1304 4679 valoris
1314 4616 1396 4676 auri.
1436 4613 1598 4675 Memeror

818 4726 893 4777 2626.
911 4739 953 4791 27.
971 4726 1131 4777 Annocdd.
1142 4725 1181 4777 N.

404 4800 409 4803 .
436 4797 736 4902 missii-{impio}
747 4836 899 4887 Deiotsms
909 4841 975 4887 sent
1058 4849 1084 4900 3.
1101 4834 1264 4901 epistolem]
1276 4835 1300 4884 E
1324 4846 1418 4896 .2512.

402 4905 452 4955 the
463 4919 540 4954 news
552 4903 759 4963 irchcndom
771 4917 819 4954 see
829 4902 885 4968 Ep.
897 4906 973 4968 24⁹⁶·
1059 4917 1084 4966 5.
1102 4902 1206 4954 Petrus
1222 4902 1292 4967 Aegi
1315 4900 1369 4962 Ιιιι]
1385 4899 1429 4950 ct.
1446 4898 1502 4965 Ep.
1520 4911 1597 4965 ²403·

402 4985 477 5035 ²4·5·
1024 4971 1087 5034 ⁶⁴¹¹·

436 5039 511 5090 2527.
532 5052 554 5089 1.
573 5037 839 5104 scripsi1Ep.2511.
