4042 5900
436 677 477 738 aa
765 676 963 740 Lamnas
984 676 1267 742 ornaremus
1546 682 1639 760 [1530

436 836 515 897 disti
529 834 616 897 vnde
629 836 807 897 manifesta
820 836 1036 898 solicitudinis
1051 837 1149 898 huius
1163 841 1359 917 arguments
1368 857 1436 900 non
1447 845 1637 920 erumpant.

436 919 501 982 Sed
522 919 602 999 quid
623 918 778 999 epistolas
800 938 1061 993 commemorem,
1082 940 1157 981 cum
1179 922 1319 983 tetiam
1341 921 1523 1003 Apologias
1544 923 1636 986 ador·

392 1026 424 1076 15
435 1005 524 1065 naris
545 1002 798 1082 inuulgarisque,
821 1009 892 1065 tam
914 1003 1013 1064 vbere
1034 1010 1199 1084 prouentu
1224 1010 1264 1065 vt
1288 1012 1450 1086 appareat
1476 1012 1512 1068 te
1535 1006 1637 1069 alium

436 1086 610 1147 Alcinoum
624 1105 693 1147 esse
707 1088 741 1147 in
752 1089 844 1147 cuius
856 1087 959 1147 hortis
971 1086 1159 1148 huiusmodi
1167 1086 1251 1168 μῆλα
1263 1086 1314 1148 ἐπὶ
1323 1087 1434 1167 μήλοις
1443 1096 1635 1152 nascantur.

437 1170 483 1230 At
494 1170 574 1249 quid
583 1189 705 1248 quaeso
714 1171 790 1231 inde
799 1170 989 1250 profecisti?
1021 1170 1636 1251 Compressineideosuntaemulituii

437 1253 528 1314 Nihil
542 1253 659 1325 minus,
674 1252 808 1333 perinde
822 1272 860 1314 ac
874 1254 1049 1315 crabrones
1063 1274 1139 1315 cum
1153 1255 1335 1316 irritantur.
1357 1254 1444 1329 Quin
1458 1256 1565 1337 igitur
1578 1277 1636 1319 vsu

437 1336 573 1397 tandem
590 1336 740 1408 addiscis,
756 1342 816 1397 aut
835 1335 1113 1398 vehementiorem
1135 1343 1293 1399 terrorem
1315 1338 1554 1401 inuenientium
1569 1360 1591 1402 a
1604 1347 1636 1401 te

392 1442 425 1478 20
437 1438 516 1492 osse,
544 1426 606 1479 aut
634 1419 704 1480 fore
732 1426 772 1479 vt
800 1439 840 1480 ne
870 1421 930 1481 iste
960 1420 1092 1498 quidem
1121 1427 1292 1482 coerceat?
1348 1422 1636 1486 Vehementiorcm

436 1509 549 1563 autem
565 1503 710 1564 inuenire
725 1522 791 1563 non
806 1508 909 1582 potes,
919 1522 994 1563 cum
1009 1523 1069 1564 nec
1084 1511 1211 1565 veteres
1225 1504 1358 1583 quidem
1367 1504 1416 1566 illi
1426 1505 1635 1581 Tertulliani,

437 1583 601 1665 Cypriani,
628 1586 830 1664 Hieronymi,
856 1586 1032 1666 Augustini
1055 1588 1234 1667 potuerint.
1279 1587 1364 1661 Quin
1392 1590 1496 1668 igitur
1524 1610 1635 1671 super·

436 1688 619 1730 uacancum
645 1668 732 1729 hunc
754 1670 899 1730 laborem
921 1670 1059 1743 omittis,
1082 1671 1292 1749 mediumque
1312 1671 1465 1733 omnibus
1491 1692 1635 1753 vnguem

437 1752 525 1813 hisce
539 1753 684 1813 ostendis
699 1772 781 1831 quos
795 1753 890 1813 iuuat
905 1753 1003 1814 dente
1012 1754 1145 1814 dentem
1154 1753 1291 1815 rodere?
1313 1754 1472 1816 Candoris
1483 1757 1535 1818 tui
1546 1757 1636 1837 apud

391 1857 423 1907 25
437 1854 549 1897 omnes
564 1837 745 1897 maximum
765 1842 996 1916 argumentum
1016 1836 1145 1910 dedisti,
1160 1837 1250 1916 quod
1267 1838 1301 1898 in
1321 1840 1488 1900 neminem
1509 1842 1635 1920 primus

436 1919 633 1980 distrinxisti
648 1920 771 1992 stilum,
788 1926 822 1980 te
837 1940 857 1980 a
871 1919 1095 1981 vellicantium
1110 1921 1237 1999 impetu
1252 1920 1411 1982 hactenus
1425 1921 1635 1986 solummodo

436 2008 570 2064 tutatus
584 2022 627 2075 es,
643 2004 830 2082 neminique
846 2002 1002 2064 molestus
1017 2005 1079 2064 nisi
1093 2005 1150 2082 qui
1167 2005 1201 2064 in
1224 2023 1258 2064 se
1278 2003 1391 2066 lunam
1406 2006 1511 2084 (quod
1525 2007 1633 2083 aiunt)

435 2086 610 2147 deduxerit
624 2086 725 2147 fuisti.
756 2086 842 2160 Quid
856 2106 938 2165 opus
952 2093 1004 2147 est
1019 2087 1046 2147 si
1061 2088 1118 2165 qui
1132 2088 1211 2148 noui
1225 2094 1390 2167 exurgrmt
1399 2108 1505 2150 nouas
1518 2108 1635 2170 parare

436 2170 649 2242 defensiones,
664 2170 762 2250 idque
777 2171 811 2230 in
825 2176 860 2230 te
874 2170 953 2230 iuris
967 2170 1250 2248 vitilitigatoribus
1265 2170 1450 2243 concedere,
1464 2178 1507 2233 vt
1520 2192 1634 2236 eorum

390 2275 424 2324 30
436 2252 601 2315 arbitratu
622 2253 704 2314 alios
725 2273 823 2333 super
844 2253 926 2314 ahos
948 2253 1076 2314 labores
1099 2253 1160 2314 tibi
1180 2254 1354 2334 iniungasl
1376 2253 1484 2328 Quam
1507 2258 1633 2337 egregie

436 2337 472 2397 P.
489 2335 605 2416 Scipio,
622 2357 697 2397 cum
712 2337 833 2397 relictis
849 2336 1095 2397 accusatoribus
1111 2337 1253 2398 ‘Hodie'
1268 2338 1386 2416 inquit,
1403 2337 1537 2401 ‘hostes
1551 2341 1632 2414 vici;

436 2439 536 2498 quare
558 2420 672 2481 litibus
691 2427 727 2482 et
748 2421 860 2499 iurgiis
881 2420 1082 2499 supersederi
1104 2439 1246 2498 aequum
1261 2421 1349 2482 est'!
1372 2421 1575 2503 Triumphus
1596 2429 1633 2485 tu

436 2504 583 2581 quotidie
598 2504 638 2565 de
654 2503 805 2564 hostibus
821 2504 896 2575 tuis,
912 2504 969 2582 qui
989 2509 1043 2563 tot
1062 2504 1201 2581 insignia
1221 2503 1390 2565 volumina
1408 2504 1572 2567 edideris:
1595 2514 1632 2568 vt

435 2587 570 2666 Adagia,
600 2587 719 2665 quibus
748 2586 889 2647 docuisti
914 2586 1192 2665 quemadmodum
1221 2586 1362 2661 barbari,
1387 2589 1445 2667 qui
1473 2587 1632 2652 Graecam

389 2690 421 2739 35
435 2669 655 2748 Latinumque
676 2671 822 2749 linguam
844 2676 1070 2749 oppugnatum
1092 2670 1240 2742 veniunt,
1262 2672 1462 2732 summoueri
1481 2673 1631 2751 possint;

435 2758 474 2812 vt
488 2753 620 2813 Nouum
636 2755 895 2814 instrumentum
912 2760 947 2814 et
967 2753 1197 2832 Paraphrascs,
1213 2754 1333 2832 quibus
1354 2774 1432 2815 vera
1447 2754 1632 2836 theologiae

434 2836 651 2898 fundamenta
673 2837 831 2897 aduersus
853 2836 1022 2915 theologos
1043 2838 1125 2896 istos
1147 2838 1268 2910 iecisti;
1292 2844 1331 2898 vt
1355 2837 1632 2917 Hieronymianos

433 2922 695 2993 commentarios,
722 2920 841 3001 quibus
871 2918 1044 2981 cucullatis
1073 2920 1270 2999 quibusdam
1306 2920 1490 2983 cornicibus
1520 2922 1632 2985 oculos

433 3003 606 3075 confixisti,
621 3011 656 3065 et
670 3005 728 3082 qui
742 3024 776 3064 se
795 3004 973 3083 plurimum
988 3005 1147 3065 acuminis
1162 3005 1293 3065 nomine
1307 3004 1397 3085 plebi
1410 3005 1633 3068 venditabant

386 3106 421 3156 40
433 3087 607 3148 ostendisti
624 3107 730 3148 meros
750 3107 820 3148 esse
834 3088 984 3148 Phineos.
1029 3086 1115 3160 Quid
1129 3088 1270 3166 amplius
1292 3094 1390 3168 parta
1408 3094 1507 3149 tanta
1528 3089 1632 3170 gloria

432 3170 467 3230 in
482 3170 637 3231 harenam
654 3171 844 3231 descendis?
880 3170 953 3231 Iam
972 3170 1029 3231 diu
1048 3171 1129 3231 rude
1149 3171 1292 3231 donatus
1310 3190 1344 3232 es
1360 3173 1508 3233 omnium
1524 3173 1630 3235 erudi·

432 3259 543 3313 torum
558 3274 728 3315 consensu.
773 3254 868 3327 Quod
883 3255 911 3314 si
925 3255 1138 3315 excusatione
1150 3256 1270 3315 aetatis
1285 3255 1336 3315 vti
1350 3274 1417 3316 non
1429 3255 1490 3328 vis,
1503 3262 1632 3336 quanto

432 3336 547 3397 melius
570 3338 660 3398 aliud
685 3345 916 3417 argumentum
941 3343 1087 3398 tractare
1111 3339 1258 3417 poteris?
1289 3358 1356 3399 non
1377 3338 1484 3400 deerit
1505 3338 1542 3400 in
1563 3359 1631 3420 quo

431 3422 553 3481 maiore
568 3441 643 3481 cum
659 3423 805 3482 omnium
817 3421 962 3482 vtilitate
974 3422 1079 3500 possis
1090 3422 1222 3493 versari,
1235 3441 1334 3500 quam
1343 3421 1395 3482 his
1405 3423 1440 3482 in
1451 3422 1631 3567 qulgpiis,

385 3521 417 3572 45
431 3504 550 3582 quibus
565 3504 644 3566 haec
659 3525 725 3565 vna
741 3511 894 3565 votorum
910 3525 1039 3566 summa
1054 3512 1114 3577 est,
1130 3505 1229 3576 tristi,
1245 3511 1284 3565 vt
1298 3504 1353 3566 ille
1367 3505 1510 3584 inquit,l
1575 3525 1630 3568 ere

431 3606 528 3648 versu
543 3588 765 3649 Pantolabum
780 3608 935 3649 scurram.
979 3587 1065 3649 Nam
1088 3594 1123 3648 ct
1145 3588 1185 3648 de
1203 3587 1314 3649 libello
1335 3590 1452 3668 quoin
1474 3595 1508 3649 te
1528 3590 1631 3670 speci·

431 3689 506 3730 men
530 3672 682 3750 tyrocinii
702 3672 829 3731 editum
851 3672 1068 3750 conquereris,
1092 3671 1172 3750 quid
1194 3671 1284 3732 aliud
1306 3672 1423 3744 dicam,
1438 3691 1541 3750 quam
1562 3691 1631 3735 non

430 3753 573 3815 multum
589 3755 631 3815 ad
646 3762 681 3815 te
695 3756 875 3834 pertinere:
899 3760 1039 3834 apparet
1054 3756 1088 3815 in
1103 3753 1286 3815 Lutherum
1301 3756 1413 3834 potius
1432 3756 1595 3835 scriptum
1610 3776 1632 3818 a

430 3855 496 3915 quo
511 3844 551 3898 tu
565 3837 612 3903 δὶς
632 3837 682 3898 διὰ
700 3843 808 3898 πασῶν
825 3838 970 3898 dissides.
1015 3837 1102 3898 Nam
1117 3856 1202 3916 quae
1217 3838 1342 3916 colligit
1359 3838 1415 3899 ille
1434 3857 1477 3899 cx
1496 3840 1631 3920 scriptis

384 3921 505 3994 sotus,
528 3927 568 3981 vt
595 3921 672 3982 inde
701 3922 903 3982 occasionem
933 3920 1105 3982 haereticis
1134 3923 1328 4000 praestitam
1357 3920 1511 3994 declaret,
1538 3921 1632 3984 haud

430 4022 596 4083 quaquam
622 4005 766 4065 multum
791 4004 867 4065 fidei
892 4004 981 4083 apud
1010 4004 1084 4065 illos
1113 4004 1244 4065 factura
1272 4010 1351 4065 sunt
1374 4005 1432 4083 qui
1456 4005 1631 4085 vtriusque

428 4104 528 4165 opera
550 4088 714 4148 viderint:
738 4087 828 4166 quod
849 4095 888 4148 vt
909 4088 1025 4148 demus
1050 4087 1249 4166 quandoque
1270 4088 1419 4149 fortassis
1441 4089 1630 4168 contigisse,

428 4188 513 4248 quac
528 4177 601 4232 tum
615 4171 756 4250 denique
768 4171 866 4251 culpa
877 4178 928 4232 est
939 4176 1022 4231 tua?
1052 4171 1156 4232 Maior
1171 4178 1259 4232 certe
1270 4171 1386 4232 illisab
1397 4171 1476 4251 ipsis
1487 4190 1629 4252 euange

427 4251 480 4314 liis
494 4256 621 4316 occasio
634 4256 803 4334 accip'nur,
820 4262 859 4315 vt
876 4255 1005 4315 nullum
1027 4261 1079 4315 est
1100 4260 1170 4315 tam
1193 4274 1383 4334 peruersum
1401 4255 1521 4334 dogma
1538 4255 1632 4335 quod

873 4400 916 4462 46.
933 4396 1125 4448 Pantolabum
1136 4396 1166 4446 N
1167 4431 1176 4448 .

462 4636 502 4682 16.
520 4630 599 4695 μῆλα]
611 4631 653 4682 cf.
666 4631 752 4681 Hom.
765 4630 814 4681 Od.
828 4644 852 4692 7.
867 4644 923 4681 120.
1051 4631 1086 4680 In
1106 4631 1156 4681 the
1175 4630 1250 4680 Ado.
1268 4630 1364 4694 fabric.
1384 4630 1531 4683 cuiusdam
1552 4632 1630 4685 label-

460 4714 502 4763 23.
520 4696 713 4763 mediumque]
725 4697 776 4747 See
788 4698 876 4762 Adnq.
892 4698 965 4760 1368.
1051 4698 1119 4756 lum,
1132 4699 1190 4756 (see
1202 4698 1257 4762 Ep.
1270 4712 1337 4748 2110
1348 4698 1476 4758 introd.),
1488 4697 1632 4753 uramus

459 4780 502 4830 24.
520 4765 617 4826 dente]
630 4765 681 4815 See
692 4764 781 4828 Adoq.
796 4778 869 4827 1532.
1051 4764 1118 4814 calls
1134 4763 1264 4828 Carvajal
1284 4765 1468 4816 Pantolabus.
1502 4764 1545 4815 (li.
1570 4766 1630 4834 Ep.

458 4846 501 4894 27.
518 4831 627 4892 lunam]
639 4830 789 4894 SeeAdoq.
802 4845 877 4894 3059.
1051 4845 1126 4895 2412.
1140 4843 1164 4892 5.

459 4913 501 4962 31.
519 4898 552 4948 P.
565 4897 669 4962 Scipio]
681 4896 724 4947 cf.
737 4897 809 4962 Livy
822 4900 863 4960 38.
876 4911 918 4960 51.
931 4899 990 4961 7-8.
1118 4896 1222 4959 libello]
1232 4899 1266 4947 Α.
1277 4897 1354 4949 Pius’
1365 4897 1519 4963 Responsio
1527 4914 1631 4965 paruas

458 4966 500 5029 38.
518 4964 688 5026 cornicibus]
701 4964 752 5014 See
763 4964 852 5029 Adoq.
865 4978 923 5027 ²75·
1049 4964 1154 5015 adico:
1173 4979 1219 5014 see
1237 4964 1312 5030 Epp.
1333 4968 1397 5030 1634
1414 4965 1531 5026 introd„
1548 4981 1630 5032 ²3²⁹·

457 5035 500 5097 46.
517 5030 766 5093 Pantoubuchf.
774 5032 844 5081 Hor.
852 5032 882 5082 S.
893 5046 915 5081 1.
924 5033 948 5081 8.
959 5045 998 5081 11.
1049 5044 1159 5095 93-107.
