4042 5900
398 669 493 748 2576]
760 669 817 732 ΤΟ
838 668 974 732 SIMON
995 667 1237 732 GRYNAEUS
1532 670 1594 732 393

397 833 555 891 mitteret.
599 829 668 891 Neo
689 830 808 891 dubito
826 831 906 908 quin
925 848 965 891 ea
984 829 1106 890 dixerit
1125 829 1307 908 Episcopus
1323 828 1595 907 Lincolnien<sis>

396 920 431 974 et
445 913 561 976 Comes
576 914 776 975 Hermoniae
790 932 875 992 quae
889 911 1065 992 pertulisti.
1108 911 1180 986 Quo
1199 913 1308 973 minus
1327 918 1440 973 autem
1459 933 1498 973 ea
1518 915 1593 973 sori·

396 1000 531 1076 pserint,
552 999 585 1057 in
605 1004 760 1077 promptu
780 1016 880 1058 causa
901 1002 961 1058 est.
1005 994 1192 1057 studebant
1213 995 1406 1075 largioribus
1427 997 1595 1075 promissis

397 1082 541 1141 muneris
570 1080 832 1141 mediocritatem
860 1098 1026 1141 excusare.
1080 1077 1247 1140 Nolebant
1274 1085 1386 1140 autem
1414 1098 1470 1139 ees
1497 1099 1594 1140 voces
1608 1098 1640 1148 3⁵

395 1164 516 1224 litteris
531 1165 745 1237 committere,
761 1165 829 1224 siue
844 1169 882 1223 vt
900 1162 1040 1223 liberum
1059 1163 1139 1242 ipsis
1158 1168 1244 1223 esset
1264 1168 1432 1241 praestare
1454 1161 1506 1222 vel
1527 1181 1594 1223 non

396 1254 574 1325 praestare,
590 1248 658 1308 siue
673 1266 714 1307 ne
729 1266 788 1326 pro
802 1245 957 1308 laudibus
972 1247 1053 1306 meis
1070 1246 1282 1306 simoniacam
1302 1245 1482 1307 mercedem
1503 1265 1593 1325 repo·

396 1349 472 1391 nere
488 1330 687 1392 viderentur.

438 1413 559 1474 Verum
580 1414 660 1474 haec
680 1420 847 1491 utcunque
867 1411 1000 1485 babent,
1017 1413 1063 1473 mi
1082 1410 1240 1491 Grynaee,
1257 1411 1339 1473 illud
1353 1432 1371 1472 e
1385 1411 1514 1491 tripode
1532 1412 1594 1473 tibi

395 1496 523 1557 dictum
537 1503 629 1576 puta,
645 1497 783 1557 Eresmo
802 1496 843 1557 de
862 1501 923 1557 tua
942 1495 1005 1557 fide
1025 1516 1065 1556 ne
1086 1495 1287 1556 leuissimsm
1308 1495 1440 1573 quidem
1463 1495 1592 1556 dubita-
1607 1516 1641 1565 40

396 1583 518 1641 tionem
533 1600 680 1659 vnquam
695 1580 846 1641 incidisse
860 1580 894 1640 in
914 1580 1071 1640 animum.
1115 1579 1161 1639 Et
1180 1578 1264 1639 adeo
1282 1577 1367 1640 male
1389 1580 1429 1640 de
1450 1584 1509 1639 tua
1530 1577 1594 1640 fide

396 1665 503 1724 sentio
525 1670 563 1724 vt
584 1665 612 1724 si
631 1665 802 1743 negocium
821 1669 907 1724 esset
927 1662 1125 1724 florenorum
1145 1668 1196 1723 ter
1211 1661 1309 1734 mille,
1325 1681 1390 1723 non
1407 1661 1594 1723 dubitarem

395 1750 479 1808 citra
504 1746 606 1807 vllem
633 1747 855 1826 syngrapham
881 1746 1021 1819 credere,
1044 1752 1177 1806 tentum
1206 1745 1302 1806 abest
1328 1753 1366 1806 vt
1391 1744 1442 1806 bic
1468 1744 1593 1823 aliquid

395 1832 548 1909 suspicer,
571 1832 628 1890 vbi
654 1849 713 1890 neo
736 1830 798 1890 tibi
823 1830 933 1891 iuerat
955 1828 1025 1890 vlla
1049 1848 1173 1890 merces
1195 1828 1331 1890 fallendi
1354 1848 1413 1889 neo
1436 1828 1517 1888 mihi
1540 1828 1593 1889 vel

395 1912 561 1974 leuissima
576 1913 763 1992 suspicandi
783 1932 892 1974 cause.
936 1912 1099 1974 Fortassis
1119 1911 1237 1991 aliquis
1256 1911 1340 1973 islso
1361 1912 1422 1973 tibi
1443 1911 1594 1991 depinxit
1606 1932 1639 1984 4⁵

394 1998 561 2076 ingenium
588 2015 707 2069 meum,
733 2003 773 2057 vt
798 1996 894 2056 hodie
920 1996 1016 2056 malis
1039 1996 1159 2075 linguis
1183 2014 1319 2076 regnum
1345 2002 1406 2056 est.
1450 1994 1594 2057 Restant

393 2080 551 2156 epistolae
566 2099 658 2140 mese
672 2099 757 2159 quae
771 2080 835 2140 tibi
848 2081 894 2140 sic
908 2081 1051 2158 scriptae
1065 2078 1221 2140 videntur
1240 2085 1279 2139 vt
1299 2098 1351 2140 me
1369 2097 1436 2138 vno
1454 2085 1594 2157 excepto

393 2163 475 2224 nulli
504 2182 570 2224 non
595 2163 772 2223 videantur
800 2163 862 2224 tibi
892 2163 1107 2241 suspitionem
1132 2164 1320 2241 impingere.
1364 2160 1508 2223 Ostende
1536 2182 1592 2223 eas

394 2249 560 2307 communi
574 2248 680 2307 amico
695 2246 873 2307 Boniiecio.
918 2245 952 2306 Is
967 2246 994 2306 si
1008 2246 1134 2306 iudicat
1148 2245 1213 2306 illio
1229 2264 1298 2306 esse
1313 2244 1415 2305 vllem
1430 2244 1593 2323 syllabam

394 2348 478 2408 quae
498 2334 593 2391 notet
612 2328 710 2390 fidem
731 2335 834 2401 tuam,
850 2328 981 2391 fatebor
1000 2348 1052 2390 me
1073 2348 1177 2407 quum
1198 2348 1254 2389 ees
1276 2329 1451 2389 scriberem
1472 2328 1591 2389 dormi·
1606 2350 1640 2400 5ο

394 2419 490 2484 tasse,
517 2419 586 2485 aut,
613 2415 640 2473 si
669 2414 784 2485 mauis,
813 2413 914 2474 inisse
942 2412 1173 2474 temulentum.
1216 2411 1285 2473 Nec
1314 2413 1490 2473 recusarim
1519 2411 1592 2473 illas

393 2516 498 2556 noxae
514 2496 641 2568 dedere,
657 2503 696 2557 vt
710 2496 772 2557 tibi
786 2497 837 2556 ius
854 2498 897 2557 sit
916 2515 972 2557 eas
991 2495 1154 2569 abolendi,
1170 2496 1239 2556 siue
1259 2495 1399 2556 flammis
1419 2496 1488 2557 siue
1509 2497 1593 2557 mari

392 2578 473 2639 libet
487 2580 642 2640 Adriano.
686 2578 754 2640 Nec
769 2581 855 2640 enim
870 2598 984 2643 esrum
998 2578 1103 2639 vllum
1118 2579 1207 2658 apud
1219 2598 1271 2639 mc
1282 2579 1403 2639 resedit
1413 2578 1590 2658 exemplar.

435 2662 498 2723 Sed
524 2663 604 2723 heus
629 2670 677 2733 tu,
703 2662 756 2723 fao
780 2662 877 2724 simul
903 2682 979 2724 cum
1004 2662 1153 2741 epistolis
1178 2661 1310 2722 aboleas
1335 2680 1466 2722 omnem
1493 2664 1592 2723 istem

393 2747 616 2825 suspitionem,
632 2746 830 2819 mihicrede,
846 2746 1069 2807 vanissimam.
1113 2744 1208 2819 Quod
1222 2746 1284 2806 tibi
1302 2751 1475 2824 tantopere
1495 2764 1591 2806 curae
1605 2765 1638 2815 55

392 2836 444 2888 est
459 2829 575 2889 necubi
590 2829 671 2890 fides
686 2830 720 2889 in
732 2836 766 2890 te
777 2829 990 2901 desideretur,
1002 2829 1085 2890 istoc
1100 2830 1230 2890 nomine
1246 2828 1326 2889 mihi
1341 2828 1448 2889 multo
1463 2829 1592 2889 charior

392 2932 436 2984 es,
463 2931 565 2991 eoque
591 2914 723 2974 nomine
751 2912 879 2975 facilius
904 2913 1036 2993 ignosco
1061 2912 1150 2992 quod
1176 2911 1237 2974 boc
1263 2912 1454 2993 suspitionis
1479 2913 1513 2973 in
1539 2931 1591 2974 me

392 2997 577 3076 conceperis
591 3016 630 3057 ec
645 2997 691 3057 rei
706 2997 814 3058 multo
827 2998 974 3059 omnium
988 2996 1198 3058 charissimae
1215 2997 1318 3057 etiam
1337 3002 1413 3058 tuta
1432 2997 1589 3071 timueris,

391 3080 544 3140 videlicet
558 3077 646 3144 ἀδεὲς
661 3078 729 3145 δέος
744 3081 839 3142 iuxta
853 3079 1074 3159 prouerbium.

434 3162 677 3243 Oecolsmpedii
688 3183 776 3224 mors
787 3163 878 3225 varie
889 3164 1009 3225 afficiet
1020 3163 1168 3224 homines
1178 3169 1218 3224 vt
1229 3183 1289 3224 sua
1299 3163 1416 3241 cuique
1425 3164 1590 3224 sententia
1603 3176 1637 3224 60

391 3253 451 3307 est.
497 3247 615 3308 Precor
636 3246 684 3307 illi
707 3247 840 3308 Domini
865 3247 1219 3325 misericordiamque
1243 3246 1337 3307 nobis
1362 3245 1515 3306 omnibus
1539 3253 1590 3308 est

391 3349 483 3408 opus,
528 3330 615 3391 Bene
630 3329 713 3391 vele.

433 3413 583 3493 Friburgi
598 3414 701 3493 pridie
715 3413 846 3475 Natalis
860 3413 901 3475 D.
918 3413 1068 3474 Andreae
1085 3427 1175 3489 1531.

999 3497 1156 3557 Erasmus
1172 3497 1250 3558 Rot.
1266 3495 1355 3557 baud
1369 3495 1444 3557 ficte
1460 3503 1546 3558 tuus.

432 3605 606 3666 Eruditiss.
623 3606 695 3667 viro
708 3605 749 3667 D.
765 3605 891 3667 Simoni
904 3604 1066 3686 Gryuaeo.
1111 3604 1268 3667 Basileae.
1601 3604 1635 3663 ⁶5

739 3932 838 3994 2577.
887 3926 1239 4010 reponsione).

428 4062 632 4134 Copenbagen
645 4063 710 4118 MS.
725 4062 761 4119 G.
775 4065 817 4119 Κ.
833 4064 863 4119 S.
877 4079 913 4132 95
927 4064 1005 4129 Pol..
1019 4065 1042 4119 f.
1059 4066 1121 4119 181.
1315 4064 1473 4133 Freiburg.

1225 4155 1262 4208 30
1274 4139 1451 4193 November
1467 4153 1549 4207 1531.

422 4249 479 4309 [An
491 4250 652 4314 autogrnph
665 4249 857 4314 rougbdrait:
876 4256 908 4300 at
922 4250 972 4301 the
986 4250 1060 4300 besd
1075 4251 1124 4300 the
1138 4257 1280 4315 secretary
1293 4250 1345 4300 has
1358 4251 1473 4300 written
1487 4249 1587 4298 ‘Tran-

388 4317 517 4380 scripts'.
553 4316 613 4366 The
630 4332 714 4366 neme
731 4317 761 4366 oi
779 4318 828 4367 the
845 4332 949 4381 person
968 4316 1122 4368 sddressed
1143 4319 1166 4367 is
1186 4323 1238 4367 not
1256 4317 1349 4382 giveru
1370 4317 1424 4366 but
1444 4316 1516 4365 from
1537 4316 1587 4366 the

387 4382 491 4432 licence
512 4383 627 4446 printed
647 4384 717 4433 with
737 4383 809 4434 Scali
844 4384 883 4434 r's
902 4384 978 4434 book
997 4400 1040 4434 we
1060 4384 1138 4434 learn
1161 4385 1227 4434 thet
1249 4384 1286 4435 he
1308 4399 1366 4433 was
1388 4383 1462 4433 Jean
1485 4381 1586 4439 Morin‚

389 4450 575 4499 ‘Lieutenent
595 4450 635 4500 du
653 4450 787 4515 Bailliage
823 4451 944 4507 eParis,
962 4457 1165 4501 consemateur
1181 4451 1231 4501 des
1249 4451 1398 4516 priuileges
1415 4448 1534 4514 roysulx
1544 4448 1587 4499 de

387 4516 566 4566 Luniuersite
583 4516 620 4566 de
635 4516 737 4567 Peris’.
772 4518 858 4567 From
872 4518 962 4568 lond.
978 4519 1068 4568 xxvii.
1085 4522 1116 4568 6:
1134 4518 1191 4568 LB.
1210 4532 1284 4583 1241,
1300 4517 1392 4568 where
1407 4516 1444 4567 he
1458 4517 1482 4566 is
1497 4515 1587 4566 cellsd

421 4715 495 4763 3²·3·
515 4700 714 4765 Episcopus..
730 4702 859 4763 .Cornes]
882 4701 960 4753 John
1013 4715 1095 4764 15253
1117 4717 1164 4752 see
1180 4701 1235 4766 Ep.
1256 4715 1320 4764 1535
1338 4700 1462 4751 introdc
1479 4700 1538 4750 and
1555 4706 1586 4751 to

386 4767 533 4832 Ionglond
549 4768 607 4816 and
623 4767 747 4818 Thomas
765 4768 883 4832 soleya,
902 4768 960 4818 carl
1010 4768 1120 4832 Boleyn
1131 4770 1162 4818 in
1176 4782 1240 4832 1530
1251 4769 1296 4818 his
1308 4768 1326 4818 1
1327 4785 1346 4818 n
1357 4768 1503 4818 Peolmum
1514 4768 1585 4827 xxii,

384 4834 415 4883 oi
425 4834 560 4891 Ormond;
571 4835 694 4899 perhaps
704 4836 753 4884 tha
762 4840 820 4885 two
828 4833 958 4900 English·
1010 4851 1057 4886 see
1069 4836 1123 4899 Ep.
1136 4839 1212 4886 22⁶⁶.

385 4918 450 4950 men
458 4900 622 4951 mentioned
630 4902 659 4950 in
667 4902 712 4965 Ep
730 4901 961 4967 2512essending
1044 4915 1111 4965 5²·3
1128 4903 1189 4952 siue
1222 4902 1406 4963 ..Adrianol
1424 4901 1494 4951 Hor.
1512 4899 1543 4951 0.
1561 4915 1584 4951 1.

384 4969 461 5032 gifts.
492 4968 628 5018 Erasmus
639 4967 695 5017 had
707 4967 856 5018 dedicated
868 4969 912 5018 bis
922 4968 960 5018 In
1013 4971 1053 5019 16.
1066 4982 1125 5034 4-5.

384 5035 529 5085 Psolmum
543 5041 673 5099 quonum
688 5040 720 5086 to
737 5034 788 5086 the
805 5035 912 5100 Bisbop
930 5035 961 5085 in
