4042 5900
299 695 394 778 2480]
521 693 645 757 FROM
666 693 981 757 CHRISTOPHER
1003 693 1059 757 OF
1079 692 1271 756 STADION
1433 694 1494 755 253

343 855 414 916 Ista
435 855 526 916 volui
547 853 610 915 tibi
627 854 806 934 significare
824 874 891 916 non
911 854 954 916 ob
975 854 1075 916 eliam
1096 873 1240 927 causam,
1262 854 1325 915 nisi
1346 872 1386 914 ne
1408 853 1493 915 Poli-

298 938 438 1019 phemus
452 939 521 998 sine
540 939 620 999 meis
638 937 742 999 literis
758 938 803 1000 ed
822 944 856 1000 te
873 937 1012 1000 rediret:
1035 939 1089 999 cui
1107 956 1222 1016 precor
1241 956 1371 999 omnem
1393 936 1493 998 felici·
1508 958 1542 1008 3⁰

299 1027 559 1185 utgqnbfflingis
576 1122 623 1166 10.
640 1104 761 1186 Aprilis
775 1124 863 1166 enno
877 1110 939 1165 etc.
957 1121 1006 1181 31.

941 1187 1031 1248 Tuus
1045 1188 1215 1267 episcopus
1229 1186 1453 1267 Augustensis.

341 1288 623 1351 Excellentissimo
637 1287 791 1367 theologo
806 1287 943 1349 Erasmo
958 1287 1183 1349 Roterodamo
1197 1287 1313 1349 Amico
1327 1307 1369 1349 ex
1384 1288 1496 1348 animo

302 1372 432 1434 dilecto.
477 1371 635 1451 Friburgi.
1509 1371 1542 1422 35

608 1658 708 1718 2481.
756 1652 810 1718 To
832 1652 1014 1718 anusan
1038 1652 1190 1717 Boasrc

339 1782 498 1854 Epistolae
511 1782 654 1838 Floridae
667 1799 699 1853 p.
713 1796 761 1849 15.
1262 1780 1422 1851 Freiburg.

339 1858 380 1911 K.
394 1874 426 1929 p.
440 1873 494 1928 42:
514 1857 554 1912 N.
568 1874 600 1928 p.
614 1870 688 1926 972:
708 1858 807 1912 Lond.
821 1874 895 1912 xxv.
912 1873 963 1923 19:
982 1857 1047 1912 LB.
1064 1855 1146 1911 1182.
1225 1871 1256 1910 11
1273 1855 1361 1928 April
1377 1871 1459 1925 1531.

304 1976 547 2104 ἀ[41401Βῖ111111141
563 1976 665 2026 Boerio
681 1991 728 2026 see
746 1975 801 2041 Ep.
819 1978 870 2040 267
887 1975 992 2027 introd.
1027 1976 1083 2026 For
1096 1974 1294 2026 eonfirmaticn
1308 1975 1338 2026 oi
1354 1975 1404 2026 the
1418 1989 1497 2040 year·

324 2059 342 2092 a
385 2058 431 2093 see
455 2057 519 2106 .3n.

498 2165 652 2210 ERASMVS
666 2165 741 2210 Bos.
757 2166 790 2209 D.
807 2164 992 2210 assumo
1007 2165 1133 2210 soemo
1147 2165 1210 2211 SVO
1225 2165 1251 2210 S.
1268 2165 1300 2209 D.

344 2256 379 2318 sr
390 2257 470 2336 quid
481 2258 613 2318 omnino
628 2257 708 2318 mihi
723 2257 836 2329 credis,
849 2256 910 2318 hoc
926 2256 988 2318 tibi
1002 2257 1199 2336 persuadeas
1210 2257 1319 2330 velim,
1332 2256 1498 2318 Bemarde

301 2341 502 2414 suauissime,
512 2360 613 2419 quum
625 2360 666 2401 ex
676 2340 826 2401 omnibus
838 2340 954 2401 mundi
963 2340 1067 2420 plagis
1076 2339 1295 2402 fasciculetim
1305 2340 1499 2401 adferantur

302 2425 441 2496 litterae,
457 2423 570 2485 multis
588 2430 676 2485 retro
691 2423 856 2485 mensibus
875 2423 983 2485 nullas
1003 2425 1129 2484 venisse
1148 2425 1215 2485 tuis
1231 2424 1400 2502 gratiores,
1416 2442 1498 2503 quas

302 2507 416 2568 Idibus
428 2506 554 2567 Martiis
569 2524 725 2568 raum.
741 2507 785 2568 ad
795 2526 848 2567 me
859 2507 997 2580 dedisti;
1020 2507 1102 2568 adeo
1113 2512 1161 2581 vt,
1174 2526 1277 2587 quum
1291 2506 1326 2567 id
1340 2507 1498 2586 temporis

301 2590 369 2652 alui
384 2589 578 2651 torminibus
596 2596 730 2651 tantum
749 2610 815 2651 non
828 2593 1035 2651 exanimatus
1052 2609 1164 2664 essem,
1179 2589 1320 2669 epistole
1338 2595 1399 2650 tua
1413 2590 1527 2662 lectas

302 2674 485 2746 reuixerim,
497 2673 580 2734 adeo
594 2674 675 2734 mihi
688 2674 830 2735 iucunde
840 2674 907 2735 fuit
916 2674 1046 2753 pristini
1056 2675 1227 2734 conuictus
1237 2674 1341 2734 nostri
1351 2672 1498 2733 recorda-

303 2758 369 2817 tio:
394 2756 452 2817 sed
468 2756 575 2817 multo
590 2756 763 2817 iucundius
781 2755 855 2830 fuit,
871 2756 960 2835 quod
979 2756 1192 2835 intelligerem
1213 2774 1286 2817 eam
1306 2756 1499 2817 eruditionis

303 2845 493 2911 sementem,
509 2859 609 2918 quam
623 2859 683 2900 nos
697 2839 864 2900 Bononiae
877 2841 911 2900 in
925 2839 1059 2919 puerilis
1080 2840 1200 2920 ingenii
1218 2840 1337 2901 nouale
1354 2840 1498 2911 iecimus,

301 2923 346 2986 ad
360 2923 562 2985 luculentam
577 2928 806 3002 maturamque
820 2921 947 3003 frugem
965 2924 1159 3003 peruenisse.
1201 2922 1334 3002 Alioqui
1348 2921 1498 2984 nonnihil

303 3006 440 3068 verebar
450 3026 500 3080 ne,
513 3008 602 3085 quod
611 3007 773 3086 plerisque
781 3007 865 3068 solet
873 3026 934 3066 vsu
944 3008 1065 3079 venire,
1075 3026 1162 3086 opes,
1172 3005 1344 3068 Romanae
1354 3006 1498 3080 deliciae,
1514 3030 1545 3065 10

303 3091 454 3170 dignitas,
469 3097 503 3151 et
517 3090 614 3151 huius
625 3091 760 3151 comites
770 3089 959 3170 prophanae
973 3109 1079 3162 curae,
1096 3096 1238 3151 mentem
1252 3095 1346 3151 tuam
1360 3110 1381 3151 a
1395 3089 1498 3169 philo·

302 3175 407 3253 logiae
424 3174 641 3235 contubernio
662 3173 891 3235 distraherent.
935 3172 1030 3234 Hanc
1051 3172 1302 3234 sollicitudinem
1324 3173 1367 3234 ab
1389 3192 1499 3234 amore

303 3259 355 3318 tui
377 3257 558 3336 proiectam
584 3259 714 3317 inanem
741 3257 842 3318 fuisse
864 3261 899 3316 et
920 3275 977 3335 per
997 3262 1033 3317 te
1054 3256 1134 3316 mihi
1155 3257 1287 3335 penitus
1307 3256 1499 3336 ademptam

302 3340 439 3420 gaudeo.
483 3340 568 3401 Nam
592 3360 702 3401 rerum
728 3339 895 3418 quoddam
920 3342 1057 3400 acumen
1080 3341 1114 3399 in
1139 3339 1258 3401 litteris
1283 3341 1360 3413 tuis,
1386 3359 1499 3400 sensus

303 3424 422 3501 arguti,
433 3442 492 3484 nec
501 3443 519 3484 e
528 3425 627 3484 triuio
637 3423 812 3502 desumpti,
824 3423 1028 3484 schematum
1039 3424 1154 3502 gratie,
1167 3422 1342 3484 verborum
1353 3423 1499 3484 delectus
1515 3444 1545 3494 15

303 3505 435 3567 abunde
450 3505 660 3567 testabantur
675 3513 708 3567 te
723 3508 757 3566 in
772 3525 939 3567 musarum
954 3505 1058 3568 hortis
1073 3508 1205 3567 versari.

346 3588 449 3668 Super
468 3591 578 3651 omnia
597 3596 709 3650 tamen
726 3608 779 3650 me
793 3589 972 3650 delectauit
986 3591 1051 3650 ista
1070 3595 1130 3650 tua
1144 3589 1178 3649 in
1199 3607 1252 3650 me
1270 3590 1384 3669 pietas,
1399 3608 1500 3669 quam

304 3672 473 3734 mirificam
506 3673 672 3751 quandem
701 3672 845 3751 rudique
873 3677 948 3733 tcta
979 3675 1083 3752 spirat
1113 3672 1264 3752 epistola.
1307 3672 1394 3734 Nam
1422 3693 1501 3734 vere

303 3756 481 3835 viuidaque
503 3758 548 3817 sit
572 3762 712 3836 oportet,
735 3775 835 3835 quam
857 3763 927 3817 tam
950 3757 1063 3835 ingens
1085 3762 1272 3836 temporum
1295 3776 1333 3817 ae
1354 3756 1501 3818 locorum

303 3839 524 3913 interuallum,
540 3846 675 3920 tamque
690 3840 819 3901 diutina
840 3859 1013 3920 corporum
1027 3841 1187 3901 seiunctio
1203 3845 1238 3900 et
1255 3840 1501 3901 consuetudinis
1514 3860 1548 3897 20

304 3924 501 3984 intermissio
521 3943 588 3985 non
606 3925 718 4003 potuit
735 3923 788 3985 vel
806 3923 940 3985 tantillo
958 3924 1092 3985 reddere
1112 3923 1357 4003 languidiorem,
1376 3923 1442 3995 ssd,
1462 3928 1502 3983 vt

303 4012 452 4085 apparet,
468 4007 612 4068 reddidit
625 4008 877 4087 flagrantiorem.
900 4007 1041 4068 Proinde
1051 4006 1301 4086 subscriptionis
1315 4006 1402 4067 illius
1416 4026 1501 4085 quae

304 4090 366 4150 tibi
380 4090 569 4169 scrupulum
590 4092 710 4163 iniecit,
726 4109 786 4162 me,
802 4092 848 4151 mi
867 4090 1042 4162 Bemarde‚
1056 4110 1124 4151 non
1138 4091 1295 4170 poenitet,
1310 4096 1350 4151 vt
1369 4109 1453 4169 quae
1467 4095 1501 4151 te

304 4174 468 4246 excitarit,
493 4179 532 4233 vt
555 4174 741 4235 euidentius
763 4175 961 4253 exprimeres
983 4175 1103 4235 amoris
1127 4193 1204 4252 erga
1226 4193 1278 4234 me
1303 4175 1353 4234 tui
1379 4174 1500 4251 magni-

305 4255 473 4318 tudinem:
506 4258 564 4335 qui
588 4258 673 4318 siin
696 4257 903 4318 adolescente
926 4277 984 4337 per
1012 4262 1065 4318 tot
1088 4258 1281 4330 occasiones,
1304 4276 1387 4335 quas
1415 4275 1500 4317 com·
1515 4273 1547 4323 25

305 4341 495 4414 memoraui,
519 4340 708 4414 refrixisset,
735 4340 816 4401 nihil
839 4340 982 4401 alienum
1007 4340 1050 4401 ab
1072 4340 1242 4402 hominum
1264 4339 1419 4413 moribus,
1442 4344 1503 4400 aut

305 4441 417 4484 rerum
439 4442 605 4485 nouumue
626 4424 806 4486 accidisset.
850 4423 964 4503 quue
986 4423 1194 4503 voluptatem
1217 4424 1399 4484 vberiorem
1421 4423 1502 4504 cepi,

440 4559 515 4608 2480.
534 4573 574 4618 ²9·
593 4558 759 4623 singinicare
770 4557 834 4608 ΜΗ.
905 4559 980 4608 2481.
998 4571 1056 4607 m.
1069 4571 1098 4607 n.
1110 4565 1173 4623 post
1184 4571 1251 4608 nor.
1264 4574 1316 4609 om.
1329 4558 1366 4608 N.

339 4723 414 4772 2481.
434 4736 458 4784 3.
477 4721 601 4781 litterae]
620 4720 676 4771 For
695 4720 778 4770 other
794 4720 878 4770 reler-
930 4720 984 4785 Ep.
997 4733 1073 4781 2255.
1108 4720 1184 4770 'l'het
1195 4720 1220 4769 it
1228 4735 1286 4769 was
1294 4719 1504 4770 receivedafter

306 4805 389 4839 ences
411 4794 443 4839 to
465 4789 515 4838 the
542 4787 651 4837 burden
678 4787 708 4837 oi
734 4786 879 4837 Erasmus’
932 4789 963 4837 18
975 4787 1056 4852 April
1070 4800 1135 4850 1530
1148 4786 1284 4837 isshown
1300 4786 1401 4851 hythe
1417 4786 1502 4836 refer-

306 4854 546 4920 oorrcspondence
560 4869 606 4904 see
620 4855 695 4919 Epp.
713 4867 771 4918 794·
786 4856 880 4918 6873,
930 4868 998 4904 once
1018 4859 1050 4904 to
1069 4853 1120 4904 the
1137 4853 1199 4904 alui
1218 4852 1392 4911 tennioribus,
1411 4852 1503 4902 which

307 4936 382 4986 1451.
409 4937 449 4981 11,
472 4925 548 4987 1461.
575 4935 597 4979 1,
622 4924 697 4985 1466.
721 4935 781 4985 141,
804 4925 879 4982 2619.
932 4920 1131 4970 canbedated
1142 4919 1216 4970 from
1228 4919 1281 4984 Ep.
1294 4933 1370 4982 1331.
1382 4933 1441 4983 3-9.
1473 4919 1504 4969 It

308 4993 365 5039 1-6.
932 4987 1040 5037 follows
1048 4985 1504 5052 thatthepresentletterbelcnge

375 5055 444 5118 tuis]
462 5055 521 5105 Not
541 5060 652 5114 extant,
673 5056 703 5105 in
722 5070 832 5106 answsr
850 5060 883 5105 to
932 5060 964 5106 te
975 5053 1299 5120 thesubsequentyesr.
