4042 5900
425 636 466 696 te
754 632 952 694 LETTERS
973 631 1029 695 OF
1049 630 1254 695 ERASMUS
1533 633 1627 709 [1530

426 813 502 854 eum
523 812 620 871 quem
643 798 735 853 totus
755 793 891 871 suspicit
910 793 999 853 orbis
1021 791 1160 852 scribere
1174 791 1290 853 ausim.
1333 788 1500 851 Libellum
1514 789 1627 869 itaque

398 898 413 946 5
428 876 637 955 Trapezontii
652 894 750 953 quem
765 895 785 936 a
800 895 851 936 me
865 876 990 954 petiisti
1004 875 1057 936 hic
1076 893 1144 936 non
1158 874 1284 948 habeo;
1307 873 1366 945 sed
1379 873 1627 953 quamprimum

428 960 632 1038 Moguntiam
646 959 781 1031 rediero,
797 960 938 1019 mittam.
984 958 1085 1019 Miror
1103 957 1155 1019 hic
1170 958 1319 1038 proiecto
1333 962 1432 1018 tuum
1447 956 1626 1017 candorem

427 1049 462 1104 et
476 1042 679 1115 modestiam,
695 1044 815 1122 quippe
830 1042 887 1121 qui
901 1043 1001 1102 etiam
1017 1044 1085 1121 ipse
1095 1060 1150 1102 eos
1165 1041 1282 1102 sedere
1296 1045 1433 1120 paratus
1447 1059 1484 1101 es
1499 1039 1628 1101 libellos

428 1128 485 1205 qui
500 1132 577 1186 tuae
592 1125 819 1187 contradicant
835 1126 980 1205 opinioni
993 1147 1000 1198 ;
1023 1145 1089 1203 quo
1108 1126 1226 1203 cuique
1244 1123 1385 1185 liberum
1399 1124 1444 1183 sit
1458 1121 1629 1184 iudicandi

428 1209 611 1282 arbitrium,
641 1215 675 1270 et
704 1210 807 1269 lector
834 1208 1008 1269 collatione
1036 1208 1240 1269 diuersarum
1273 1208 1463 1287 opinionum
1499 1206 1629 1268 doctior

385 1293 560 1355 roeuadat.
603 1290 666 1353 Sed
695 1291 745 1352 his
770 1292 906 1365 omissis,
933 1311 974 1352 ne
999 1291 1129 1353 adulari
1153 1292 1255 1371 magis
1281 1309 1381 1370 quam
1405 1287 1630 1369 παρρησιάζειν

429 1375 550 1448 videar,
566 1376 609 1436 ad
623 1376 689 1436 alia
702 1382 842 1436 transeo.

470 1458 552 1520 Cum
567 1458 692 1539 pridem
708 1458 875 1519 Haerlemi
891 1477 1004 1531 essem,
1020 1477 1137 1537 nempe
1154 1459 1189 1518 in
1210 1457 1425 1519 Brabantiam
1440 1476 1461 1517 a
1476 1456 1630 1536 Principe

429 1561 502 1603 meo
517 1542 778 1615 clementissimo,
798 1541 963 1603 cardinali
980 1541 1184 1621 Maguntino,
1202 1540 1330 1619 legatus
1348 1541 1476 1614 missus,
1497 1545 1534 1601 et
1553 1559 1630 1600 cum

430 1625 554 1687 Senatu
569 1631 683 1686 nostro
697 1627 806 1686 varios
820 1624 999 1685 conferrem
1015 1644 1187 1697 sermones,
1200 1624 1373 1685 incidimus
1387 1623 1473 1685 forte
1489 1623 1525 1683 in
1538 1641 1629 1684 men·

386 1729 417 1779 15
430 1710 554 1771 tionem
577 1710 772 1788 pensionarii
794 1711 845 1784 (vt
864 1708 963 1787 vulgo
978 1713 1112 1785 vocant)
1133 1707 1283 1786 eligendi.
1327 1706 1414 1767 Nam
1436 1707 1543 1785 isqui
1563 1707 1630 1767 iam

429 1792 505 1853 huic
514 1798 643 1872 praeest
654 1792 767 1864 officio,
778 1798 849 1853 tum
859 1798 993 1870 propter
1003 1797 1213 1864 senectutem,
1224 1797 1297 1851 tum
1305 1795 1442 1870 propter
1449 1789 1632 1869 paralysim

430 1894 497 1954 qua
519 1895 616 1956 saepe
638 1875 777 1947 laborat,
801 1876 909 1935 minus
938 1875 1074 1936 idoneus
1102 1881 1162 1935 est.
1215 1873 1343 1934 Deinde
1366 1872 1462 1946 alter,
1489 1872 1629 1946 iuuenis,

430 1978 528 2039 quem
539 1959 615 2019 huic
630 1958 734 2019 officio
748 1958 951 2019 destinatum
965 1957 1120 2019 Consules
1135 1958 1241 2018 nostri
1254 1958 1288 2017 in
1303 1955 1421 2035 Hagha
1441 1955 1485 2017 ad
1500 1956 1632 2035 praxim

431 2043 510 2103 iuris
529 2041 761 2103 addiscendam
778 2041 923 2114 alebant,
943 2061 961 2102 e
979 2042 1050 2102 vita
1073 2042 1220 2101 excessit.
1265 2040 1440 2101 Praeterea
1459 2038 1545 2100 alius
1559 2039 1631 2118 qui·

384 2147 418 2182 20
431 2125 508 2186 dam
522 2126 659 2197 iuuenis,
675 2144 772 2203 quem
788 2123 942 2185 Consules
954 2143 1027 2185 meo
1041 2124 1176 2185 consilio
1195 2123 1238 2184 ad
1254 2123 1315 2184 hoc
1329 2142 1450 2183 munus
1463 2140 1633 2183 assumere

431 2208 653 2281 decreuerant‚
669 2211 768 2269 sacris
782 2209 934 2268 initiatus
954 2213 1015 2280 est,
1037 2213 1072 2268 et
1093 2207 1229 2287 proinde
1251 2207 1326 2267 huic
1346 2206 1489 2286 negocio,
1513 2224 1635 2285 nempe

431 2291 578 2364 seculari,
593 2293 734 2370 ineptus.
764 2291 871 2364 Quare
882 2311 958 2352 cum
971 2292 1052 2352 haec
1066 2291 1202 2364 Quirino
1216 2296 1331 2351 nostro
1342 2308 1522 2363 narrarem,
1534 2289 1633 2350 intel·

431 2376 496 2436 lexi
517 2376 625 2454 ipsum
647 2375 707 2436 boc
729 2375 879 2446 officium,
903 2376 930 2435 si
952 2375 1133 2448 offerretur,
1148 2393 1215 2435 non
1234 2379 1506 2453 aspematurum;
1530 2373 1634 2433 immo

432 2479 452 2519 a
467 2479 518 2520 me
533 2459 630 2538 petiit
645 2466 684 2520 vt
698 2459 786 2538 patri
801 2478 882 2531 meo,
898 2458 1020 2520 Iacobo
1035 2458 1216 2519 Montfoert
1236 2456 1278 2517 ab
1299 2455 1406 2530 Hoefi,
1422 2457 1488 2517 iam
1503 2456 1635 2517 consuli

386 2565 418 2615 25
432 2542 639 2614 Harlemaeo,
666 2562 763 2621 super
789 2542 849 2602 hac
873 2562 907 2602 re
932 2541 1114 2613 scriberem,
1138 2541 1366 2620 expiscaturus
1390 2559 1471 2601 num
1494 2545 1635 2601 senatus

433 2625 567 2699 Quirino
581 2625 642 2686 hoc
658 2645 777 2685 munus
791 2625 940 2685 addicere
955 2625 1066 2686 vellet.
1096 2623 1191 2697 Quod
1201 2623 1297 2684 facile
1311 2624 1462 2684 futurum
1477 2622 1635 2696 arbitror,

433 2711 533 2769 immo
547 2709 652 2769 ausim
667 2709 772 2769 dicere
787 2710 862 2782 scio,
878 2710 905 2768 si
920 2708 1076 2769 Erasmus
1091 2707 1263 2781 Quirinum
1277 2708 1343 2767 iam
1358 2706 1421 2767 sibi
1441 2707 1534 2766 intus
1548 2712 1585 2767 et
1599 2707 1636 2768 in

433 2798 508 2853 cute
522 2798 639 2853 notum
654 2791 706 2852 vel
722 2812 789 2852 vno
804 2791 941 2853 verbulo
956 2792 1147 2871 dignaretur
1161 2790 1390 2852 commendare
1404 2789 1493 2869 patri
1506 2808 1584 2851 meo
1599 2797 1635 2851 et

433 2875 605 2936 Franciaco
619 2875 660 2936 de
676 2875 779 2936 Witte
797 2875 993 2936 consulibus.
1038 2875 1124 2935 Nam
1147 2875 1193 2935 hii
1207 2874 1314 2936 multo
1333 2874 1435 2934 etiam
1455 2872 1584 2934 maiora
1598 2874 1636 2934 in

388 2966 527 3032 3otuam
555 2962 695 3038 gratiam
721 2959 842 3020 facturi
866 2967 984 3020 essent.
1028 2959 1153 3020 Deinde
1182 2959 1243 3020 hoc
1271 2959 1373 3019 etiam
1398 2956 1571 3018 lubentius
1599 2957 1637 3018 id

433 3049 541 3122 agent,
565 3042 654 3122 quod
676 3042 830 3115 Quirinus
852 3044 918 3103 suis
939 3044 1093 3122 impensis
1108 3042 1188 3103 velit
1210 3044 1244 3102 in
1264 3040 1371 3102 Gallia
1391 3040 1521 3102 duobus
1536 3042 1636 3102 annis

433 3126 476 3187 ad
499 3126 643 3204 linguam
665 3125 906 3205 percipiendam
924 3127 1074 3199 studere;
1097 3125 1258 3204 siquidem
1278 3123 1448 3185 habebant
1467 3124 1502 3184 in
1519 3125 1637 3186 animo

434 3210 536 3269 etiam
557 3211 624 3269 suis
645 3210 799 3288 impensis
820 3209 984 3287 quendam
1004 3211 1157 3270 iuuenem
1175 3210 1209 3269 in
1234 3207 1342 3270 Gallia
1363 3207 1407 3268 ad
1427 3207 1489 3268 hoe
1509 3225 1636 3269 munus

435 3293 622 3353 obeundum
642 3293 739 3366 alere,
760 3313 826 3370 quo
847 3294 925 3353 iuris
947 3299 982 3353 et
1002 3291 1147 3353 Gallicae
1168 3292 1297 3371 linguae
1312 3291 1431 3371 peritia
1450 3290 1638 3352 instructus

389 3400 421 3449 35
435 3377 537 3454 magis
559 3376 695 3436 idoneus
717 3383 811 3436 esset.
867 3377 968 3437 Porro
988 3395 1047 3455 ego
1068 3376 1158 3454 prius
1172 3376 1261 3454 patri
1275 3394 1348 3435 meo
1362 3373 1503 3434 scribam
1518 3375 1636 3436 omnia

435 3458 658 3538 indagaturus,
684 3466 722 3520 vt
743 3465 858 3538 postea
882 3459 1017 3533 Quirino
1038 3458 1224 3538 significem,
1247 3476 1314 3536 quo
1334 3477 1393 3537 per
1415 3476 1491 3518 eum
1512 3457 1638 3518 certior

435 3543 544 3603 factus
559 3545 673 3615 tutius,
686 3544 713 3603 si
728 3543 830 3615 lubet,
842 3542 981 3603 scribere
995 3544 1127 3621 poteris.
1158 3540 1288 3603 Nollem
1300 3543 1387 3602 enim
1402 3547 1441 3601 vt
1455 3541 1638 3619 quicquam

435 3625 559 3686 frustra
573 3646 593 3686 a
608 3633 720 3687 nostra
735 3628 870 3687 ciuitate
885 3632 1021 3705 peteres.
1066 3626 1154 3686 Bene
1169 3624 1244 3685 vale
1258 3630 1293 3685 et
1307 3624 1448 3703 culpam,
1464 3622 1557 3702 quod
1571 3624 1638 3686 tibi

435 3728 535 3770 ausus
550 3710 611 3770 sim
626 3711 773 3783 scribere,
789 3711 823 3770 in
838 3709 1009 3783 Quirinum
1025 3710 1128 3770 reiioe.

390 3817 423 3869 ⁴⁰
477 3792 603 3854 Datum
631 3793 799 3872 Augustae
829 3793 1080 3866 Vindelicorum,
1109 3803 1172 3854 12⁰.
1202 3790 1334 3853 Calend.
1362 3788 1513 3852 Octobris
1536 3788 1639 3852 Anno

438 3888 528 3952 1530.
701 3958 804 4020 Totus
819 3979 860 4020 ex
876 3961 985 4020 animo
1000 3967 1079 4021 tuus
1094 3960 1213 4021 Petrus
1228 3957 1410 4018 Montfoert
1424 3956 1468 4018 ab
1481 3955 1594 4019 Hoeff.

478 4066 594 4128 Sacrae
616 4066 798 4147 theologiae
818 4074 919 4146 atque
940 4068 1023 4129 adeo
1038 4069 1184 4129 omnium
1199 4066 1361 4128 bonarum
1376 4066 1499 4126 artium
1514 4063 1641 4128 doctis·

436 4151 518 4211 simo
543 4150 676 4211 domino
704 4150 883 4229 Desyderio
912 4151 1049 4212 Erasmo
1074 4151 1346 4229 <Rot>erodamo,
1376 4149 1547 4227 <domi>no
1573 4169 1638 4212 suo

389 4232 422 4285 4⁵
436 4236 677 4313 sum<mopere>
692 4234 907 4296 obseruando.
952 4234 1103 4313 Friburgi
1117 4234 1291 4312 Brisgoiae.

873 4367 916 4416 23.
935 4353 1117 4403 offerreretur
1128 4351 1194 4402 MS.

470 4530 495 4580 5.
508 4516 699 4582 Trapezontii]
707 4517 912 4583 Possiblyarrs.
922 4520 953 4571 oi
964 4519 1009 4571 his
1093 4533 1135 4569 22.
1154 4517 1281 4579 Quirino]
1292 4518 1337 4568 He
1346 4516 1483 4569 obtained
1489 4516 1541 4569 the
1552 4524 1642 4584 postg

437 4583 649 4637 translationes
660 4582 851 4649 Chrysestom.
1060 4601 1106 4637 see
1118 4586 1172 4652 Ep.
1188 4589 1252 4647 1966
1263 4585 1368 4636 introd.
