4042 5900
506 665 566 726 176
829 662 1029 727 LETTERS
1048 664 1105 727 OF
1125 662 1330 728 ERASMUS
1604 667 1698 745 [1531

505 827 593 885 certe
600 823 731 884 nomine
740 842 799 885 vos
813 829 848 885 et
861 843 938 885 amo
948 828 984 885 et
997 823 1106 905 laudo,
1122 823 1211 903 quod
1225 826 1259 885 in
1273 824 1324 886 his
1333 824 1474 886 dissidiis
1482 825 1585 904 quieti
1597 824 1701 885 bonas

505 907 633 968 litteras
647 906 739 968 nulla
752 908 895 969 oneratis
908 902 1041 969 inuidia.

460 1011 493 1072 85
548 990 650 1051 Venio
674 1009 762 1051 nunc
790 990 834 1052 ad
858 1010 898 1051 ea
923 1010 986 1070 que
1008 990 1216 1071 peculiariter
1239 1011 1366 1052 mecum
1390 992 1468 1072 agis.
1512 991 1702 1071 Exprobras

507 1073 596 1153 quod
618 1093 728 1135 meum
749 1093 868 1135 nomen
889 1073 1064 1153 praeclaris
1085 1073 1239 1136 laudibus
1258 1076 1393 1136 vexeris.
1437 1075 1482 1136 Vt
1499 1075 1607 1137 fateor
1621 1075 1702 1136 mihi

507 1176 573 1218 non
593 1176 663 1218 esse
684 1158 859 1218 molestum
881 1157 1007 1218 laudari
1025 1178 1045 1218 a
1064 1158 1136 1217 viro
1154 1157 1301 1231 laudato,
1316 1159 1364 1220 ita
1379 1160 1425 1235 (ni
1438 1158 1548 1236 fallor)
1559 1160 1702 1220 vicissim

508 1240 635 1301 Eobani
654 1241 805 1313 virtutes,
827 1242 854 1301 si
876 1242 985 1301 minus
1005 1260 1106 1319 quam
1128 1246 1167 1302 tu
1187 1243 1325 1321 copiose,
1340 1243 1421 1303 satis
1438 1248 1550 1303 tamen
1564 1242 1703 1303 candide

508 1324 702 1404 praedicaui.
746 1323 860 1403 Nuper
881 1322 1061 1385 Glareanus
1082 1324 1163 1385 mibi
1183 1327 1332 1386 narrauit
1347 1325 1406 1386 abs
1420 1332 1454 1387 te
1467 1325 1595 1387 editum
1610 1325 1702 1386 volu-

462 1441 496 1488 90
508 1427 583 1469 men
597 1409 880 1487 epigrammatum,
896 1408 930 1468 in
945 1408 1065 1487 quibus
1083 1408 1235 1487 frequens
1250 1414 1284 1470 et
1298 1408 1476 1470 honorifica
1489 1410 1554 1469 mei
1569 1411 1702 1470 mentio.

509 1491 550 1553 Id
560 1491 706 1552 nondum
720 1491 831 1552 videre
846 1490 962 1552 datum
977 1498 1037 1552 est.
1080 1490 1177 1565 Quod
1191 1492 1303 1553 scribis
1321 1493 1362 1552 de
1377 1492 1555 1553 subtractis
1568 1512 1587 1553 e
1600 1492 1703 1554 farra-

509 1576 583 1654 gine
597 1576 676 1635 meis
691 1574 734 1635 ad
749 1581 783 1636 te
798 1574 953 1653 epistolis,
968 1594 1029 1635 neo
1043 1577 1177 1636 memini
1196 1595 1255 1636 nec
1275 1576 1356 1636 satis
1377 1575 1533 1654 intellige.
1579 1575 1612 1638 Si
1627 1575 1703 1637 sub-

509 1663 637 1720 tractae
651 1664 738 1730 sunt,
754 1664 841 1718 certe
855 1658 931 1719 odio
945 1659 996 1718 tui
1010 1658 1138 1719 factum
1151 1678 1217 1720 non
1231 1664 1291 1719 est.
1335 1658 1449 1737 Neque
1463 1661 1549 1720 enim
1564 1678 1657 1720 meae
1671 1660 1705 1720 in

510 1748 544 1804 te
573 1741 819 1802 beneuolentiae
840 1742 1017 1820 quicquam
1041 1740 1178 1802 decessit
1206 1741 1373 1803 hactenus.
1417 1742 1501 1803 Fieri
1526 1747 1638 1821 potest
1666 1749 1706 1803 vt

464 1855 497 1906 95
510 1845 613 1905 quum
628 1825 757 1886 ederem
772 1824 833 1885 hoc
847 1844 949 1903 genus
963 1826 1157 1905 argumenti,
1169 1832 1246 1886 tuae
1260 1845 1326 1886 non
1337 1826 1488 1887 venerint
1501 1826 1545 1886 ad
1560 1845 1705 1898 manum,

510 1914 571 1969 aut
593 1907 718 1987 aliquid
741 1909 841 1968 fuerit
862 1927 979 1969 causae
1000 1908 1090 1987 quod
1110 1928 1197 1970 nunc
1214 1928 1280 1968 non
1300 1927 1385 1987 queo
1399 1908 1555 1970 diuinare.
1600 1909 1706 1971 Vnam

510 1991 576 2053 illic
598 2011 705 2052 meam
726 1991 770 2051 ad
792 1997 826 2052 te
848 1991 1023 2070 epistolam
1036 1994 1170 2071 reperio.
1223 1992 1296 2052 Tibi
1310 2011 1376 2053 non
1391 1991 1523 2054 videtur
1536 1993 1706 2055 ferendum

512 2074 601 2154 quod
629 2076 663 2135 in
691 2074 899 2136 Oioeroniano
927 2094 1000 2136 meo
1028 2075 1138 2136 nullus
1166 2075 1303 2136 Ecbano
1331 2076 1430 2137 datus
1458 2077 1502 2137 sit
1529 2076 1629 2138 loeus.
1673 2075 1707 2138 Si

512 2178 654 2237 aequum
675 2164 839 2230 autumas,
862 2159 912 2218 vir
931 2159 1133 2231 amicissime,
1153 2165 1193 2220 vt
1212 2178 1263 2219 me
1284 2160 1318 2220 in
1336 2159 1387 2220 ius
1406 2165 1502 2221 vocet
1520 2162 1708 2239 quicunque

451 2272 500 2308 100
512 2242 578 2303 illic
597 2243 795 2321 praeteritus
816 2248 876 2313 est,
896 2242 1072 2321 plusquam
1094 2242 1226 2303 ducenti
1245 2261 1298 2303 me
1316 2262 1409 2304 reum
1423 2250 1588 2323 peragent.
1631 2242 1709 2303 Non

513 2326 600 2387 enim
614 2325 660 2386 ibi
675 2324 827 2386 texebam
842 2324 1028 2404 catalogum
1048 2344 1160 2386 eorum
1175 2327 1231 2404 qui
1253 2327 1381 2405 scriptis
1395 2326 1623 2400 innotuissent,
1639 2326 1708 2399 sed,

514 2428 618 2488 quum
637 2408 748 2469 decem
765 2408 915 2487 exempla
937 2408 1114 2469 suffectura
1132 2409 1255 2470 fuerint
1275 2410 1318 2470 ad
1340 2408 1374 2469 id
1396 2410 1485 2488 quod
1504 2410 1570 2471 illio
1589 2410 1708 2489 agitur,

514 2491 635 2554 indulsi
662 2511 807 2565 numero,
837 2491 935 2570 idque
958 2493 1056 2552 sicuti
1084 2511 1201 2571 parum
1227 2493 1385 2567 consulte,
1409 2495 1458 2554 ita
1481 2497 1533 2570 (vt
1556 2496 1708 2572 apparet)

514 2595 632 2657 parum
646 2574 792 2635 leliciter.
827 2574 959 2636 Vtinam
974 2576 1008 2635 in
1020 2581 1129 2637 totum
1144 2596 1165 2636 a
1179 2577 1331 2637 vinorum
1345 2583 1407 2637 aut
1420 2595 1524 2656 nuper
1539 2575 1708 2638 defuncto-

454 2687 502 2739 105
515 2678 588 2721 rum
603 2658 789 2719 nominibus
804 2663 1045 2737 temperassem.
1077 2658 1173 2720 Nunc
1188 2659 1244 2720 alii
1258 2680 1292 2720 se
1307 2666 1490 2738 queruntur
1503 2661 1709 2739 praeteritos,

516 2743 572 2805 alii
586 2742 699 2803 dolent
713 2761 748 2802 se
762 2747 1043 2815 commemoratos,
1059 2742 1114 2803 alii
1129 2762 1222 2803 secus
1236 2743 1357 2805 attacti
1371 2750 1450 2804 sunt
1463 2762 1563 2823 quam
1574 2742 1709 2804 vellent.

516 2825 692 2888 liniendus
720 2830 793 2885 erat
821 2826 988 2886 nominum
1018 2825 1203 2904 catalogus;
1240 2828 1275 2887 id
1304 2827 1373 2888 fieri
1400 2846 1466 2888 non
1490 2832 1624 2906 poterat
1647 2826 1711 2887 nisi

516 2910 630 2972 multis
644 2910 889 2989 praetermissis.
920 2908 983 2971 Sed
991 2909 1118 2971 omissis
1126 2910 1252 2989 inquies
1260 2911 1423 2992 gregariis,
1433 2911 1568 2972 eximios
1576 2914 1711 2971 tantum

517 2994 740 3056 recensuisses.
785 2992 905 3054 Verum
927 2993 984 3072 qui
1004 2993 1062 3053 vix
1084 2996 1221 3073 gregarii
1241 3002 1328 3069 sunt,
1344 2994 1406 3056 sibi
1420 2994 1575 3055 videntur
1589 2995 1710 3055 eximii.

455 3107 505 3145 110
517 3079 618 3140 Porro
632 3096 674 3138 ne
684 3082 722 3137 tu
737 3075 986 3137 maleuolentiae
1000 3076 1066 3150 des,
1076 3076 1165 3156 quod
1179 3080 1368 3140 nominatus
1381 3078 1427 3140 ibi
1441 3097 1508 3138 non
1521 3078 1575 3150 sis,
1584 3082 1711 3157 praete·

517 3163 601 3223 ritus
620 3167 672 3221 est
691 3167 727 3221 et
743 3159 856 3220 Zasius
875 3167 910 3220 et
928 3160 1051 3220 Beatus
1068 3160 1256 3235 Rhenanus,
1273 3181 1412 3241 quorum
1434 3161 1576 3223 alterum
1598 3160 1714 3222 crebro

519 3243 682 3316 videbam,
698 3243 740 3304 ab
755 3243 860 3303 altero
875 3243 1065 3322 frequenter
1082 3245 1280 3323 accipiebam
1298 3246 1435 3319 litteras,
1452 3252 1491 3306 vt
1509 3244 1711 3306 obliuionem

519 3328 646 3389 causari
661 3346 727 3387 non
742 3345 870 3404 queam.
916 3326 983 3387 Nec
999 3326 1048 3387 illi
1062 3333 1175 3389 tamen
1190 3330 1413 3408 expostulant.
1458 3328 1591 3408 Semper
1605 3328 1713 3389 fassus

375 3418 397 3438 ·'
520 3431 602 3483 sum,
618 3410 708 3489 quod
723 3409 785 3469 sibi
798 3409 947 3471 vindicat
961 3409 1153 3472 Franciscus
1174 3411 1373 3491 Philelphus,
1389 3432 1502 3491 parem
1522 3414 1557 3472 in
1571 3418 1714 3490 vtroque

459 3522 506 3572 115
519 3513 636 3574 genere
650 3494 845 3554 facultatem
861 3493 922 3554 tibi
937 3494 1019 3554 mire
1034 3496 1216 3573 contigisse,
1233 3496 1290 3557 sed
1304 3495 1386 3556 nihil
1398 3495 1487 3574 quod
1503 3496 1602 3556 sciam
1618 3500 1715 3555 extat

521 3578 571 3639 tui
592 3582 723 3656 praeter
744 3583 907 3655 poemata.
951 3577 997 3637 At
1019 3578 1055 3638 in
1076 3577 1286 3639 Ciceroniano
1304 3598 1386 3651 meo,
1403 3585 1442 3639 vt
1457 3580 1515 3651 ais,
1531 3578 1570 3640 fit
1585 3578 1713 3657 aliquot

520 3667 694 3741 poetarum
716 3660 973 3722 nomenclatura.
1020 3661 1181 3733 Fortasse,
1204 3660 1262 3721 sed
1282 3661 1389 3722 obiter
1407 3668 1520 3723 tamen
1534 3668 1569 3722 et
1583 3667 1716 3741 praeter

522 3744 707 3823 argumenti
721 3748 885 3816 naturam,
901 3751 939 3805 vt
955 3745 1018 3805 hoc
1033 3745 1085 3804 cui
1103 3745 1200 3805 venia
1220 3763 1302 3822 opus
1317 3750 1368 3806 est
1383 3746 1486 3824 magis
1501 3765 1601 3824 quam
1616 3744 1715 3806 laude

522 3826 674 3889 contrahi
694 3828 806 3906 potius
828 3826 977 3889 debuerit
999 3848 1100 3907 quam
1121 3827 1263 3889 dilatari.
1307 3829 1352 3889 Et
1368 3836 1480 3889 tamen
1495 3830 1554 3890 hec
1570 3828 1716 3889 scribens

462 3939 511 3976 120
524 3910 670 3972 nondum
686 3911 763 3984 scio,
778 3930 821 3972 an
837 3911 882 3971 ibi
897 3912 940 3972 sit
960 3911 1117 3973 Ecbanus
1131 3930 1253 3973 neone:
1280 3918 1315 3972 et
1330 3913 1393 3972 nisi
1408 3919 1447 3973 tu
1462 3913 1716 3992 expostulasses,

524 3994 733 4056 credidissem
755 3999 789 4055 te
810 3995 944 4055 minime
966 3996 1245 4075 praetermissum,
1268 4000 1401 4056 tantum
1425 3995 1520 4057 abest
1545 4002 1582 4056 vt
1605 3995 1717 4057 studio

524 4083 621 4138 tuum
646 4096 767 4138 nomen
792 4080 1038 4158 suppresserim.
1082 4078 1154 4139 Iam
1174 4077 1259 4158 finge
1281 4098 1333 4139 me
1355 4080 1498 4140 texuisse
1519 4079 1718 4158 scriptorum

525 4159 731 4240 catalogum:
766 4160 942 4223 humanius
967 4167 1041 4223 erat
1060 4161 1218 4222 obliuioni
1236 4163 1402 4241 ignoscere
1422 4182 1520 4241 quam
1544 4161 1584 4222 de
1605 4163 1717 4224 animo

558 4287 600 4351 84.
618 4287 756 4338 onerastis
766 4286 797 4337 J.
893 4289 969 4351 86-7.
987 4303 1045 4338 non
1056 4303 1117 4338 esse
1128 4288 1198 4338 mihi
1209 4288 1240 4338 J.
1340 4289 1382 4349 89.
1400 4288 1453 4339 abs
1464 4294 1494 4338 te
1505 4287 1543 4338 J:
1561 4289 1640 4338 abta
1651 4288 1717 4339 MS.

527 4368 586 4417 103.
602 4353 687 4404 sicuti
698 4354 742 4404 K:
760 4360 795 4405 vt
805 4353 869 4404 MS.
936 4359 970 4405 vt
981 4361 1103 4419 apparet
1114 4355 1177 4405 add.
1190 4354 1221 4405 J.
1291 4359 1347 4405 106.
1365 4354 1469 4405 attacti
1479 4354 1501 4405 J
1510 4372 1517 4404 ε
1535 4354 1642 4404 attenti
1653 4355 1717 4405 MS.

527 4435 586 4484 115.
604 4420 755 4486 contigisse
765 4420 846 4471 MR:
864 4420 999 4485 obtigisse
1009 4420 1041 4471 J.
1118 4426 1174 4472 116.
1194 4422 1234 4473 At
1243 4422 1265 4472 J
1273 4440 1279 4471 :
1299 4422 1353 4472 Sed
1364 4421 1429 4472 MS.
1503 4427 1538 4472 vt
1549 4421 1591 4471 aia
1602 4421 1667 4473 cdd.
1679 4423 1718 4473 K.

527 4490 585 4539 118.
603 4487 693 4551 magis
703 4502 790 4552 quam
802 4486 886 4538 laude
896 4486 978 4538 Ma:
996 4488 1091 4539 verius
1102 4504 1189 4554 quam
1201 4489 1322 4540 debetur
1333 4488 1395 4539 laus
1406 4488 1437 4538 J.

558 4636 602 4683 90.
619 4621 867 4687 epigrammatum]
921 4621 976 4686 Ep.
1031 4636 1098 4687 2495
1149 4622 1285 4674 Ecbanus
1302 4623 1391 4687 spolie
1408 4622 1452 4672 his
1471 4622 1578 4687 praises
1600 4622 1630 4671 in
1650 4623 1720 4687 Epi·

525 4688 629 4754 speaks
653 4689 684 4739 ci
708 4703 745 4738 an
770 4688 866 4752 inpane
891 4688 1017 4767 columen
1041 4690 1098 4753 api·
1150 4691 1244 4741 cadion
1266 4690 1298 4740 in
1315 4690 1414 4752 funcra
1433 4688 1556 4747 Ercami,
1576 4689 1720 4767 Marburg,

525 4754 1100 4884 twinittttdltffilt
1148 4755 1434 4874 sibilent.
1449 4755 1535 4806 aa.
1556 4758 1721 4807 ΝΜ

526 4837 663 4939 &banus
674 4889 731 4938 had
739 4886 890 4955 published
899 4889 924 4938 A
932 4889 1101 4952 Profectiona
1183 4893 1226 4950 96.
1244 4888 1347 4949 Vnam]
1360 4889 1415 4954 Ep.
1426 4890 1486 4950 982.

526 4955 565 5006 ud
579 4955 643 5005 Dea.
656 4954 806 5008 dracmam
816 4954 1035 5019 Hodcaporicoa:
1052 4972 1100 5006 aee
1186 4970 1242 5020 114.
1261 4955 1437 5021 Philelphus]
1450 4956 1492 5006 Ol.
1505 4955 1558 5021 Ep.
1571 4969 1646 5021 2495.

527 5022 646 5088 Ep.87o
654 5022 759 5074 introd.
792 5022 884 5073 When
892 5022 1100 5073 Erasmuadied
