4042 5900
386 681 483 758 2359]
642 675 698 739 ro
719 676 1034 740 onarssornna
1056 677 1111 739 or
1131 676 1323 740 eremos
1567 683 1587 741 5

387 856 469 898 num
503 842 694 915 martyrem.
741 836 838 898 Nunc
872 837 984 917 prodit
1018 837 1116 897 diuus
1149 837 1291 898 Ioannes
1325 837 1587 917 chrysostomus,

387 920 624 982 mellitissimus
649 919 703 980 ille
732 921 943 981 concionator
966 919 1152 998 Christique
1177 940 1295 1000 praeco
1322 920 1587 1000 indefatigabilis,

387 1006 441 1065 cui
461 1005 533 1065 iure
554 1004 680 1083 optimo
701 1002 743 1065 ob
765 1004 1039 1083 sapientissimam
1063 1003 1286 1082 eloquentiam
1307 1009 1343 1066 et
1363 1004 1587 1083 eloquentissi-

386 1106 478 1148 mam
503 1087 698 1166 sapientiam
721 1087 786 1148 oris
807 1088 898 1149 aurei
922 1105 1102 1167 cognomen
1127 1087 1291 1148 tributum
1316 1094 1377 1150 est.
1420 1086 1505 1149 Sunt
1531 1089 1635 1167 qui1⁰

388 1171 571 1232 Maximum
585 1169 761 1249 appellent.

431 1254 530 1315 Hunc
545 1260 666 1326 autem,
679 1254 730 1313 vti
744 1272 922 1333 speramus,
937 1253 998 1314 hoc
1014 1254 1278 1333 propensioribus
1293 1254 1411 1316 studiis
1424 1255 1589 1334 excipient

388 1338 611 1399 studiosorum
620 1337 796 1409 centuriae,
808 1336 898 1416 quod
907 1337 1171 1416 incomparabilis
1181 1337 1361 1417 Episcopus
1370 1337 1589 1399 laudatissimi

389 1420 554 1482 Praesulis
568 1419 717 1481 felicibus
736 1421 889 1500 auspiciis
905 1421 1017 1500 prodit
1034 1421 1069 1480 in
1086 1419 1202 1481 lucem.
1238 1420 1354 1500 Neque
1370 1423 1457 1482 enim
1471 1440 1589 1501 parum

387 1504 497 1566 multa
510 1506 597 1564 inter
610 1522 671 1563 vos
684 1504 896 1576 conueniunt,
911 1506 1001 1565 vitae
1018 1504 1200 1582 integritas,
1216 1504 1401 1565 diuinarum
1419 1504 1589 1565 literarum
1605 1519 1635 1568 15

388 1607 491 1660 amor,
507 1587 618 1648 iudicii
632 1586 806 1659 rectitudo,
819 1588 970 1648 veritatis
981 1587 1085 1648 libera
1095 1586 1261 1666 professio,
1274 1607 1333 1648 nec
1345 1587 1488 1667 vulgaris
1499 1588 1590 1648 zelus

388 1670 948 1752 ergsChristisponsameoclesiam.
988 1669 1074 1743 Quin
1083 1676 1118 1731 et
1126 1670 1198 1731 aliis
1207 1671 1430 1750 compluribus
1438 1673 1590 1751 episcopo

388 1754 497 1835 dignis
508 1753 688 1814 virtutibus
699 1754 745 1814 sic
756 1754 899 1815 semines
910 1760 949 1815 vt
960 1755 1047 1815 inter
1058 1755 1168 1814 omnia
1179 1760 1373 1816 ornamenta
1384 1761 1444 1815 tua
1454 1756 1590 1816 minima

388 1840 457 1899 sint
484 1838 594 1918 portio
621 1838 746 1915 generis
774 1836 937 1899 claritudo
961 1856 999 1898 ac
1025 1837 1224 1916 reliquorum
1249 1836 1403 1899 fortunae
1428 1838 1590 1899 bonorum

388 1921 553 2001 splendor,
564 1939 648 1998 quae
657 1921 890 1998 contempsisse
899 1920 1066 2001 pulchrius
1074 1926 1126 1981 est
1134 1940 1233 1999 quam
1243 1922 1433 1999 possedisse.
1472 1921 1590 1982 Neills
1603 1944 1637 1980 20

388 2006 523 2084 quidem
541 2004 644 2064 animi
662 2003 750 2064 bona
766 2005 922 2064 minuunt
939 2006 1037 2065 istam
1054 2011 1148 2066 tuam
1168 2004 1364 2083 singularem
1384 2006 1589 2078 modestiam,

389 2107 494 2168 quum
508 2106 576 2148 non
590 2089 718 2167 ignores
731 2106 802 2147 esse
816 2085 962 2166 gratuita
976 2087 1038 2148 Dei
1052 2087 1148 2160 dona,
1163 2087 1207 2147 ad
1221 2107 1354 2149 vsuram
1370 2089 1504 2151 credita.

431 2171 563 2232 Dixerit
573 2170 705 2230 interim
719 2170 847 2248 aliquis,
863 2171 955 2232 Heus
971 2176 1019 2244 tu,
1035 2171 1114 2249 quid
1130 2173 1240 2249 magni
1255 2171 1314 2232 das
1327 2172 1431 2246 nobis,
1446 2173 1474 2233 si
1487 2171 1589 2251 Chry·

388 2262 572 2317 sostomum
583 2253 642 2314 das
654 2254 753 2314 toties
763 2273 920 2315 excusum
933 2260 946 2315 ‘l
966 2255 998 2315 N
999 2273 1043 2315 on
1056 2253 1118 2315 hoc
1132 2254 1240 2315 colore
1253 2255 1334 2315 mihi
1348 2255 1589 2334 patrocinabor,

388 2338 480 2418 qnod
501 2339 567 2398 iam
588 2336 721 2397 solenne
742 2342 803 2409 est,
826 2338 982 2416 quicquid
1006 2338 1181 2398 excuditur
1202 2357 1222 2398 a
1244 2339 1457 2418 typographis
1478 2338 1590 2417 aliquo
1603 2366 1636 2416 25

388 2422 511 2483 illustri
519 2422 728 2500 gratiosoque
737 2422 868 2481 nomine
878 2421 1108 2482 commendari.
1139 2420 1207 2483 Nec
1216 2422 1478 2483 commemorabo
1487 2441 1589 2500 quan·

389 2513 463 2567 tum
475 2504 659 2565 maiestatis
673 2504 845 2564 accesserit
859 2503 1091 2577 voluminibus,
1103 2524 1144 2565 ex
1158 2504 1375 2583 amplitudine
1390 2505 1589 2577 chartarum,

388 2608 431 2649 ex
451 2588 614 2667 elegantia
634 2586 860 2666 dignitateque
879 2586 1114 2661 formularum;
1136 2606 1221 2666 quae
1242 2607 1294 2648 res
1315 2595 1355 2649 vt
1376 2588 1590 2668 typographis

389 2673 448 2732 vix
459 2668 629 2732 credendis
638 2669 812 2749 impendiis
820 2675 983 2744 constant,
996 2671 1045 2730 ita
1054 2671 1180 2732 doctori
1189 2677 1260 2731 tam
1268 2673 1388 2732 eximio
1397 2690 1463 2733 non
1473 2691 1589 2751 parum

388 2754 569 2816 conciliant
586 2754 721 2831 gratiae,
738 2759 774 2814 et
798 2752 953 2814 lectorem
974 2754 1098 2833 alioqui
1122 2753 1328 2815 fastidiosum
1351 2774 1410 2815 ceu
1431 2755 1591 2816 lenocinio
1604 2784 1637 2833 3⁰

388 2837 536 2917 quodam
554 2837 709 2897 inuitant.
753 2836 908 2898 Extraria
921 2843 1000 2898 sunt
1015 2839 1080 2898 ista
1099 2836 1215 2910 fateor,
1231 2837 1289 2898 sed
1306 2858 1345 2898 ea
1364 2845 1438 2899 tum
1458 2839 1590 2899 demum

389 2922 522 2983 fatebor
536 2940 596 3001 pro
610 2920 714 2981 nihilo
728 2919 886 2992 ducenda,
902 2922 929 2981 si
944 2920 1077 2982 sordida
1087 2922 1198 2995 vestis,
1209 2921 1303 2983 illota
1317 2921 1426 2996 facies,
1442 2924 1591 3002 imperus

389 3005 530 3085 capillus
540 3003 622 3065 nihil
631 3004 810 3065 obscurant
821 3004 926 3065 bonae
934 3005 1059 3065 formae
1067 3006 1217 3084 gratiam,
1230 3007 1322 3084 sique
1331 3006 1412 3067 nihil
1421 3025 1493 3067 eam
1504 3025 1589 3067 com-

390 3088 552 3150 mendant
571 3088 681 3149 cultus
697 3093 732 3148 et
752 3087 891 3148 honesta
909 3088 1099 3149 mundicies.
1143 3087 1206 3149 Sed
1225 3088 1314 3162 haec,
1330 3095 1369 3150 vt
1383 3089 1540 3162 dicebam,
1556 3091 1590 3150 in

389 3172 578 3252 praesentia
599 3190 666 3232 non
687 3171 966 3245 commemorabo;
989 3171 1047 3233 illa
1068 3171 1175 3233 dicam
1196 3191 1281 3251 quse
1302 3174 1435 3252 propius
1457 3172 1500 3233 ad
1522 3192 1590 3233 rem
1604 3198 1636 3250 35

433 3257 569 3316 rtinent.

390 3276 475 3400 peIn
490 3338 630 3399 antehac
645 3338 773 3399 excusis
788 3336 857 3397 diui
871 3337 1097 3417 chrysostomi
1107 3337 1400 3412 lucubrationibus,
1412 3340 1470 3418 qui
1480 3359 1590 3419 supcr-

390 3428 472 3483 snnt
486 3423 682 3500 interpretes
695 3440 756 3481 sua
770 3423 907 3499 quisque
922 3421 1096 3500 diligenter
1109 3427 1336 3501 recognorunt,
1352 3422 1441 3501 quod
1455 3429 1490 3483 et
1504 3443 1525 3483 a
1539 3442 1591 3483 me

389 3506 518 3567 factum
529 3512 581 3565 est
591 3524 659 3566 non
669 3506 856 3565 oscitanter.
890 3504 982 3565 Inter
991 3511 1120 3566 veteres
1131 3507 1326 3584 interpretes
1337 3506 1434 3567 multi
1445 3511 1524 3566 sunt
1535 3506 1592 3584 qui

389 3608 499 3669 neque
513 3587 635 3649 Graece
646 3607 751 3666 neque
766 3587 884 3648 Latine
899 3589 980 3649 eatis
995 3588 1190 3650 calluerunt.
1219 3589 1347 3650 Horum
1362 3590 1592 3667 interpretatio
1604 3617 1639 3667 40

390 3692 451 3752 per
465 3673 580 3733 doctos
595 3673 682 3732 viros
696 3690 737 3731 ex
749 3671 923 3732 collatione
933 3671 1131 3733 Graecorum
1143 3672 1292 3733 codicum
1304 3672 1452 3752 plurimis
1463 3674 1497 3733 in
1512 3673 1591 3733 locis

390 3755 570 3817 emendata
589 3761 649 3816 est.
668 3754 763 3827 Quod
783 3774 886 3833 genus
901 3762 952 3815 est
967 3755 1050 3815 illud
1067 3755 1195 3828 Aniani,
1212 3757 1269 3834 qui
1283 3763 1415 3816 vertens
1429 3775 1590 3817 commen·

391 3840 496 3901 tarios
510 3841 544 3899 in
559 3838 775 3911 Matthaeum,
790 3838 824 3898 in
839 3839 909 3917 ipso
924 3839 1040 3899 statim
1055 3837 1166 3899 limine
1180 3840 1325 3918 impegit,
1340 3838 1483 3917 δεύτερον
1496 3839 1592 3899 πλοῦν

391 3921 594 3984 transferens
615 3920 767 3982 ascendas
787 3920 930 3994 diuitias,
957 3941 1059 4000 quum
1085 3921 1210 3983 Grmca
1231 3928 1349 3983 sonent
1370 3923 1591 3983 secundarium

390 4025 521 4067 currum
541 4006 609 4065 siue
629 4004 874 4081 nauigationem.
918 4004 1004 4066 Item
1027 4005 1110 4066 illud
1131 4005 1296 4066 Francisci
1315 4006 1444 4067 Aretini
1465 4008 1499 4067 in
1521 4008 1592 4085 ipso
1604 4030 1637 4082 45

390 4090 508 4150 statim
515 4087 1591 4169 frontispitiocommentarioruminprioremadCorint.epistolam,

390 4172 450 4234 vbi
465 4172 566 4251 οἴησιν
579 4171 798 4232 transtulerat
812 4172 991 4248 opinionem
1009 4190 1070 4251 pro
1085 4171 1186 4250 sactu.
1230 4170 1377 4233 Sufficiat
1397 4173 1458 4233 hoc
1476 4177 1592 4251 gustus

390 4256 520 4318 dedisse
531 4257 647 4333 gratia,
660 4256 860 4333 nequeenim
871 4254 924 4314 hic
935 4255 1061 4315 consilii
1071 4262 1121 4316 est
1131 4274 1243 4316 omnes
1253 4257 1471 4335 interpretum
1481 4256 1592 4335 lapsus

391 4338 540 4420 prodere,
556 4357 696 4417 quorum
711 4338 858 4399 infinitus
872 4343 923 4398 est
937 4358 1102 4400 numerus.

434 4423 500 4483 Pro
510 4441 567 4482 sex
579 4421 670 4482 libris
681 4421 731 4482 De
742 4421 902 4499 dignitate
913 4423 1109 4484 sacerdotali
1124 4442 1240 4502 parum
1251 4421 1390 4483 feliciter
1400 4423 1501 4483 versis
1517 4441 1591 4501 sup·
1605 4446 1639 4496 50

390 4507 564 4588 posuimus
585 4506 889 4583 interpretationem
912 4504 1116 4568 elaboratam
1138 4505 1292 4566 Germani
1312 4505 1425 4578 Brixii,
1447 4506 1539 4565 cuius
1558 4511 1593 4565 et

391 4589 558 4668 Babylam
580 4588 799 4649 adiunximus.
843 4588 1023 4663 Postremo,
1044 4596 1174 4669 praeter
1194 4591 1305 4650 omnia
1327 4609 1412 4668 quse
1433 4588 1593 4648 hactenus

389 4692 514 4735 excusa
521 4672 662 4744 fuerant,
673 4671 849 4733 adiecimus
857 4692 922 4732 non
931 4673 1126 4733 mediocrem
1137 4674 1372 4733 accessionem:
1393 4671 1497 4732 veluti
1506 4690 1591 4732 com·

544 4812 583 4859 19.
602 4816 633 4848 a:
652 4799 746 4864 portio
757 4799 796 4848 sit
807 4797 845 4846 N.
947 4812 988 4861 30.
1006 4813 1059 4848 ceu
1073 4835 1079 4848 .
1094 4837 1100 4849 .
1115 4835 1121 4849 .
1135 4814 1175 4862 31.
1193 4797 1318 4864 quodem
1329 4798 1392 4848 odd.
1405 4798 1444 4847 N.

424 4980 468 5032 42.
486 4967 603 5028 Arriani]
627 4967 678 5016 See
700 4965 754 5030 Ep.
784 4966 857 5026 1558.
881 4978 966 5022 202n3
1018 4965 1079 5015 tion
1102 4980 1149 5015 see
1172 4965 1247 5030 Epp.
1271 4965 1345 5026 1558.
1369 4966 1493 5029 187446,
1517 4967 1591 5027 2263.

389 5035 436 5085 for
450 5033 502 5084 the
515 5033 624 5084 defecta
642 5033 673 5083 of
690 5031 827 5082 Anianua'
848 5030 967 5082 transla-
1018 5032 1111 5096 48-68.
