4042 5900
433 650 474 710 80
762 643 961 709 LETTERS
982 644 1039 708 OF
1059 644 1265 711 ERASMUS
1543 652 1639 729 [1530

435 805 685 869 candidissimos
702 806 751 867 ita
768 805 995 886 integerrimos
1013 824 1053 867 ec
1070 804 1316 868 laudatissimoe
1332 812 1368 868 et
1387 806 1422 868 in
1439 808 1532 869 omni
1551 827 1639 870 com·

435 889 655 952 mandationis
665 908 782 969 genere
793 890 837 951 ed
847 889 1017 969 exemplar
1027 890 1239 969 antiquitatis
1248 908 1429 970 expremos.
1473 891 1549 953 Iam
1560 911 1639 955 vero

436 973 516 1054 quid
538 973 646 1035 dicam
671 973 713 1034 de
734 974 864 1053 ingenio
885 972 1016 1034 excelso
1037 972 1169 1034 sublimi
1195 973 1285 1034 dulci
1305 975 1399 1036 vario
1424 980 1527 1037 acuto
1551 975 1641 1037 facili

436 1056 567 1119 erudito
577 1063 590 1119 ‘2
632 1056 718 1130 Quid
729 1058 771 1118 de
781 1056 902 1118 iudicio
912 1057 980 1117 ecri
994 1056 1100 1136 polito
1111 1063 1201 1118 terso
1212 1056 1388 1119 limatulo?
1410 1058 1454 1119 ad
1465 1058 1557 1137 quod
1567 1059 1638 1138 qui-

391 1165 425 1216 70
437 1142 561 1202 demvt
571 1148 723 1202 veterum
731 1141 780 1201 ita
789 1140 970 1201 recentium
980 1140 1159 1201 authorum
1169 1141 1302 1220 scripta,
1312 1140 1640 1204 velutiadamussim

437 1225 663 1297 rectissimam,
675 1223 858 1285 Aristarchi
869 1223 904 1284 in
918 1242 1044 1284 morem
1054 1223 1221 1303 expendit.
1238 1222 1311 1297 Quo
1324 1226 1449 1286 maiore
1463 1225 1499 1285 in
1515 1225 1641 1288 honore

438 1328 477 1369 ac
490 1308 600 1388 precio
615 1306 769 1368 habenda
783 1307 845 1368 tibi
859 1313 910 1368 est
924 1312 1022 1368 tanta
1037 1307 1192 1386 principis
1210 1313 1264 1368 tot
1282 1326 1321 1367 ec
1335 1308 1441 1369 tantis
1455 1308 1641 1372 virtutibus

438 1392 703 1465 illustrisergete
713 1389 959 1463 beneuolentia;
977 1391 1170 1469 praesertim
1179 1409 1406 1468 quumeanon
1414 1390 1550 1454 aliunde
1558 1398 1642 1454 nata

439 1476 483 1536 sit
498 1493 598 1552 quam
612 1473 656 1535 ab
672 1474 762 1535 nudo
778 1474 874 1534 istius
894 1474 1015 1553 ingenii
1032 1492 1143 1534 amore
1161 1493 1201 1534 ec
1218 1473 1388 1535 doctrinae
1407 1474 1639 1538 admiratione.

394 1578 425 1629 75
439 1558 523 1619 Falli
542 1558 694 1636 equidem
709 1558 840 1637 possim,
856 1557 913 1617 sed
928 1562 1183 1617 consentaneum
1199 1562 1312 1618 tamen
1331 1576 1400 1618 esse
1418 1564 1504 1637 puto
1523 1558 1642 1620 multia

440 1641 534 1703 illum
545 1640 728 1702 virtutibus
739 1638 909 1701 abundare
919 1641 976 1718 qui
986 1639 1168 1701 alienarum
1180 1646 1278 1701 tento
1289 1659 1400 1702 amore
1410 1641 1556 1703 ducitur.
1594 1641 1641 1705 Et

440 1732 529 1786 certe
550 1730 681 1805 praeter
702 1724 762 1785 has
784 1724 864 1784 item
889 1741 972 1802 quae
997 1723 1096 1784 modo
1120 1726 1365 1797 connumerem,
1388 1742 1474 1803 quae
1494 1730 1643 1788 testatae

441 1808 574 1888 quidem
589 1813 667 1869 sunt
681 1814 716 1869 et
730 1806 883 1880 illustres,
899 1808 1014 1868 insunt
1028 1813 1063 1868 et
1077 1806 1161 1867 aliae
1176 1808 1209 1867 in
1224 1807 1282 1869 illo
1297 1808 1439 1869 virtutes
1454 1808 1643 1888 permultae

442 1912 524 1972 quas
545 1893 602 1952 vix
624 1891 733 1952 verbis
752 1892 882 1969 assequi
905 1892 1046 1970 possim;
1068 1896 1108 1951 vt
1125 1891 1226 1951 etiem
1244 1891 1440 1952 omittamus
1461 1898 1562 1954 tanta
1582 1891 1644 1954 illa

395 1992 429 2042 80
442 1976 577 2037 virtutis
588 1995 673 2054 quae
683 1980 794 2054 gestat
805 1975 954 2052 insignia,
967 1993 1052 2052 quae
1063 1974 1143 2054 ipsa,
1155 1979 1195 2034 vt
1204 1973 1302 2034 multi
1313 1976 1414 2036 etiem
1429 1975 1498 2036 aine
1512 1975 1644 2038 virtute

443 2060 510 2120 sint
528 2060 679 2132 assecuti,
698 2064 811 2119 temen
833 2058 921 2118 tanti
942 2076 1071 2137 semper
1092 2057 1136 2119 ab
1157 2058 1278 2118 aetatis
1297 2063 1431 2120 nostrae
1450 2058 1643 2121 hominibus

442 2143 619 2204 aestimata
630 2147 717 2214 sunt,
733 2146 773 2201 vt
786 2160 861 2201 eum
874 2142 1009 2201 summis
1019 2141 1203 2220 quibusque
1214 2140 1344 2220 regibus
1352 2141 1516 2221 dignitate
1526 2161 1644 2223 parem

442 2227 607 2288 efficerent
621 2226 655 2285 in
671 2244 769 2303 quem
784 2224 905 2285 collate
920 2224 978 2285 ille
991 2224 1140 2286 fuissent.

485 2309 549 2370 Hic
564 2315 602 2370 tu
617 2309 757 2369 fortasse
771 2326 824 2368 me
838 2314 936 2387 putee
949 2307 1122 2369 indulsisse
1136 2309 1240 2369 amori
1255 2327 1332 2387 erga
1349 2308 1553 2370 Triuultium
1566 2328 1645 2371 meo

398 2407 431 2469 85
444 2412 608 2472 supraque
625 2392 712 2453 illius
730 2391 854 2464 leudes,
869 2411 969 2470 quam
988 2392 1111 2452 veritas
1128 2393 1286 2471 patiatur,
1304 2391 1470 2453 extulisse.
1513 2391 1562 2453 At
1580 2412 1645 2473 ego

444 2476 508 2538 fide
522 2477 630 2537 media
645 2475 707 2537 tibi
721 2475 875 2553 spondeo,
887 2475 983 2554 longe
997 2476 1098 2535 etiam
1114 2475 1251 2536 maiores
1265 2473 1339 2535 illas
1353 2494 1422 2536 esse
1437 2494 1538 2554 quam
1552 2495 1575 2537 a
1588 2495 1646 2537 me

445 2560 799 2639 hicpreedicetaesint.
823 2558 923 2619 Illum
932 2557 1065 2636 quidem
1074 2565 1163 2619 certe
1171 2558 1311 2619 obseruo
1319 2564 1354 2618 et
1362 2577 1454 2632 amo;
1471 2559 1545 2637 quis
1553 2560 1646 2621 enim

445 2643 645 2704 cardinalem
654 2643 762 2703 virum
778 2661 845 2702 non
859 2648 949 2703 amet
960 2648 1014 2703 tot
1023 2643 1191 2720 tantisque
1202 2642 1645 2721 virtutibuspraestantemi

446 2725 510 2788 Sed
530 2726 591 2787 hoc
611 2728 717 2805 ipsum
737 2726 881 2786 amantis
898 2731 958 2798 cst,
974 2726 1042 2785 suis
1056 2724 1150 2785 illum
1165 2725 1330 2786 duntaxat
1345 2725 1500 2786 leudibus
1514 2744 1644 2801 ornare,

399 2836 434 2883 90
446 2829 513 2871 non
528 2810 642 2870 alienis
656 2828 800 2870 onerare.
845 2808 965 2887 Itaque
979 2808 1094 2870 hortor
1113 2815 1158 2881 te,
1178 2808 1314 2869 Erasme
1333 2809 1534 2881 suauissima,
1555 2814 1599 2883 et,
1616 2811 1646 2871 si

447 2894 579 2974 peteris,
594 2894 693 2955 etiam
707 2912 764 2955 oro
775 2897 876 2972 atque
888 2891 1046 2966 obtestor,
1059 2899 1098 2954 vt
1108 2897 1238 2954 tantem
1249 2891 1424 2954 cardinalis
1434 2911 1501 2954 non
1509 2892 1644 2956 cuiusli-

447 2978 505 3039 bet
513 2977 570 3038 sed
580 2977 735 3037 Triuultii
744 2978 778 3037 in
787 2976 1036 3037 tevoluntetem
1046 2975 1161 3050 obuiis,
1169 2976 1258 3055 quod
1267 2978 1371 3050 aiunt,
1378 2976 1645 3057 vlnisexceptam

447 3060 587 3141 epistola
604 3061 759 3139 quapiam
779 3066 814 3120 et
831 3066 865 3120 te
885 3066 920 3120 et
937 3059 994 3121 illo
1014 3059 1202 3139 dignissima
1219 3061 1325 3140 primo
1343 3078 1474 3139 quoque
1493 3066 1646 3141 tempore

448 3145 663 3225 prosequeris.
676 3143 782 3217 Quam
791 3162 893 3222 quum
903 3143 946 3203 ad
958 3162 1010 3204 me
1022 3144 1155 3216 miseris,
1168 3143 1215 3203 illi
1227 3162 1286 3223 ego
1297 3145 1331 3204 in
1343 3162 1478 3204 menum
1489 3143 1624 3205 tradam
1637 3165 1645 3218 ;

402 3250 435 3299 95
448 3233 499 3289 est
516 3229 603 3288 enim
623 3227 677 3287 ille
696 3227 804 3287 adbuc
824 3225 994 3287 nobiscum
1012 3227 1055 3287 ad
1071 3246 1196 3287 menses
1211 3226 1339 3305 aliquot
1355 3226 1498 3288 tutunus.
1541 3226 1647 3289 Crede

447 3312 538 3385 mihi,
553 3311 616 3370 erit
627 3309 688 3371 tibi
698 3310 786 3371 tanti
795 3309 969 3370 cardinalis
980 3329 1046 3371 non
1058 3311 1203 3371 amicitia
1211 3309 1317 3370 solum
1327 3309 1432 3371 dulcis
1441 3329 1479 3370 ac
1488 3310 1645 3384 iucunda,

449 3394 863 3474 sedpatrociniumquoque
870 3399 942 3453 tum
948 3392 1185 3473 amplissimum
1192 3400 1266 3454 tum
1274 3392 1647 3457 honorificentissimum.

449 3479 558 3539 Tanta
572 3478 659 3538 enim
675 3476 729 3536 ille
744 3476 818 3551 (hoc
833 3481 866 3536 te
884 3477 1007 3537 nescire
1024 3476 1126 3554 nolui)
1143 3478 1177 3536 in
1192 3495 1252 3537 suo
1267 3476 1402 3556 collegio
1417 3477 1526 3555 gretia
1539 3482 1644 3556 atque

450 3562 654 3623 authoritate
676 3559 776 3633 valet,
799 3566 838 3620 vt
860 3559 907 3620 illi
928 3579 969 3620 ex
991 3560 1122 3639 collegis
1143 3579 1265 3640 paucos
1287 3559 1433 3621 conferre
1453 3559 1546 3634 (nihil
1564 3560 1645 3623 volo

387 3667 437 3704 100
450 3646 569 3707 elatius
587 3644 628 3704 de
648 3644 888 3704 modestissimo
908 3644 979 3704 viro
994 3643 1123 3719 dicere),
1138 3644 1302 3704 neminem
1316 3649 1515 3722 anteponere
1529 3645 1646 3724 possis.

450 3727 888 3806 Tuasauidissimeexpecto.
910 3726 962 3787 Ex
971 3727 1058 3788 Aula
1068 3726 1304 3805 RegiaviIdus
1312 3725 1473 3788 Nouemb.
1484 3743 1645 3790 mmm.

492 3810 627 3892 Scriptis
656 3810 706 3870 his
735 3810 836 3870 literis
859 3816 894 3871 et
919 3812 985 3870 iem
1010 3810 1190 3889 obsignatis
1215 3811 1325 3890 accepi
1353 3815 1420 3871 tres
1442 3810 1541 3872 simul
1565 3829 1587 3872 a
1611 3816 1648 3873 te

450 3895 615 3974 epistolas,
627 3913 726 3954 ruam
738 3893 913 3972 plusquam
921 3894 1111 3967 laconicam,
1122 3895 1261 3955 alteram
1270 3895 1350 3954 setis
1364 3895 1495 3966 iustam,
1511 3895 1649 3956 tertiam

450 3979 625 4059 plusquam
640 3978 810 4038 asiaticam
826 3978 901 4051 (nisi
916 3978 1004 4056 quod
1020 3977 1115 4038 stilus
1129 3978 1199 4057 ipse
1216 3978 1418 4038 atticismum
1434 3978 1538 4056 magis
1551 3977 1647 4039 redo·

389 4083 437 4133 105
450 4063 520 4138 let),
538 4080 651 4123 omnes
668 4060 765 4122 datas
783 4059 934 4140 Friburgi
950 4081 1008 4141 per
1030 4062 1159 4122 eosdem
1180 4061 1247 4122 iere
1267 4060 1345 4134 dies,
1361 4080 1427 4120 vna
1441 4079 1517 4121 cum
1538 4062 1650 4123 nescio

451 4150 534 4225 quot
562 4143 714 4205 Homiliis
743 4142 967 4223 chrysostomi
995 4145 1118 4224 graccis
1146 4145 1180 4204 in
1208 4144 1382 4224 epistolam
1407 4143 1452 4204 ed
1476 4142 1649 4207 Romanos

451 4248 552 4290 manu
574 4228 712 4308 scriptis,
736 4246 757 4288 a
778 4228 907 4288 nemine
932 4228 1040 4290 adhuc
1063 4229 1175 4300 versia,
1197 4227 1241 4288 ad
1262 4246 1315 4288 me
1336 4227 1397 4288 hoc
1418 4228 1550 4289 nomine
1571 4247 1594 4289 a
1614 4233 1650 4290 te

450 4312 557 4374 missis
585 4316 625 4372 vt
653 4330 711 4390 per
740 4330 792 4371 me
814 4310 917 4372 letine
942 4311 1113 4390 loquentes
1136 4311 1178 4372 ed
1202 4317 1237 4371 te
1260 4310 1397 4372 redeant
1421 4330 1565 4390 moxque
1590 4331 1651 4392 per

451 4395 649 4457 Frobeninm
674 4394 774 4454 istum
792 4394 825 4455 in
848 4393 954 4456 lucem
975 4395 1020 4456 ad
1039 4395 1260 4456 studiosorum
1280 4393 1460 4455 utilitatem
1474 4393 1649 4474 prodeant.

552 4552 594 4603 79.
611 4537 724 4603 assequi
736 4554 770 4587 a:
788 4537 890 4603 exequi
900 4535 926 4602 β.
1026 4553 1083 4589 ιοι.
1101 4550 1242 4588 samm.
1255 4536 1336 4587 MS:
1355 4535 1546 4602 u.o.xxx1.fl.

487 4752 544 4801 105.
562 4753 614 4805 per
642 4737 756 4789 eosdem
783 4738 842 4788 fere
868 4736 939 4800 dias]
968 4738 1025 4804 Ep.
1075 4737 1190 4789 Brixius
1212 4753 1250 4788 on
1273 4752 1306 4801 30
1327 4737 1394 4789 Jan.
1420 4751 1483 4801 1531
1513 4738 1654 4792 Eurinus

452 4819 527 4870 2379,
540 4806 590 4856 the
601 4805 669 4870 only
679 4805 825 4869 surviving
836 4803 921 4854 letter
932 4805 962 4855 ol
975 4806 1026 4856 the
1075 4820 1167 4855 seems
1203 4810 1235 4855 to
1268 4806 1341 4855 heve
1380 4804 1545 4856 considered
1584 4806 1654 4858 that

452 4873 533 4923 three
555 4872 665 4960 spoken
687 4873 727 4930 of,
750 4871 775 4920 ia
797 4870 884 4920 dated
907 4885 922 4933 5
946 4872 1025 4937 Sept.
1076 4870 1191 4921 Brixiae
1207 4871 1310 4921 should
1325 4872 1398 4921 have
1417 4871 1524 4936 replied
1541 4872 1653 4932 earlier,

451 4939 566 4989 Brixius
588 4942 704 5003 present
715 4937 809 4996 letter,
822 4937 1044 5004 answeringell'
1078 4937 1122 4988 hia
1138 4938 1308 4989 translation
1319 4938 1404 5003 being
1415 4938 1530 4988 wanted
1542 4939 1588 4989 for
1599 4939 1654 4992 tho

452 5006 543 5065 three,
567 5007 592 5055 is
610 5005 697 5055 dated
714 5006 730 5054 8
750 5003 823 5056 Nov.
862 5005 1028 5070 Answering
1077 5010 1199 5056 autumn
1212 5005 1266 5056 fair
1276 5005 1307 5056 oi
1320 5017 1381 5068 1531
1396 5005 1462 5069 (Ep.
1475 5019 1552 5071 2422.
1562 5008 1652 5072 ²⁶7)-
