4042 5900
493 673 557 745 222
818 682 1017 746 narrans
1038 682 1094 747 or
1114 681 1319 746 22222222
1592 686 1692 761 [1531

493 842 654 904 hactenus
664 862 781 923 parum
793 848 931 917 attente,
943 863 1126 924 parumque
1137 844 1296 905 concinne
1306 842 1397 904 dicta
1406 843 1483 905 sint.
1505 841 1570 905 Sed
1580 843 1694 905 multo

444 964 446 968 ,
493 927 604 987 minus
619 926 772 988 cohaeret
785 927 875 1006 quod
890 927 1032 989 sublicis.
1071 926 1175 988 ‘Mira
1193 933 1246 989 est
1264 927 1365 1005 igitur
1379 926 1498 987 horum
1518 926 1693 988 hominum

495 1010 709 1089 impudentia,
730 1012 787 1090 qui
808 1010 911 1090 pluris
933 1030 1034 1072 vnam
1055 1009 1219 1071 Ciceronis
1241 1009 1393 1072 voculam
1415 1009 1572 1083 lacerent,
1587 1029 1693 1089 quam

433 1092 652 1172 225quicquid
676 1093 782 1154 diuini
806 1093 854 1154 illi
883 1093 1031 1155 homines
1057 1094 1211 1166 dixerint,
1237 1112 1378 1173 quorum
1402 1099 1442 1153 vt
1470 1098 1522 1154 est
1543 1094 1695 1155 maxima

497 1178 656 1238 sanctitas
669 1183 705 1237 et
719 1177 869 1249 eruditio,
885 1178 935 1238 ita
948 1177 1091 1238 maxime
1101 1196 1122 1237 a
1137 1177 1391 1238 vanissimorum
1405 1176 1576 1238 hominum
1587 1175 1692 1237 latra-

497 1259 587 1321 tibus
598 1260 699 1321 tuta’.
722 1260 785 1320 Hic
799 1278 906 1321 sermo
919 1260 1076 1339 quoniam
1091 1260 1125 1320 in
1139 1278 1272 1321 menon
1287 1258 1410 1332 haeret,
1422 1260 1570 1339 suspicor
1583 1265 1620 1321 et
1634 1259 1695 1320 illa

441 1386 443 1389 -
497 1344 665 1422 superiora
679 1343 713 1403 in
726 1343 807 1405 alios
822 1362 892 1405 esse
906 1343 1059 1405 detorta:
1082 1344 1178 1423 proin
1198 1343 1250 1404 hic
1265 1362 1333 1404 non
1347 1349 1418 1404 tam
1432 1361 1540 1404 meam
1555 1362 1694 1404 causam

497 1444 559 1506 ago
572 1445 673 1505 quam
688 1432 799 1499 tuam3
822 1445 1013 1506 quanquam
1027 1446 1095 1487 non
1109 1427 1253 1488 arbitror
1266 1428 1353 1488 inter
1367 1425 1571 1488 Christianos
1588 1445 1694 1505 quen·

435 1536 485 1586 230
498 1525 598 1589 quam
619 1510 768 1582 inueniri,
787 1511 845 1589 qui
865 1510 969 1590 pluris
988 1510 1091 1572 iaciat
1107 1530 1207 1572 vnam
1229 1509 1391 1571 Ciceronis
1411 1509 1573 1583 voculam,
1589 1529 1695 1589 quarn

498 1593 653 1653 vniuersa
673 1611 758 1671 quae
783 1594 913 1673 scripsit
936 1593 1119 1672 Cyprianus
1143 1598 1179 1655 et
1201 1592 1415 1672 Augustinus,
1441 1599 1573 1672 praeter
1597 1593 1695 1654 theo·

498 1675 602 1755 logice
616 1676 845 1755 cognitionem,
860 1678 961 1737 etiam
975 1676 1165 1755 eloquentia
1179 1696 1245 1737 non
1259 1676 1387 1756 vulgari
1402 1676 1573 1756 pollentes.
1596 1674 1697 1749 Quod

499 1760 526 1820 si
554 1760 627 1839 quis
650 1778 752 1839 quum
778 1759 819 1820 de
845 1759 987 1820 Romani
1009 1761 1169 1821 sermonis
1192 1760 1354 1839 elegantia
1379 1760 1592 1839 disceptetur,
1617 1758 1697 1839 plus

498 1844 626 1904 tribuat
650 1842 762 1903 Marco
784 1841 893 1904 Tullio
913 1862 1015 1922 quam
1036 1842 1201 1923 Cypriano
1227 1850 1287 1905 aut
1309 1842 1504 1922 Augustino,
1523 1848 1606 1922 puto
1633 1862 1697 1904 nec

436 1951 485 2001 23⁵
500 1927 598 2006 ipsos,
613 1928 641 1986 si
660 1928 821 1999 vicerant,
837 1945 931 2005 aegre
952 1926 1089 2000 laturos,
1106 1927 1163 1988 sed
1183 1927 1387 2005 aequissimis
1408 1928 1526 1988 animis
1543 1945 1697 1988 cessuros

498 2010 673 2071 autoritati
683 2009 855 2071 Ciceronis.
893 2009 956 2070 Vbi
971 2016 1051 2070 sunt
1066 2010 1167 2089 igitur
1180 2009 1229 2071 illi
1242 2010 1390 2071 homines
1402 2011 1571 2089 insigniter
1585 2011 1696 2090 impu·

498 2093 624 2166 dentes,
640 2092 697 2153 vbi
710 2094 962 2154 vanissimorum
977 2093 1147 2155 hominum
1162 2093 1330 2155 latratus?

539 2175 626 2250 Quid
652 2178 717 2237 ista
740 2176 884 2238 scribens
906 2177 1111 2256 cogitaueris‚
1132 2177 1281 2238 diuinare
1306 2195 1372 2237 non
1395 2195 1490 2255 queo,
1513 2181 1600 2237 certe
1625 2195 1697 2238 non

498 2259 654 2321 videntur
675 2260 765 2319 nasci
786 2279 827 2320 ex
849 2260 899 2321 his
921 2280 1005 2339 quae
1030 2260 1190 2321 hactenus
1212 2261 1495 2321 commemorasti:
1517 2259 1581 2319 nisi
1603 2258 1696 2320 forte

394 2415 396 2420 ,
436 2366 486 2416 242
497 2341 659 2422 flagitium
679 2342 876 2423 inexpiabile
894 2343 1020 2404 iudicas
1040 2345 1075 2405 in
1093 2363 1128 2404 re
1147 2349 1218 2404 tam
1237 2342 1304 2404 leui
1325 2342 1497 2404 dissentire
1518 2342 1561 2402 ab
1582 2341 1697 2422 Augu-

498 2428 597 2499 stino,
612 2445 715 2506 quum
729 2426 846 2505 ipsein
860 2427 921 2488 hoc
936 2445 1034 2506 opere
1048 2431 1084 2489 et
1097 2426 1141 2487 ab
1155 2426 1367 2505 Hieronymo,
1382 2431 1418 2486 et
1432 2445 1453 2487 a
1466 2425 1697 2505 Septuaginta,

497 2514 532 2571 et
546 2509 590 2569 ab
604 2509 677 2571 aliis
695 2509 811 2571 multis
832 2510 867 2570 in
886 2530 921 2570 re
943 2509 1051 2571 multo
1072 2510 1221 2589 grauiore
1242 2510 1425 2570 dissentias.
1469 2507 1533 2570 Sed
1554 2508 1605 2568 his
1627 2528 1698 2570 non

499 2598 675 2654 contentus
690 2594 814 2673 pergis:
839 2593 929 2655 ‘Hos
943 2599 1041 2667 certe,
1057 2613 1228 2674 nunquam
1245 2594 1326 2654 satis
1346 2591 1500 2653 demirari
1513 2593 1697 2671 potuimus,

499 2677 565 2754 qui,
581 2677 634 2736 vel
650 2677 677 2737 si
692 2678 862 2737 minimam
876 2676 1061 2738 labeculam
1075 2677 1165 2757 apud
1179 2676 1402 2737 sanctissimos
1416 2675 1490 2736 illos
1504 2677 1593 2735 viros
1603 2695 1698 2755 repe-

436 2780 485 2830 245
499 2761 611 2833 rerint,
627 2761 727 2820 miras
748 2761 897 2820 excitant
918 2760 1114 2840 tragoedias,
1137 2760 1291 2832 clamant,
1311 2758 1544 2831 vociferantur,
1559 2760 1697 2837 ingemi-

500 2849 597 2904 scunt
618 2862 770 2916 errorem,
791 2843 978 2922 lachrymas
1001 2863 1036 2904 se
1057 2863 1132 2916 non,
1147 2862 1242 2923 posse
1264 2843 1431 2903 continere
1455 2847 1698 2921 protestantur.

499 2925 625 2988 Dicunt
643 2945 699 2988 eos
716 2928 750 2987 in
764 2926 829 2988 alio
843 2927 969 2989 mundo
984 2928 1116 3001 versari,
1132 2926 1230 3006 idque
1245 2945 1312 2987 non
1327 2926 1392 2987 alia
1406 2926 1513 3005 gretia
1527 2924 1566 2988 fit
1580 2925 1623 2987 ab
1639 2926 1698 3000 eis,

499 3029 600 3089 quam
616 3017 654 3071 vt
669 3011 804 3072 summis
820 3012 898 3070 viris
913 3010 1127 3083 detrahend0,
1143 3009 1313 3090 gloriolam
1334 3009 1511 3088 quandam,
1527 3010 1620 3070 cuius
1640 3030 1700 3071 eos

500 3093 707 3155 auidissimos
732 3114 802 3155 esse
824 3114 938 3155 eorum
965 3095 1088 3173 scripta
1111 3094 1326 3174 proclamant,
1353 3092 1588 3172 adipiscantur.
1632 3093 1700 3155 Vbi

437 3195 488 3245 250
501 3177 601 3256 igitur
616 3177 777 3239 modestia
791 3177 848 3238 illa
861 3176 1057 3250 Christiana,
1070 3196 1169 3256 quam
1181 3178 1216 3237 in
1227 3176 1299 3237 aliis
1310 3181 1484 3255 tantopere
1496 3175 1698 3250 desiderant,

501 3260 564 3339 ipsi
578 3262 724 3321 omnium
739 3261 965 3340 egentissimi?
987 3261 1132 3322 Hoccine
1146 3267 1197 3320 est
1212 3259 1366 3339 prodesse
1377 3260 1576 3338 posteritati,
1585 3265 1700 3321 etnon

501 3344 604 3421 magis
627 3343 781 3404 obessei'
803 3344 975 3422 Equidem,
991 3344 1037 3405 mi
1058 3343 1240 3422 Augustino
1262 3342 1461 3415 charissime,
1483 3361 1549 3403 non
1571 3342 1700 3404 inficior

501 3425 571 3486 fieri
585 3445 688 3506 posse,
704 3433 744 3488 vt
758 3427 847 3507 apud
862 3427 968 3489 Italos
984 3428 1051 3488 sint
1066 3428 1099 3486 in
1114 3446 1196 3505 quos
1210 3427 1275 3487 ista
1289 3427 1408 3487 merito
1422 3425 1699 3487 destomacheris:

502 3509 559 3570 sed
574 3511 630 3587 qui
645 3509 766 3571 viderit
780 3511 813 3570 in
828 3518 888 3571 tuo
903 3529 1053 3573 sermone
1068 3510 1124 3589 qui
1141 3510 1320 3589 praecessit
1336 3508 1418 3569 nihil
1436 3528 1505 3569 esse
1525 3509 1700 3570 stomacho

439 3611 488 3661 ²55
501 3592 646 3672 dignum,
662 3594 836 3655 mirabitur
850 3593 937 3654 vnde
951 3599 1086 3673 repente
1101 3593 1136 3653 in
1150 3593 1210 3654 has
1225 3593 1366 3672 tragicas
1381 3612 1478 3653 voces
1493 3592 1701 3654 incanduerit

502 3677 630 3737 animus
646 3683 733 3738 tuus.
777 3676 863 3738 Nam
886 3678 943 3755 qui
965 3677 1065 3737 sobrii
1087 3677 1224 3755 sanique
1250 3681 1338 3749 sunt,
1353 3676 1443 3755 prius
1465 3676 1701 3755 indignitatem

502 3760 549 3820 rei
563 3767 694 3839 ponunt
709 3760 751 3820 ob
766 3760 888 3833 oculos,
898 3779 999 3840 qnam
1011 3758 1203 3832 elemento
1217 3758 1362 3820 coelum!
1386 3757 1414 3820 Ο
1429 3759 1535 3819 terra!
1558 3757 1701 3820 Omeria

502 3842 667 3922 Neptuni!
692 3843 791 3904 Mitto
806 3863 894 3904 nunc
909 3842 999 3922 quod
1014 3850 1084 3904 tam
1099 3843 1230 3903 fortiter
1245 3842 1369 3903 iudicas
1392 3842 1433 3902 de
1453 3847 1564 3902 mente
1581 3841 1699 3915 aliena,

502 3927 597 4004 quasi
611 3926 759 4004 quisquis
777 3947 797 3987 a
812 3928 934 3987 sanctis
949 3927 1029 3988 viris
1048 3927 1222 3987 dissentiat
1239 3925 1322 3986 nihil
1339 3925 1431 3986 aliud
1446 3944 1545 4003 quam
1560 3924 1700 4004 gloriam

440 4016 489 4063 260
502 4016 693 4089 aucupetur.

536 4132 594 4181 223.
611 4118 705 4183 inquis
726 4126 789 4182 post
811 4119 898 4184 igitur
920 4119 983 4169 odd.
1007 4119 1040 4169 J.
1133 4131 1192 4180 225.
1210 4117 1345 4168 dixerunt
1367 4117 1398 4167 J.
1495 4118 1553 4166 228.
1571 4121 1650 4166 torta
1669 4116 1700 4166 J.

502 4199 560 4248 230.
578 4185 700 4235 122122]
710 4203 716 4234 :
735 4186 874 4236 12212222.
938 4200 996 4249 233.
1016 4186 1157 4251 elegantia
1168 4203 1200 4234 a:
1218 4184 1380 4249 eloquentia
1390 4184 1421 4234 J.
1484 4197 1542 4247 234.
1561 4183 1656 4233 Marco
1668 4202 1701 4234 a:

501 4251 583 4302 M.J.
660 4257 756 4302 autc:
774 4252 846 4302 etJ.
934 4266 993 4315 235.
1012 4268 1138 4318 aegram
1157 4251 1186 4302 id
1198 4267 1281 4315 aegre
1292 4250 1322 4300 J.
1415 4253 1473 4313 236.
1492 4251 1545 4300 1222
1556 4250 1703 4301 duntaxat

502 4319 627 4436 igme
636 4318 1297 4449 posqgoefflqqaqioqtqmg3gaeeoginuqq40
1307 4316 1546 4447 :sieggliqrqqff
1562 4330 1701 4434 ²351&

503 4465 561 4516 247.
579 4451 686 4502 versari
702 4452 809 4502 mundo
825 4452 848 4502 J
865 4452 971 4516 Eapub.
986 4453 1018 4503 in
1033 4453 1111 4503 Pani.
1180 4451 1239 4515 249.
1256 4451 1434 4501 auidissimcs
1447 4466 1495 4501 eos
1510 4450 1532 4499 J
1547 4450 1653 4512 Eupab.
1669 4451 1702 4501 in

502 4520 581 4569 Perat.
633 4518 828 4584 adipiscantur
846 4539 863 4567 2
883 4519 1042 4583 11222212
1058 4520 1155 4569 Prot:
1183 4518 1378 4583 adipiscantur
1394 4518 1432 4567 ad
1450 4518 1648 4582 posteritatem
1670 4517 1702 4567 J.

503 4587 561 4647 258.
580 4585 666 4636 Mitto
678 4602 709 4635 a:
728 4585 840 4637 Omitto
850 4585 880 4635 J.
950 4599 1008 4648 259.
1026 4585 1160 4636 dissentit
1170 4584 1201 4634 J.

535 4717 593 4765 223.
612 4702 694 4764 Mira]
712 4702 762 4766 Op.
781 4701 859 4753 Omn.
878 4703 896 4752 i.
914 4715 975 4762 922.
1010 4702 1080 4752 This
1163 4715 1220 4765 247·
1240 4702 1269 4750 in
1283 4701 1337 4751 alio
1353 4701 1460 4750 mundo
1475 4702 1593 4763 versari]
1611 4702 1703 4754 These

501 4769 663 4835 quotation,
693 4769 763 4819 with
791 4770 841 4819 the
867 4770 964 4819 others
985 4769 1078 4820 which
1128 4769 1331 4819 areErasmus’
1343 4784 1406 4818 own
1418 4768 1509 4817 words
1519 4768 1612 4827 (Rom.
1626 4783 1665 4833 14.
1676 4783 1702 4832 5,

502 4835 595 4887 follow
603 4836 659 4886 tol.
669 4836 995 4901 406,givasthepassage
1004 4837 1079 4886 from
1128 4835 1186 4885 LB.
1204 4835 1242 4884 vi.
1262 4836 1341 4899 6422)
1360 4835 1476 4898 making
1494 4835 1519 4883 it
1539 4834 1617 4898 plain
1636 4836 1703 4886 that

502 4902 553 4953 the
561 4903 718 4966 Racopaitio
729 4903 759 4952 in
771 4903 809 4955 its
817 4903 950 4966 entirety,
959 4918 1027 4954 aava
1036 4904 1081 4954 for
1129 4902 1180 4952 2122
1192 4901 1361 4951 criticiamis
1378 4899 1503 4949 directed
1516 4902 1628 4964 against
1642 4903 1703 4952 him

502 4969 552 5019 the
564 4970 697 5020 omission
707 4969 738 5019 ol
749 4985 767 5019 a
777 4970 831 5020 lew
843 4969 934 5019 words
945 4969 1011 5020 here
1022 4969 1080 5020 and
1129 4967 1187 5019 and
1192 4967 1416 5032 notagainstthe
1422 4965 1540 5017 Italians
1545 4982 1577 5017 or
1582 4968 1701 5028 Luther,

502 5036 591 5087 there.
1129 5035 1512 5099 asheprelerstosuppose.
