4042 5900
292 688 387 769 2584]
509 686 565 750 TO
586 685 704 750 JOHN
725 686 819 749 AND
840 686 1108 750 STANISLAUS
1129 686 1281 750 BONER
1428 687 1491 750 403

290 848 403 927 primis
431 847 586 908 adierunt
614 846 852 908 iucunditatem
878 848 1019 908 orationi
1040 845 1168 924 (Graeci
1189 853 1311 909 vocant
1335 844 1417 927 ἤθη),
1442 867 1484 908 ex

231 965 233 972 ·
290 930 381 991 nullo
410 930 578 991 rhetorum
607 930 722 991 melius
751 930 896 991 discitur.
941 931 1051 1005 Porro,
1080 950 1182 1009 quum
1210 932 1296 993 inter
1323 932 1484 992 oratorias

289 1020 402 1094 partes
426 1015 601 1093 praecipua
626 1015 670 1074 ait
694 1019 960 1092 argumentorum
988 1015 1147 1087 inuentio,
1173 1013 1216 1074 ad
1244 1015 1483 1093 huncquoque

289 1096 484 1157 facultatem
502 1099 536 1157 in
553 1098 642 1157 omni
656 1116 827 1158 causarum
846 1116 960 1176 genera
975 1096 1155 1177 parandam
1170 1098 1366 1158 Terentiana
1385 1098 1483 1159 lectio

288 1180 443 1241 conducit
468 1179 655 1259 plurimum.
699 1180 767 1241 Nec
793 1181 879 1242 enim
905 1181 973 1241 sine
998 1200 1097 1241 causa
1121 1181 1307 1242 criticorum
1329 1180 1528 1259 suffragiato

288 1270 394 1324 artem
412 1263 487 1323 huic
506 1265 616 1324 autori
635 1263 788 1324 tribuere.
834 1263 911 1325 Plus
931 1264 1017 1324 enim
1034 1265 1143 1324 exacti
1165 1263 1275 1324 iudicii
1292 1270 1344 1324 est
1360 1265 1394 1324 in
1416 1284 1482 1325 vna

288 1346 457 1407 comoedia
486 1347 690 1420 Terentiana,
719 1346 807 1407 absit
832 1347 979 1408 Nemesis
1007 1347 1106 1420 dicto,
1132 1366 1232 1425 quam
1257 1348 1292 1407 in
1321 1346 1482 1408 Plautinis

288 1430 449 1490 omnibus.
493 1429 557 1490 Sed
579 1431 613 1490 in
635 1429 695 1490 tali
716 1437 840 1503 autore,
863 1430 955 1491 velut
976 1431 1010 1490 in
1033 1429 1149 1491 tabula
1171 1431 1326 1510 quapiam
1347 1429 1480 1510 Apellis,

289 1515 397 1591 magni
412 1513 513 1573 refert
528 1514 601 1591 quis
616 1512 703 1573 adsit
717 1519 1000 1574 commonstrator.
1034 1512 1096 1587 Qui
1111 1515 1139 1573 si
1152 1515 1323 1593 contingat
1336 1515 1481 1593 egregius

286 1596 417 1669 artifex,
434 1597 512 1657 haec
531 1595 627 1657 lectio
646 1615 712 1657 non
729 1595 834 1657 solnm
850 1595 975 1657 valebit
993 1597 1037 1657 ad
1056 1596 1305 1658 exhilarandum
1325 1598 1480 1670 animum,
1494 1612 1527 1674 85

286 1698 352 1740 non
374 1686 506 1740 tantum
528 1680 571 1740 ad
593 1679 765 1740 emendate
790 1678 999 1757 loquendum,
1021 1699 1087 1740 non
1111 1680 1209 1741 modo
1232 1680 1275 1741 ad
1300 1679 1480 1741 vberiorem

286 1763 415 1823 dicendi
428 1762 632 1835 facultatem,
649 1782 762 1823 verum
777 1764 877 1823 etiam
891 1782 958 1823 non
977 1782 1094 1843 parum
1114 1762 1242 1823 adferet
1258 1763 1480 1842 philosophiae
1555 1786 1559 1792 ·

286 1846 428 1918 moralis,
459 1865 558 1924 quam
591 1865 691 1906 vnam
722 1844 871 1908 Socrates
898 1847 1103 1907 existimauit
1132 1866 1201 1907 esse
1235 1845 1479 1925 perdiscendam

286 1928 419 2002 homini,
435 1931 491 2009 qui
507 1931 619 2009 cupiat
634 1930 730 1991 beate
745 1931 864 1990 viuere.

329 2013 447 2092 ltaque
456 2014 490 2073 ni
499 2019 532 2073 te
542 2018 659 2092 sponte
668 2019 852 2074 currentem
862 2012 1016 2085 viderem,
1026 2012 1213 2073 charissime
1220 2012 1369 2086 Ioannes,
1378 2014 1478 2074 etiam
1492 2042 1526 2089 90

286 2101 388 2174 atque
407 2098 508 2156 etiam
525 2096 684 2169 hortarer,
703 2103 742 2156 vt
760 2102 892 2176 reputes
912 2101 1073 2173 quantum
1093 2097 1137 2157 sis
1156 2096 1226 2157 Deo
1244 2115 1373 2169 nomen,
1389 2098 1479 2158 cuius

285 2179 508 2240 munificentia
527 2186 597 2239 tam
615 2180 740 2240 felicem
755 2178 898 2240 indolem
915 2179 1084 2258 docileqne
1103 2180 1267 2258 ingenium
1284 2180 1421 2240 sortitus
1434 2200 1478 2252 es,

286 2264 338 2323 cui
349 2263 447 2323 debas
456 2268 491 2323 et
500 2269 669 2341 parentem
679 2261 869 2324 Seuerinnm
880 2262 1054 2335 Bonorum,
1065 2268 1100 2323 et
1108 2262 1298 2323 Ansslmnm
1309 2270 1479 2342 parentem

284 2345 426 2406 alterum
438 2366 444 2406 :
464 2353 537 2406 tum
549 2346 695 2423 qualium
707 2347 851 2407 virorum
863 2352 989 2425 quanta
998 2345 1039 2407 de
1050 2351 1084 2406 te
1093 2347 1138 2406 sit
1148 2348 1345 2427 expectatio,
1354 2353 1389 2407 et
1401 2348 1434 2407 in
1445 2354 1479 2408 te

285 2430 424 2490 coniecti
431 2429 534 2490 oculi:
550 2436 725 2508 postremo,
736 2447 835 2508 quam
843 2429 965 2490 isthaec
975 2434 1068 2490 aetas
1077 2429 1284 2490 adhonestas
1292 2430 1478 2509 disciplinas
1491 2457 1524 2508 95

284 2513 329 2572 sit
348 2514 509 2592 apposita.
553 2512 708 2573 Nondum
722 2514 808 2573 enim
827 2520 866 2573 vt
880 2514 1004 2593 opinor,
1020 2532 1142 2573 annum
1158 2513 1477 2592 decimumquartum

284 2597 460 2656 excessisti.
504 2595 591 2656 Nam
611 2594 654 2655 ad
672 2595 851 2674 parandam
871 2596 1087 2657 eruditionem
1105 2595 1181 2676 plns
1195 2596 1286 2657 valet
1304 2598 1338 2656 in
1358 2598 1478 2657 teneris

284 2698 389 2739 annus
408 2680 531 2752 vnicus,
547 2697 646 2756 quam
667 2679 788 2752 decem,
804 2678 861 2739 vbi
880 2680 945 2740 iam
963 2680 1093 2741 animus
1108 2680 1180 2739 aliis
1197 2687 1376 2759 occupatus
1393 2681 1478 2741 curis

284 2763 327 2822 ad
348 2762 550 2824 docilitatem
572 2761 728 2822 induruit.
771 2760 867 2823 Adde
887 2762 960 2835 huc,
979 2762 1068 2840 quod
1089 2782 1128 2823 ea
1145 2763 1278 2824 demum
1295 2764 1330 2823 in
1349 2783 1477 2824 omnem

284 2848 388 2906 vitam
404 2847 607 2906 tenacissime
627 2845 772 2918 haerent,
787 2864 873 2923 quae
890 2847 981 2925 pueri
999 2845 1195 2907 imbibimus.
1238 2846 1414 2907 Dimittam
1434 2853 1542 2919 te,1oo

284 2931 311 2991 si
337 2931 426 3010 prius
452 2929 532 2990 illud
556 2928 764 3002 admonuero,
790 2934 830 2991 vt
854 2930 888 2990 in
912 2931 1001 2991 omni
1024 2948 1140 3009 genere
1168 2930 1349 2991 carminum
1375 2936 1479 2991 temet

283 3013 454 3092 diligenter
468 3032 628 3085 exerceas,
644 3032 682 3073 eo
697 3012 786 3091 quod
801 3014 858 3092 qui
872 3013 956 3074 hanc
970 3013 1162 3075 eruditionis
1182 3020 1310 3093 partem
1329 3014 1476 3093 neglexe-

283 3104 370 3170 runt,
391 3099 604 3158 minoratum
623 3095 744 3169 fructu,
764 3103 836 3157 tum
856 3096 1030 3177 voluptate
1050 3103 1223 3158 versantur
1241 3098 1275 3157 in
1297 3096 1477 3171 autoribus,

283 3182 339 3258 qui
373 3199 502 3240 carmen
535 3180 804 3259 conscripserunt.
857 3179 961 3242 Iidem
994 3179 1122 3241 facilius
1155 3179 1313 3242 labuntur
1348 3181 1477 3261 decepti

283 3263 409 3324 mendis
424 3263 582 3335 codicum,
598 3282 680 3341 qnos
694 3282 928 3342 saepenumero
942 3263 1053 3343 prodit
1067 3265 1163 3324 metri
1177 3265 1272 3324 ratio.
1315 3262 1476 3337 Quoniam
1492 3291 1539 3342 105

283 3354 394 3407 autem
409 3349 443 3408 in
457 3346 518 3407 hoc
533 3353 648 3407 autore
663 3346 886 3425 perturbatior
902 3366 940 3407 ac
958 3346 1089 3407 liberior
1106 3353 1158 3407 est
1178 3348 1359 3408 carminum
1381 3349 1476 3421 ratio,

283 3449 388 3509 pauca
406 3430 568 3508 quaedam
590 3431 831 3502 annotauimns,
850 3428 940 3504 lucis,
960 3435 1000 3490 vt
1021 3431 1145 3509 opinor,
1165 3430 1314 3491 nonnihil
1335 3429 1477 3492 allatura

282 3532 398 3592 parum
413 3514 610 3574 exercitatis.
654 3512 743 3586 Vale,
759 3519 794 3574 et
807 3512 924 3574 fruere.

324 3595 473 3675 Friburgi
499 3597 686 3675 Brisganiae
711 3597 793 3676 prid.
821 3596 870 3658 Id.
894 3595 1047 3657 Decemb.
1073 3595 1168 3657 Anno
1197 3617 1217 3658 a
1242 3595 1371 3659 Christo
1396 3604 1477 3659 nato

281 3697 466 3740 mnxxxu.
1492 3711 1540 3747 110

577 3963 724 4046 2⁵⁸52as
771 3958 823 4024 To
839 3957 1014 4024 Essemus
1029 3956 1179 4024 Scnnrs.

319 4097 437 4151 British
450 4097 592 4151 Museum
605 4096 669 4151 MS.
684 4096 765 4150 Add.
781 4097 884 4164 38512,
898 4096 919 4150 f.
934 4099 980 4151 66.
1200 4095 1358 4166 Freiburg.

1121 4187 1155 4240 13
1169 4171 1340 4226 December
1355 4186 1436 4240 1531.

541 4299 598 4359 [An
610 4297 727 4363 original
739 4298 834 4357 letter,
845 4299 1006 4364 autograph
1018 4298 1216 4364 throughout]

321 4414 352 4475 S.
374 4415 409 4475 P.
454 4413 600 4474 Tandem
620 4414 724 4493 recepi
743 4413 886 4474 condita.
930 4412 1063 4474 Schedia
1083 4415 1163 4475 meis
1184 4412 1226 4475 ob
1248 4415 1475 4493 migrationem

278 4497 480 4577 perturbatis
501 4515 566 4557 non
589 4498 683 4576 potui
703 4498 849 4558 inuenire
870 4497 999 4557 litteras
1020 4496 1107 4558 illius
1129 4499 1186 4576 qui
1207 4496 1308 4558 dedit.
1352 4497 1417 4558 Fac
1435 4504 1474 4559 vt

278 4583 387 4642 sciam.
432 4581 568 4640 interim
590 4599 690 4658 queso
712 4585 750 4640 vt
773 4580 819 4641 illi
841 4599 913 4641 meo
941 4581 1071 4641 nomine
1096 4583 1218 4660 gratias
1240 4600 1326 4660 agas.
1369 4580 1474 4642 Adest

277 4665 374 4725 isthic
394 4662 565 4735 Aleander,
581 4665 638 4741 qui
657 4664 721 4722 iam
743 4662 821 4724 olim
840 4663 920 4724 mihi
935 4662 1070 4724 molitur
1082 4665 1230 4726 exitium.
1274 4664 1341 4725 Nec
1356 4662 1474 4726 dubito

277 4750 357 4827 quin
377 4748 461 4808 idem
482 4766 569 4806 nunc
585 4753 671 4825 agat.
715 4746 842 4808 Volitat
857 4766 968 4808 rumor
986 4746 1028 4808 de
1047 4755 1211 4809 conuentu
1232 4747 1472 4827 Ratisponensi,

345 4859 419 4907 2584.
438 4859 480 4917 98.
499 4872 591 4907 annus
603 4856 783 4921 scripsimus:
802 4858 886 4908 annis
897 4877 922 4908 α.
993 4872 1050 4918 109.
1068 4873 1087 4907 a
1097 4857 1209 4908 Christo
1221 4864 1291 4909 nato
1302 4873 1355 4909 om.
1368 4857 1405 4908 N.

310 4994 384 5042 2585.
403 5008 427 5043 2.
457 4994 507 5058 qui
535 4992 627 5054 dedit]
655 4991 760 5043 Mertin
784 4993 849 5043 Fer·
900 5007 1009 5043 answer
1040 4991 1141 5044 Sabate
1170 5009 1236 5058 says
1264 4994 1330 5044 that
1358 4992 1394 5043 ha
1421 4993 1474 5044 hss

275 5062 382 5120 rariua;
409 5077 455 5111 sae
475 5060 530 5126 Ep.
552 5073 626 5122 2511.
647 5073 709 5121 29n.
749 5060 785 5111 In
805 5060 850 5111 h'm
899 5060 1029 5112 thanked
1045 5059 1114 5111 him.
