4042 5900
308 680 404 760 2465]
614 680 671 743 ro
692 677 947 743 Aucusruus
969 677 1198 743 sreucuus
1441 680 1499 739 221

307 840 507 901 comminisci
517 839 662 901 homines
670 839 826 912 iecit,nisi
833 837 941 899 Adam
950 838 1340 917 peccasset‚iorevtineo
1350 838 1502 920 paradiso

309 924 427 1002 iugiter
442 924 588 985 homines
602 922 816 984 habitassent.
860 921 946 982 Nam
964 922 1065 982 etiam
1080 923 1107 981 si
1122 921 1229 983 Adam
1243 941 1311 983 non
1325 927 1501 1001 peccasset,

310 1007 462 1068 habitata
479 1012 592 1068 tamen
606 1008 671 1067 ista
684 1010 773 1067 terra
786 1005 904 1066 fuisset
918 1010 957 1065 vt
971 1024 1058 1065 nune
1072 1004 1121 1078 fit,
1137 1011 1173 1066 et
1186 1005 1332 1066 homines
1347 1006 1400 1067 vel
1417 1025 1501 1067 mor·

310 1090 394 1151 tales
415 1089 554 1151 fuissent
576 1095 616 1150 vt
636 1109 733 1162 nunc,
756 1087 807 1150 vel
829 1107 972 1168 congruo
994 1093 1140 1167 tempore
1161 1089 1195 1149 in
1217 1088 1343 1150 coelum
1365 1089 1503 1150 fuissent
1516 1112 1565 1161 575

310 1175 471 1252 assumpti
483 1173 499 1231 ’.
544 1173 585 1233 In
600 1173 661 1233 hac
675 1174 839 1233 sententia
853 1191 955 1251 quum
969 1171 1105 1233 fatearis
1118 1173 1326 1251 grauisumos
1340 1173 1501 1233 sanctissi-

310 1275 446 1334 mosque
461 1257 548 1317 viros
563 1255 671 1327 fuisse,
687 1261 799 1316 tamen
812 1274 879 1316 non
896 1255 1017 1317 vereris
1037 1255 1203 1335 appellare
1220 1254 1360 1317 fabulas.
1405 1255 1450 1315 Et
1469 1256 1503 1315 in

311 1340 361 1400 his
376 1340 587 1400 sanctissimis
601 1340 680 1400 viris
693 1343 746 1401 est
758 1337 970 1417 Augustinus,
983 1358 1080 1419 quem
1095 1358 1116 1400 a
1130 1358 1183 1400 me
1197 1338 1288 1400 doles
1302 1345 1372 1400 tam
1386 1338 1504 1399 leuiter

311 1428 478 1483 attactum
499 1423 533 1483 in
554 1442 589 1483 re
610 1420 713 1483 nihili.
757 1420 820 1483 Sed
842 1426 1011 1495 retractas,
1027 1423 1054 1482 si
1078 1440 1163 1501 quae
1187 1421 1268 1483 dicis
1291 1428 1370 1483 sunt
1392 1422 1502 1501 impia.

312 1505 415 1584 Atqui
436 1506 464 1566 si
485 1505 627 1579 dubitas,
649 1505 729 1585 quid
750 1523 833 1585 opus
853 1510 926 1566 erat
945 1504 1111 1585 appellare
1132 1505 1285 1567 fabulas?
1321 1505 1449 1568 Rursus
1470 1506 1504 1566 in
1517 1516 1567 1577 580

312 1588 462 1650 Genesim
477 1607 548 1668 cap.
565 1608 596 1650 x.
612 1588 805 1650 dissentiens
822 1588 864 1649 ab
886 1587 1079 1668 Augustino,
1094 1590 1152 1668 qui
1173 1590 1264 1669 prius
1284 1609 1343 1670 per
1363 1608 1504 1650 errorem

313 1673 443 1733 dixerat
457 1691 478 1732 a
492 1672 586 1732 nobis
604 1672 788 1751 logicorum
804 1671 939 1743 domino,
960 1671 1132 1751 legendum
1151 1677 1263 1734 autem
1281 1679 1386 1733 contro
1406 1672 1504 1732 ιιοιιιι·

313 1775 401 1828 num,
417 1756 508 1818 nulla
525 1756 729 1834 praefatione
748 1755 879 1815 honoris
900 1753 999 1815 libere
1018 1757 1122 1816 reiicis
1143 1757 1213 1816 eius
1232 1757 1439 1828 sententiam,
1455 1756 1505 1816 his

313 1839 439 1899 verbis:
465 1839 559 1919 ‘Ipse
574 1840 684 1918 potius
696 1843 830 1918 propter
844 1837 1026 1899 Hebraicae
1040 1839 1170 1919 linguae
1185 1841 1382 1919 imperitiam
1394 1840 1506 1919 lapsus

312 1928 363 1983 est
373 1923 391 1983 ’.
1519 1932 1568 1994 585

357 2004 527 2066 Interdum
543 2005 688 2085 erumpis
702 2006 737 2065 in
751 2004 864 2066 laudes
879 2004 1082 2084 Hieronymi,
1097 2004 1155 2067 sed
1168 2024 1234 2066 non
1252 2006 1336 2066 citra
1354 2004 1504 2085 suggilla-

312 2090 437 2150 tionem
459 2088 621 2162 ecclesiae,
644 2107 743 2167 quam
765 2087 884 2149 alicubi
905 2086 1019 2149 scribis
1040 2089 1074 2148 in
1095 2088 1258 2149 erroribus
1279 2090 1383 2150 tantis
1407 2088 1506 2149 fuisse

313 2172 471 2245 futuram,
497 2172 560 2234 uisi
589 2173 639 2232 vir
667 2170 721 2232 ille
746 2171 877 2233 diuinos
902 2170 1002 2232 libros
1030 2173 1184 2234 vertisset
1211 2191 1253 2233 ex
1281 2171 1506 2234 Hebraeorum

314 2255 471 2317 fontibus.
515 2256 662 2317 Primum
690 2253 772 2316 illud
798 2254 917 2316 durum
941 2259 993 2316 est
1018 2256 1146 2333 piorum
1171 2255 1315 2328 auribus,
1339 2255 1507 2316 ecclesiam

315 2340 420 2399 teneri
444 2358 561 2412 errore,
583 2339 776 2418 praesertim
799 2339 833 2398 in
856 2339 954 2399 sacris
980 2338 1109 2410 litteris,
1133 2337 1211 2400 licet
1231 2344 1341 2400 errent
1363 2338 1508 2400 homines
1521 2362 1571 2411 590

314 2423 469 2501 plerique.
513 2421 577 2483 Sed
592 2421 731 2483 eundem
745 2422 828 2483 bene
842 2420 1014 2482 laudatum
1029 2421 1166 2482 subinde
1179 2422 1396 2501 reprehendis,
1406 2441 1509 2501 quum

315 2504 481 2566 interdum
504 2506 606 2585 possis
628 2504 759 2586 culpam
779 2506 813 2566 in
837 2503 986 2566 librarios
1009 2505 1163 2567 conferre.
1208 2504 1280 2566 Iam
1305 2506 1332 2565 si
1354 2505 1509 2584 pleraque

316 2593 394 2648 sunt
422 2589 609 2662 immutata,
639 2594 678 2648 vt
706 2589 888 2667 suspicaris,
911 2589 946 2648 in
974 2587 1200 2650 Hebraeorum
1226 2588 1401 2661 codicibus,
1426 2607 1509 2667 quos

315 2676 475 2750 sequutus
488 2676 540 2733 est
553 2672 783 2749 Hieronymus,
792 2670 878 2733 vnde
888 2671 982 2731 nobis
996 2678 1128 2733 constat
1138 2671 1431 2733 hancaeditionem
1440 2690 1509 2732 esse

315 2756 555 2833 synceriorem?
577 2754 744 2832 Siquidem
759 2753 866 2815 Exodi
880 2773 951 2833 cap.
963 2756 1075 2815 xxxiii.
1086 2760 1183 2816 notas
1194 2754 1442 2833 Hieronymum,
1452 2755 1510 2833 qui
1522 2767 1572 2818 595

316 2857 485 2917 perperam
501 2839 646 2910 verterit,
662 2836 806 2899 Ostende
826 2836 906 2898 mihi
924 2837 1042 2898 faciem
1065 2845 1168 2911 tuam,
1184 2857 1244 2917 pro
1263 2857 1301 2898 eo
1321 2837 1509 2917 quoderat,

317 2920 460 2983 Ostende
471 2922 550 2983 mihi
562 2923 649 2983 viam
661 2925 777 2982 tuam?
812 2919 916 2982 Addis
926 2940 1001 2982 eum
1013 2920 1121 2983 locum
1130 2923 1223 3002 peius
1233 2923 1334 2983 etiam
1349 2940 1479 2983 versum
1489 2940 1510 2982 0

317 3004 542 3085 Septuaginta,
559 3004 702 3067 Ostende
717 3004 797 3064 mihi
811 3005 962 3083 teipsum.
999 3003 1064 3066 Sed
1078 3005 1164 3066 vnde
1179 3006 1284 3084 liquet
1299 3005 1359 3066 hoc
1374 3005 1463 3083 quod
1472 3010 1511 3065 tu

318 3089 467 3168 reperisti
496 3090 529 3149 in
562 3088 714 3149 Hebraeo
742 3087 861 3161 codice,
891 3089 999 3149 verius
1028 3108 1098 3149 esse
1127 3108 1226 3167 quam
1250 3089 1339 3167 quod
1362 3087 1512 3166 legerunt

317 3172 539 3249 Hieronymus
556 3176 592 3232 et
611 3170 836 3251 Septuaginta,
851 3173 1043 3251 praesertim
1063 3191 1164 3252 quum
1186 3172 1238 3232 hic
1260 3173 1341 3232 cites
1362 3177 1512 3232 autorem
1524 3183 1575 3230 600

318 3274 424 3333 neque
450 3253 637 3315 Hebraeum
663 3273 767 3332 neque
793 3253 977 3316 Graecum?
1013 3254 1135 3317 Verum
1157 3275 1178 3316 a
1203 3254 1419 3335 Septuaginta
1446 3273 1513 3314 non

320 3337 420 3398 modo
443 3336 641 3418 frequenter,
665 3338 882 3399 verumetiam
903 3358 1020 3419 parum
1045 3346 1233 3400 reuerenter
1259 3339 1425 3399 interdum
1449 3336 1512 3397 dis·

319 3422 430 3482 sentis.
469 3420 510 3481 Id
531 3441 633 3501 quum
655 3421 745 3494 facis,
767 3440 875 3482 nonne
896 3417 1004 3500 palam
1027 3423 1131 3483 reiicis
1148 3423 1333 3519 opinionem
1349 3421 1512 3500 Cypriani,

318 3504 446 3576 Hilarii,
476 3504 659 3584 Augustini,
689 3523 730 3565 ne
759 3503 899 3565 Graecos
927 3524 1187 3578 commemorem,
1217 3506 1273 3583 qui
1306 3504 1515 3566 crediderunt

319 3586 536 3667 Septuaginta
546 3588 650 3649 diuini
661 3588 795 3667 spiritus
807 3587 921 3649 afflatu
933 3588 1028 3649 nobis
1038 3608 1110 3650 eam
1120 3589 1300 3668 prodidisse
1309 3589 1514 3650 versionem?
1527 3599 1577 3658 605

362 3670 459 3731 Vides
473 3672 506 3730 in
522 3690 588 3749 qua
602 3691 638 3731 re
657 3690 723 3732 non
738 3672 857 3732 vereris
874 3690 895 3732 a
909 3673 1013 3732 tantis
1030 3672 1109 3732 viris
1126 3671 1225 3733 libere
1240 3671 1434 3732 dissentire?
1470 3670 1516 3730 Et

320 3761 391 3815 tam
406 3755 563 3814 atrociter
582 3754 797 3816 stomacharis
814 3756 848 3814 in
864 3774 940 3815 eum
958 3756 1016 3833 qui
1034 3774 1100 3816 non
1117 3754 1272 3834 probauit
1292 3760 1516 3815 commentum

319 3837 360 3898 de
375 3836 492 3908 Adam,
509 3837 607 3915 quod,
624 3843 663 3898 vt
677 3838 756 3909 dixi,
772 3837 914 3899 arbitror
928 3856 987 3899 nec
1002 3839 1111 3918 ipsum
1125 3837 1347 3918 Augustinum
1361 3838 1516 3917 probasse

319 3921 426 3981 serio?
459 3920 565 3981 Exodi
577 3940 647 4000 cap.
665 3921 789 3980 xxxiiii.
805 3921 1014 4000 reprehendis
1028 3922 1267 4001 Hieronymum
1279 3923 1336 3999 qui
1346 3939 1516 4001 perperam

319 4005 432 4075 vertit,
449 4003 647 4082 ‘ignorabat
664 4004 772 4064 Moses
790 4003 877 4081 quod
897 4011 1037 4065 comuta
1058 4011 1145 4066 esset
1165 4004 1264 4065 iacies
1285 4005 1355 4064 eius
1366 4005 1384 4077 ',
1400 4022 1459 4084 pro
1478 4021 1517 4064 eo
1529 4013 1580 4062 6ιο

321 4087 507 4166 quoderat,
525 4085 987 4148 ‘radianseratiacieseius'.
1026 4088 1136 4167 Atque
1154 4088 1206 4148 hie
1225 4087 1308 4149 adeo
1324 4106 1390 4148 non
1409 4106 1516 4167 repre·

321 4171 508 4231 hensionem
530 4170 612 4230 lenis
633 4176 673 4231 vt
694 4189 761 4232 non
781 4170 924 4231 multum
949 4171 1037 4232 absis
1062 4191 1083 4232 a
1107 4172 1264 4244 conuicio,
1286 4190 1388 4251 quum
1413 4170 1517 4243 addis,

354 4327 412 4377 574.
430 4313 472 4362 ita
482 4320 545 4363 unte
556 4319 589 4363 vt
600 4313 664 4363 odd.
676 4312 708 4362 J.
792 4313 850 4376 578.
868 4313 984 4364 dolebas
995 4313 1027 4364 J.
1116 4327 1175 4378 579.
1193 4314 1263 4364 inibi
1272 4321 1335 4378 poet
1346 4313 1400 4364 Sed
1412 4313 1475 4363 odd.
1486 4313 1518 4363 J.

320 4382 379 4442 580.
398 4379 551 4430 dubitabas
562 4379 593 4429 J.
639 4381 730 4443 581-2.
749 4380 829 4445 prius
839 4395 890 4445 per
901 4395 1024 4431 errorem
1035 4381 1148 4432 dixerat
1156 4399 1188 4431 a:
1206 4386 1293 4445 putet
1302 4395 1481 4445 pererratam
1487 4380 1519 4430 J.

320 4449 379 4510 582.
398 4446 548 4512 legendum
559 4452 656 4497 autom
668 4465 700 4496 a:
718 4461 808 4512 quum
822 4446 973 4512 legendum
988 4448 1027 4498 sit
1042 4447 1065 4497 J
1067 4485 1073 4496 .
1192 4448 1251 4510 583.
1268 4447 1330 4497 eius
1346 4465 1378 4496 a:
1397 4447 1471 4497 illius
1487 4446 1519 4497 J.

320 4516 379 4577 584.
398 4513 511 4577 linguae
528 4513 732 4564 HebraicaeJ.
812 4526 870 4575 590.
888 4513 954 4564 hcet
965 4514 1111 4564 aJN³LB
1128 4513 1277 4564 licentN1.
1355 4526 1413 4575 595.
1431 4515 1521 4565 miii

326 4581 421 4643 Vela:
440 4580 531 4642 23uJ.
582 4597 644 4645 cap.
658 4597 710 4631 om
722 4580 753 4630 J
806 4592 863 4658 597.
882 4580 1205 4631 Etonteaddisode
1260 4582 1319 4629 600.
1337 4579 1522 4631 nullumonte

321 4649 391 4697 cites
403 4647 465 4696 odd.
478 4647 509 4696 J.
610 4653 669 4710 605
687 4647 899 4765 bddinsm
841 4685 927 4780 qm
1007 4647 1161 4712 oooquod
1173 4647 1318 4697 interdurn
1329 4647 1480 4710 profitetur
1491 4652 1522 4697 et

321 4714 513 4778 Hieronymus
525 4722 586 4764 ante
595 4715 681 4765 Vides
937 4729 1050 4779 :quam
1007 4651 1189 4764 606‘arduaJ
1241 4714 1300 4764 608.
1318 4713 1520 4765 vtdixiom.J

321 4779 421 4830 necJ.
439 4796 512 4829 nea.
586 4785 644 4831 610.
662 4780 823 4832 verteritJ.
902 4783 970 4830 611-
952 4795 1013 4831 -1.2
1030 4781 1101 4831 lenis
1112 4779 1399 4846 reprehensionemJ.

355 4965 447 5026 583-4.
465 4963 509 5011 his
521 4963 624 5024 verbis]
636 4963 687 5027 Op.
700 4962 805 5014 Omai.
818 4975 894 5026 ιο70.
945 4962 964 5012 ι.
978 4976 1055 5026 14ιο.

356 5044 414 5093 595.
428 5029 520 5079 Exodi
527 5030 698 5095 capxxxiii]
708 5044 748 5094 13.
756 5030 806 5095 Op.
815 5028 894 5081 Omo.
981 5032 1041 5090 609.
1060 5028 1419 5094 xxxiiii129.0p.0mn.is
1433 5042 1508 5095 ι4ιο.
