4042 5900
442 663 483 724 88
772 659 969 724 LETTERS
990 658 1047 723 OF
1066 658 1271 725 ERASMUS
1547 666 1643 744 [1530

443 820 567 883 letioris
586 820 711 899 aliquid
729 822 808 881 noui
824 821 1034 900 inexpectato
1055 819 1195 881 scribere
1211 822 1325 902 possit.
1369 820 1470 884 Forte
1489 821 1573 885 haec
1592 829 1643 885 est

443 923 559 965 caussa
584 909 654 965 tem
677 902 826 965 diuturni
851 904 952 983 ipsius
978 902 1119 977 silencii;
1153 902 1210 964 sed
1238 903 1412 966 mallemus
1436 907 1550 967 omnia
1573 908 1641 969 siue

442 986 583 1048 aduersa
604 987 673 1048 siue
692 1006 848 1066 prospera
867 989 901 1047 in
918 993 1067 1066 tempore
1085 988 1175 1059 scire,
1191 992 1231 1047 vt
1249 987 1375 1066 (quod)
1392 989 1427 1048 in
1445 989 1641 1051 vtramlibet

398 1089 429 1139 1⁵
442 1077 572 1149 partem
586 1070 827 1149 prouidendum
843 1075 929 1131 esset
943 1069 978 1130 id
992 1071 1028 1130 in
1042 1076 1190 1149 tempore
1205 1090 1402 1132 curaremus.
1447 1069 1481 1133 Si
1499 1091 1552 1134 res
1567 1092 1640 1153 pro·

442 1173 538 1233 spere
551 1159 646 1226 esset,
661 1153 850 1226 lateremur‚
866 1155 893 1213 si
907 1153 1057 1226 aduersa,
1074 1154 1291 1232 cogitaremus
1306 1159 1346 1214 vt
1360 1155 1422 1215 viis
1437 1162 1473 1216 et
1489 1156 1642 1217 remediis

441 1237 563 1316 quibus
579 1236 649 1297 fieri
666 1243 778 1316 posset
792 1236 943 1297 omnibus
959 1236 1056 1297 rebus
1069 1238 1177 1315 [m]eis
1192 1237 1405 1299 mederemur.
1449 1238 1575 1301 Verum
1589 1246 1641 1301 vt·

441 1338 570 1398 cunque
599 1322 769 1399 negocium
797 1319 964 1399 procedat,
991 1339 1012 1381 a
1041 1320 1112 1381 Deo
1140 1322 1267 1400 optimo
1296 1322 1450 1394 maximo,
1477 1341 1519 1383 ex
1548 1324 1643 1384 ouius

440 1422 540 1464 manu
560 1404 706 1464 omnium
728 1403 918 1464 mortalium
935 1422 986 1464 res
1004 1403 1156 1483 pendent,
1176 1409 1228 1464 est
1244 1404 1497 1483 expectandum.
1542 1406 1591 1467 Et
1614 1407 1643 1467 si

394 1503 428 1541 20
441 1486 520 1565 quid
531 1486 589 1548 leti
601 1488 811 1567 prosperique
822 1486 917 1547 nobis
932 1488 1115 1565 contigerit,
1131 1486 1179 1546 illi
1193 1486 1338 1566 agendae
1351 1489 1498 1566 graciae3
1522 1490 1549 1550 si
1564 1490 1643 1550 sini-

440 1572 509 1643 stri,
531 1577 663 1631 nostrae
685 1570 718 1631 id
740 1569 856 1649 culpae
876 1569 1098 1642 tribuendum,
1117 1571 1175 1648 qui
1193 1570 1227 1630 id
1247 1570 1326 1631 meli
1346 1576 1482 1651 propter
1503 1579 1645 1650 peecata

439 1660 553 1714 nostra
569 1653 663 1714 nobis
680 1655 765 1715 iuste
782 1654 946 1713 inflixerit.
991 1653 1043 1714 Tu
1062 1654 1120 1731 qui
1136 1655 1223 1714 inter
1236 1672 1350 1714 omnes
1368 1659 1502 1715 nostrae
1520 1657 1645 1717 aetatis

439 1737 599 1810 iudicaris,
620 1743 655 1797 et
674 1737 807 1816 quidem
828 1737 955 1809 merito,
977 1737 1262 1815 prudentissimus,
1284 1736 1337 1797 fec
1357 1756 1410 1798 me
1431 1737 1553 1799 reddes
1573 1758 1644 1801 cer·

439 1825 511 1881 tum
529 1820 570 1881 de
587 1820 649 1880 hiis
667 1820 764 1881 rebus
783 1819 952 1898 inquibus
968 1819 1013 1881 ad
1027 1825 1061 1881 te
1076 1839 1181 1900 nuper
1195 1821 1396 1900 scripseram.
1440 1820 1524 1883 Vale
1538 1828 1575 1883 et
1590 1841 1645 1884 me

391 1918 424 1968 2⁵
437 1902 523 1964 habe
538 1903 813 1965 commendatum.

479 1986 648 2067 Augustae
663 1988 762 2047 xviiii.
779 1986 976 2048 Nouembris
990 1985 1088 2048 Anno
1103 1986 1237 2048 Domini
1251 2002 1409 2049 samm.

760 2153 859 2215 2410.
907 2150 959 2215 To
976 2150 1134 2215 Aureus
1149 2148 1317 2215 Dssssu.

476 2261 637 2333 Epistolae
649 2261 793 2317 Floridae
805 2279 836 2333 p.
852 2275 898 2331 57.
1364 2260 1525 2333 Freiburg.

476 2338 516 2392 K.
531 2354 562 2408 p.
577 2350 630 2406 72:
651 2337 690 2391 N.
704 2354 736 2408 p.
750 2350 823 2405 997:
844 2337 942 2391 Lond.
956 2354 1031 2392 xxv.
1045 2353 1100 2409 41:
1273 2348 1309 2405 27
1322 2336 1502 2391 November
1517 2351 1603 2407 1530.

513 2413 578 2467 LB.
595 2426 676 2483 1147.

472 2506 543 2567 [The
554 2506 621 2555 date
633 2506 657 2556 is
668 2505 821 2556 confirmed
833 2507 872 2571 by
883 2505 1028 2556 Erasmus’
1041 2505 1145 2563 illness,
1158 2505 1249 2555 which
1261 2505 1353 2570 began
1365 2506 1395 2555 in
1407 2505 1489 2571 April
1502 2519 1570 2571 1530
1579 2506 1644 2559 and
1672 2501 1674 2506 ’

437 2573 591 2624 continued
603 2573 780 2637 throughout
791 2574 841 2624 the
853 2589 993 2623 summer:
1012 2573 1049 2622 ci,
1062 2573 1117 2638 Ep.
1129 2586 1205 2635 ²33²·
1220 2585 1294 2634 1-25.

472 2642 590 2704 Antony
601 2640 722 2698 Dalbsn,
735 2639 827 2703 †1574,
843 2655 894 2690 son
912 2640 942 2689 oi
956 2639 1088 2698 William,
1101 2639 1163 2689 lord
1178 2639 1208 2688 oi
1222 2639 1264 2689 St.
1280 2638 1410 2703 Forgeul,
1423 2638 1540 2689 became
1548 2640 1644 2693 abbot

437 2708 468 2757 oi
485 2707 609 2771 Ssvigny
627 2722 696 2756 near
713 2706 808 2771 Lyons
826 2713 858 2756 at
875 2707 925 2756 the
943 2722 995 2771 age
1010 2706 1041 2756 ot
1061 2720 1100 2770 14,
1119 2706 1149 2755 in
1166 2705 1324 2755 succession
1341 2711 1374 2755 ιο
1390 2705 1435 2755 his
1451 2706 1644 2771 grand-uncle

438 2773 553 2824 Francis
571 2773 693 2831 Dalbsn,
712 2772 770 2822 and
789 2773 820 2822 in
841 2786 905 2836 1525
925 2773 1159 2837 commendatsry
1178 2773 1268 2822 abbot
1286 2772 1317 2821 oi
1334 2771 1434 2822 Insula
1452 2773 1591 2833 Barbara,
1611 2775 1643 2824 in

437 2841 596 2890 succession
613 2846 645 2890 ιο
661 2840 706 2888 his
723 2839 805 2889 uncle
817 2842 936 2904 Antony
949 2840 1063 2890 Dalbsn
1080 2852 1113 2898 11,
1125 2840 1189 2889 who
1205 2839 1262 2888 had
1277 2837 1414 2903 similarly
1430 2839 1585 2890 succeeded
1601 2856 1643 2892 an

437 2907 519 2958 uncle
531 2908 661 2972 (Antony
672 2906 783 2958 Dalbsn
795 2908 827 2967 1).
854 2907 908 2957 His
917 2912 1007 2958 testes
1019 2922 1095 2957 seem
1107 2913 1138 2957 to
1150 2906 1223 2956 have
1235 2906 1307 2957 been
1319 2906 1349 2956 in
1360 2905 1411 2957 the
1422 2907 1501 2957 main
1511 2907 1643 2974 military

436 2975 495 3024 and
506 2974 632 3039 worldly.
667 2975 713 3024 He
724 2974 878 3024 succeeded
889 2975 919 3023 in
930 2975 1080 3038 obtaining
1090 2973 1177 3039 papal
1189 2973 1263 3024 bulls
1273 2973 1443 3038 permitting
1453 2973 1505 3024 the
1516 2975 1642 3026 secular-

436 3042 542 3091 ization
553 3042 583 3091 oi
595 3041 693 3091 Insula
705 3042 831 3091 Barbare
842 3042 872 3090 in
886 3054 1010 3105 1549-51.
1046 3041 1082 3090 ln
1096 3044 1160 3102 1562
1172 3040 1222 3090 the
1233 3044 1399 3104 monastery
1410 3055 1468 3090 was
1482 3041 1588 3092 ceolred
1600 3041 1643 3108 by

437 3109 487 3159 the
499 3108 627 3157 heretice.
654 3107 689 3157 In
701 3109 751 3157 the
762 3124 839 3158 same
851 3123 919 3172 year
930 3108 1043 3158 Dalbsn
1055 3108 1170 3158 becarm
1181 3107 1351 3171 archbishop
1363 3106 1394 3156 ot
1405 3106 1487 3156 Arles
1497 3107 1557 3158 and
1568 3109 1642 3159 then

436 3176 558 3240 primate
570 3175 600 3223 oi
616 3175 718 3237 Lyons.
754 3174 799 3224 He
814 3174 915 3240 gained
933 3182 1036 3240 repnte
1051 3189 1083 3224 as
1099 3189 1118 3224 a
1134 3172 1236 3224 soldier
1254 3173 1292 3237 by
1303 3173 1348 3222 his
1365 3172 1482 3224 defense
1494 3174 1526 3224 of
1543 3174 1642 3241 Lyons

435 3243 548 3307 against
558 3241 608 3291 the
618 3241 739 3291 heretice
749 3242 779 3292 in
793 3244 866 3304 1561.
902 3241 1225 3301 (inluminationem.
1240 3241 1331 3303 185-7,
1342 3253 1436 3302 232-3,
1448 3240 1520 3303 269]

478 3348 572 3392 ERAS.
596 3347 671 3392 Ros.
694 3348 844 3393 ANTONIO
866 3348 1026 3393 DALBANO
1049 3348 1172 3393 ABBA'I'I
1193 3346 1339 3392 msvm
1362 3345 1546 3392 nsulsum
1567 3348 1594 3393 8.

478 3431 553 3493 (ivn
572 3431 704 3493 oblatus
726 3439 811 3493 esset
831 3434 887 3510 qui
909 3432 1107 3511 Lugdunum
1126 3436 1264 3511 peteret,
1284 3430 1349 3491 huc
1369 3429 1547 3506 rediturus,
1570 3451 1640 3495 non

435 3517 553 3595 putaui
568 3515 840 3576 committendum
856 3521 895 3576 vt
909 3516 952 3577 ad
968 3522 1001 3576 te
1017 3517 1086 3577 sine
1101 3516 1181 3575 meis
1199 3514 1319 3575 litteris
1333 3514 1471 3574 veniret.
1516 3514 1641 3596 Itaque

435 3606 529 3660 tuem
551 3598 723 3679 epistolam
745 3618 844 3676 quem
866 3599 983 3660 attulit
1005 3598 1178 3678 theologus
1204 3596 1373 3658 Mellarius
1398 3596 1574 3677 relegendo
1594 3619 1640 3662 ex

435 3688 546 3743 vetere
569 3682 650 3743 mihi
674 3682 736 3742 feci
761 3701 892 3754 nouam,
919 3683 1147 3761 geminamque
1176 3700 1217 3741 ex
1246 3700 1285 3741 ea
1314 3678 1523 3759 voluptatem
1554 3684 1637 3763 cepi

405 3765 522 3831 5Nam
542 3771 616 3826 tota
633 3765 781 3844 spirabat
798 3772 833 3826 et
852 3785 1016 3827 summam
1035 3765 1288 3837 humanitatem,
1304 3769 1339 3824 et
1359 3764 1516 3824 eximium
1534 3783 1638 3844 quen·

435 3848 512 3911 dem
534 3851 675 3928 pectoris
697 3850 747 3909 tui
769 3849 962 3910 candorem:
989 3868 1031 3908 ne
1053 3848 1133 3926 quid
1155 3848 1196 3908 de
1217 3866 1270 3908 me
1292 3846 1410 3918 dicem,
1433 3865 1532 3925 quem
1554 3848 1638 3910 Mal·

435 3932 535 3993 larius
548 3951 609 4011 pro
624 3933 674 3992 sui
688 3933 808 4011 ingenii
822 3932 1026 4011 benignitate
1041 3932 1103 3992 tibi
1114 3931 1276 4011 persuasit
1287 3949 1356 3991 esse
1367 3927 1502 4009 aliquid.
1533 3931 1639 3995 Porno

434 4034 519 4094 quae
540 4015 581 4075 de
602 4014 885 4076 lucubrationibus
910 4017 990 4076 meis
1016 4014 1193 4095 praedicas,
1217 4033 1284 4074 non
1310 4015 1380 4075 sine
1405 4013 1526 4076 rubore
1551 4013 1636 4095 legi:

434 4098 645 4159 vehementer
663 4105 775 4159 tamen
793 4100 935 4178 optarim
955 4118 1010 4159 eas
1027 4117 1096 4159 esse
1115 4097 1199 4158 tales
1219 4103 1258 4158 vt
1277 4099 1403 4178 possint
1418 4115 1485 4157 non
1500 4100 1637 4162 omnino

388 4195 421 4234 10
433 4181 586 4261 indignae
600 4181 704 4242 videri
719 4183 864 4242 virorum
880 4184 930 4243 tui
944 4182 1099 4243 similium
1114 4180 1248 4242 auribus
1262 4187 1364 4260 etque
1380 4180 1492 4241 oculis.

475 4264 547 4326 Iam
568 4264 635 4326 duo
654 4273 732 4327 sunt
752 4264 930 4343 dequibus
949 4285 1016 4326 non
1035 4264 1177 4326 arbitror
1196 4284 1265 4325 esse
1286 4283 1417 4326 necesse
1437 4270 1477 4326 vt
1498 4283 1552 4326 me
1570 4265 1635 4328 tibi

432 4367 568 4428 purgem
590 4350 783 4422 accuratius,
804 4351 831 4409 si
853 4355 948 4409 tuum
970 4350 1136 4428 ingenium
1156 4349 1237 4409 satis
1258 4366 1299 4408 ex
1318 4347 1458 4428 epistole
1480 4352 1541 4409 tus
1561 4367 1634 4429 per-

432 4433 533 4512 spexi.
571 4430 766 4505 Mallarium‚
782 4433 857 4505 scio,
873 4431 1080 4511 frigidissime
1094 4432 1207 4510 excepi
1221 4436 1257 4491 et
1271 4431 1373 4493 talem
1388 4432 1496 4492 virum
1513 4436 1635 4494 ettam

431 4514 604 4595 diligenter
620 4515 680 4576 abs
697 4520 731 4575 te
751 4515 1027 4577 commendatum.
1071 4515 1194 4576 Verum
1214 4514 1294 4575 haec
1307 4514 1465 4576 valetudo
1478 4533 1532 4576 me
1546 4517 1635 4595 cogit

386 4611 418 4662 15
434 4604 471 4659 vt
489 4600 524 4659 in
544 4604 654 4660 totum
673 4597 716 4658 ab
736 4598 798 4660 hoc
820 4599 999 4660 officiorum
1020 4616 1138 4679 genere
1160 4603 1349 4677 temperem,
1364 4598 1448 4659 adeo
1465 4604 1505 4660 vt
1529 4616 1634 4677 quum

510 4725 585 4775 2410.
603 4737 660 4774 rrr.
672 4723 704 4775 J.
773 4737 911 4775 emeno
923 4725 961 4776 K.
1032 4736 1158 4775 msvnsa
1170 4737 1330 4775 suessan
1341 4723 1428 4774 JLB:
1447 4739 1500 4775 ora.
1512 4723 1551 4775 N.

463 4874 538 4924 2409.
557 4889 599 4940 ²4·
617 4875 671 4925 hiis
685 4874 780 4935 rebus]
797 4873 858 4924 The
874 4874 1005 4941 religious
1089 4874 1164 4924 2410.
1182 4887 1206 4937 3.
1225 4873 1388 4939 epistolam]
1401 4873 1446 4925 No
1455 4872 1544 4925 letter
1559 4874 1634 4928 irem

429 4940 487 4992 and
499 4941 625 5007 political
636 4942 790 5000 situation;
808 4955 854 4991 see
863 4941 917 5008 Ep.
927 4956 1002 5006 2399.
1056 4941 1169 4992 Dalbsn
1180 4947 1212 4991 ιο
1224 4941 1360 4991 Erasmus
1371 4941 1424 4991 has
1434 4941 1564 4992 suvived

399 5016 400 5019 ’
429 5011 506 5073 46-9.
1124 5006 1604 5073 Mallarius18eeEp.2424introd.
