4042 5900
446 651 509 711 448
794 648 993 712 narrans
1015 648 1070 712 or
1090 647 1317 714 ansanus
1585 651 1647 729 [1531

399 836 433 887 95
447 811 692 871 dissentientem
708 809 806 871 modo
817 810 1044 871 verumetiam
1053 809 1309 883 aduersantem,
1323 810 1364 871 iu
1375 816 1537 872 vestram
1547 809 1649 871 tutebn

447 894 622 972 dignemini
637 894 786 972 recipere.
823 891 917 966 Quod
932 894 960 954 si
974 892 1036 954 hac
1049 892 1119 972 lege
1132 892 1176 953 ad
1191 912 1256 954 vos
1274 894 1584 974 commigrandum
1594 899 1649 954 eut

447 983 487 1037 vt
514 975 611 1037 simul
635 982 670 1037 et
694 977 953 1054 institn[tn]tnm
981 975 1152 1057 profiterer
1179 982 1361 1050 vestrum,
1390 979 1490 1039 scito
1515 997 1567 1039 me
1586 978 1650 1039 sinu

448 1061 572 1121 itnrnm
597 1060 631 1119 in
656 1066 782 1121 certum
804 1060 943 1120 exitium
967 1079 1068 1138 qnam
1090 1058 1331 1139 professurum
1357 1061 1407 1123 de
1436 1081 1477 1123 re
1503 1060 1650 1123 chusan

448 1142 537 1222 qnod
548 1142 627 1203 mihi
635 1142 781 1204 nondum
792 1162 983 1223 persuasum
993 1150 1054 1205 est.
1098 1142 1220 1203 Verum
1230 1142 1327 1205 illud
1339 1163 1420 1206 non
1431 1143 1651 1225 intelligoqnd

387 1254 435 1290 roo
448 1225 617 1306 significas,
639 1226 673 1287 id
694 1232 861 1287 extremae
882 1226 1108 1306 peruersitatis
1129 1225 1201 1286 fore
1225 1228 1255 1287 si
1281 1228 1413 1290 minus
1439 1229 1577 1291 credam
1594 1226 1652 1307 qnod

447 1309 618 1389 polliceris.
662 1309 757 1370 Certe
785 1309 891 1371 isthac
916 1309 957 1370 de
982 1329 1018 1371 re
1042 1308 1133 1370 nulle
1158 1327 1319 1387 vnqnam
1348 1312 1513 1374 antehac
1541 1314 1651 1373 animm

447 1412 555 1454 meum
570 1393 672 1462 subiit
685 1394 851 1472 cogitatio.
942 1414 945 1418 ’

490 1474 584 1552 Quod
605 1475 700 1537 Card.
723 1475 898 1555 Campegio
922 1477 1046 1556 scripsi,
1068 1474 1196 1554 siquid
1218 1476 1402 1540 existeret
1426 1480 1607 1550 tumultus,
1620 1495 1652 1539 nr

448 1561 535 1621 inter
549 1560 671 1639 primas
686 1559 950 1639 Zuinglianornm
960 1561 1113 1621 victimas
1123 1559 1202 1632 fore,
1215 1558 1382 1623 demiror
1398 1564 1431 1624 si
1447 1571 1556 1644 putes
1569 1562 1607 1625 sd
1616 1578 1653 1621 re

387 1669 434 1718 105
448 1650 635 1704 vestramne
649 1662 750 1722 remp.
765 1644 936 1722 pertinere.

491 1727 566 1787 Non
585 1726 760 1787 obscurum
777 1733 830 1787 eat
850 1727 930 1805 qnid
951 1728 1062 1787 animo
1079 1726 1292 1805 conceperint
1316 1727 1502 1808 Tigurini,
1523 1732 1553 1792 si
1570 1729 1654 1791 dext«

449 1810 566 1870 fnisset
587 1808 604 1869 ὁ
627 1808 772 1875 ἐνυάλιος.
815 1809 845 1870 Α
866 1829 933 1889 qno
953 1809 1089 1871 consilio
1110 1828 1176 1870 non
1196 1808 1301 1870 fuisse
1324 1811 1495 1875 alienum
1519 1812 1654 1876 Oeeohn

449 1894 584 1974 padinm
599 1892 652 1954 vel
666 1893 749 1954 illud
765 1894 874 1973 arguit
893 1893 982 1972 qnod
1001 1894 1072 1954 eina
1089 1893 1245 1954 diaconus
1260 1894 1296 1953 in
1319 1914 1368 1956 eo
1384 1897 1559 1959 conflictu
1577 1897 1655 1978 periit

450 1978 530 2038 Mihi
546 1983 659 2037 tamen
673 1996 740 2038 non
754 1983 824 2038 tam
840 1977 1053 2038 metuendum
1069 1974 1258 2037 arbitrabar
1272 1996 1293 2037 a
1309 1977 1488 2059 Zninglio
1506 1987 1569 2043 eut
1585 1979 1655 2043 Ocea

389 2090 436 2125 110
449 2060 615 2140 lampadio
629 2079 730 2139 qnam
745 2079 765 2120 e
779 2060 944 2121 scelerosis
958 2061 1065 2138 quise
1079 2060 1201 2121 talibus
1215 2060 1315 2120 malis
1332 2062 1555 2129 admiscent

491 2144 661 2221 Nusquam
682 2144 801 2224 impegi
818 2143 988 2205 mendacia
1005 2149 1114 2204 vestre
1130 2142 1312 2221 apologiae,
1330 2145 1405 2207 nisi
1426 2147 1577 2210 doceam
1589 2144 1656 2208 rani-

450 2233 565 2289 tatem.
603 2227 770 2287 ‘Dicerem
782 2228 789 2252 '
801 2228 910 2306 inquis
925 2228 1085 2287 ‘amentis
1098 2245 1178 2299 esse,
1193 2227 1221 2286 si
1235 2226 1307 2305 ipse
1325 2228 1418 2291 talia
1438 2228 1657 2313 scripsisseu'.

449 2312 552 2388 Atqui
566 2330 625 2389 ego
640 2310 722 2370 talia
736 2329 803 2370 non
818 2311 934 2383 scribo,
949 2330 1008 2371 nec
1023 2310 1164 2371 scribere
1177 2308 1288 2371 velim.
1355 2351 1360 2358 -

491 2394 555 2456 Sed
580 2394 707 2455 confers
732 2393 848 2473 pedem
870 2400 906 2455 et
929 2399 1021 2455 certa
1044 2393 1187 2472 quedam
1209 2391 1325 2454 obiicis
1354 2413 1453 2473 quae
1480 2398 1569 2460 dilui
1589 2395 1658 2459 nulle

389 2506 436 2555 115
450 2485 549 2558 pecto
570 2483 703 2556 queant.
748 2475 861 2538 Scribo
884 2477 927 2537 ad
950 2477 1110 2539 Marium:
1140 2476 1254 2538 ‘Nunc
1276 2478 1416 2556 prodiit
1440 2500 1529 2544 cum
1549 2481 1658 2544 nemim

450 2560 658 2640 typographi,
671 2560 727 2621 aed
743 2562 847 2621 tacito
858 2561 988 2621 nomine
1002 2560 1103 2633 vrbis,
1115 2559 1280 2640 prolixum
1295 2572 1574 2641 augementum,
1587 2566 1658 2627 cuim

450 2645 531 2706 nihil
553 2644 615 2723 legi
636 2650 767 2724 praeter
788 2643 913 2718 titulos,
935 2664 995 2705 nec
1016 2650 1068 2705 est
1086 2645 1215 2705 enimus
1231 2642 1350 2722 legere.
1401 2646 1508 2710 Dicit
1531 2649 1658 2711 Basiloec

450 2729 559 2789 omnia
572 2728 662 2788 facte
676 2728 759 2788 citra
774 2727 955 2789 tumultum
970 2746 1163 2807 summeque
1176 2746 1251 2787 cnm
1268 2730 1543 2806 tranquillitate
1554 2734 1573 2796 ’.
1612 2730 1658 2793 Hit

450 2811 585 2891 perinde
606 2812 700 2890 qnasi
723 2830 774 2871 me
796 2811 876 2872 dens
898 2818 1031 2884 terreat,
1057 2812 1102 2871 sic
1127 2829 1239 2890 vrges:
1268 2810 1394 2872 sinon
1420 2812 1569 2894 legeres,
1592 2831 1658 2894 quur

390 2925 437 2961 120
451 2895 591 2959 affirmes
612 2915 664 2956 me
686 2894 806 2957 dixisse
828 2894 917 2974 qnod
938 2894 1030 2957 dixi?
1073 2894 1181 2956 lstnm
1199 2893 1324 2956 nodum
1343 2896 1460 2958 verbo
1485 2899 1657 2980 expediam

452 2978 591 3053 Quidam
606 2999 625 3040 e
640 2979 768 3040 Basilee
783 2980 915 3040 minime
930 2979 1028 3052 lenes,
1044 2984 1217 3056 vestroque
1231 2977 1467 3057 professionis,
1482 2982 1553 3045 hoc
1566 2983 1609 3045 ad
1620 3000 1658 3043 me

452 3064 717 3142 perscripserant.
762 3063 823 3123 His
845 3062 947 3122 habni
960 3061 1069 3123 fidem.
1112 3061 1239 3122 Fateris
1260 3060 1363 3121 fnisse
1388 3063 1657 3139 tumultumsed

452 3167 472 3207 a
487 3146 663 3207 Catholicis
679 3152 799 3206 ortum.
843 3146 934 3207 Istuc
949 3165 1016 3206 non
1030 3147 1161 3206 omnino
1175 3144 1295 3204 falsum
1310 3149 1374 3217 est,
1391 3147 1423 3206 si
1442 3167 1524 3210 rem
1543 3152 1658 3212 estimo

452 3230 494 3291 ab
509 3249 548 3290 eo
562 3229 615 3290 die
629 3250 696 3308 qno
710 3235 847 3290 ventum
861 3235 912 3290 est
926 3230 969 3290 ad
983 3248 1086 3290 arma.
1130 3227 1193 3289 Sed
1207 3226 1399 3289 dissimulas
1416 3230 1495 3293 late
1507 3234 1658 3295 tumultu

392 3326 438 3375 125
453 3315 542 3393 prins
560 3313 603 3374 ab
623 3313 828 3391 Euangelicis
845 3319 988 3384 exortos,
1005 3313 1063 3391 qni
1082 3311 1216 3372 tandem
1237 3310 1359 3370 alteros
1383 3317 1618 3394 perpulerunt
1631 3321 1659 3375 rt

452 3398 550 3458 armis
559 3402 693 3457 senatus
703 3397 919 3457 autoritatem
927 3395 1150 3457 defenderent.
1186 3393 1398 3455 Conuenerat
1410 3416 1457 3459 ne
1469 3418 1548 3478 qua
1559 3400 1659 3462 fierent

453 3480 691 3541 conuenticnla.
726 3479 766 3540 In
781 3480 842 3540 hoc
857 3479 1002 3540 edictum
1017 3480 1167 3539 inrorant
1181 3496 1302 3538 omnes.
1340 3475 1409 3538 Sed
1424 3498 1544 3558 quum
1559 3491 1659 3546 contre

452 3563 679 3624 iusiurandum
694 3562 831 3623 subinde
845 3562 961 3623 fierent
972 3561 1210 3634 conuenticule,
1221 3561 1347 3621 frustra
1361 3575 1560 3629 reuocante
1575 3568 1660 3647 megi·

453 3652 572 3719 stratu,
583 3654 655 3707 tum
670 3647 803 3707 demum
815 3648 872 3724 qni
887 3652 1031 3706 veterem
1041 3646 1228 3723 religionem
1243 3643 1441 3723 praeferunt
1452 3655 1662 3731 sumpserunt

393 3745 440 3794 130
454 3750 562 3790 arma:
590 3749 655 3808 quo
670 3730 801 3790 nomine
815 3735 950 3790 senatus
968 3728 1033 3789 illis
1051 3729 1118 3806 egit
1136 3729 1268 3807 gratiae.
1312 3727 1363 3786 De
1382 3731 1541 3809 supplici
1565 3733 1663 3796 libello

454 3813 535 3874 nihil
545 3833 690 3892 vnquam
700 3813 832 3874 inaudii.
869 3810 931 3873 Sed
943 3811 1024 3891 qnid
1033 3812 1195 3888 velere<t>
1204 3809 1341 3890 supplex
1353 3810 1496 3876 libellus
1509 3817 1663 3881 aduersu

453 3897 597 3958 edictum
619 3897 786 3976 publicum
807 3902 842 3956 et
863 3894 1072 3956 iureiurando
1092 3894 1348 3955 confirmatum?
1384 3893 1499 3959 Porro
1525 3901 1664 3980 quodie

454 3981 540 4041 solas
566 3986 696 4041 statues
719 3981 861 4040 seuitnm
881 3984 942 4051 est,
964 3978 1114 4039 fortassis
1136 3977 1202 4039 illis
1222 3976 1362 4038 debetur
1383 3981 1448 4055 qni
1471 3984 1665 4048 maluerunt

455 4063 566 4125 cedere
581 4083 680 4142 qnam
695 4083 796 4143 remp.
812 4062 972 4123 inundare
986 4063 1151 4140 sangnine.

394 4160 440 4210 135
497 4146 590 4220 Quod
607 4148 754 4224 seqnitur
768 4147 809 4207 de
824 4152 937 4207 statne
952 4144 1070 4207 baculo
1084 4149 1246 4216 contacta,
1262 4144 1441 4222 scripserat
1457 4148 1506 4208 ad
1526 4171 1588 4214 me
1606 4152 1667 4233 qui.

455 4232 531 4291 dam
550 4231 648 4291 homo
665 4230 782 4291 doctus
800 4250 838 4291 ac
854 4230 986 4290 minime
1007 4248 1122 4302 vanus,
1138 4229 1194 4307 qui
1214 4233 1274 4288 tna
1293 4227 1439 4306 legeret:
1465 4230 1520 4293 illi
1536 4235 1667 4299 credidi

455 4313 550 4387 Quod
565 4315 592 4374 si
606 4315 696 4374 iocus
710 4314 744 4374 in
760 4320 852 4374 tuam
867 4313 1088 4374 narrationem
1106 4318 1140 4374 te
1159 4313 1237 4384 vrit,
1260 4316 1332 4371 tota
1351 4309 1408 4370 illa
1430 4321 1601 4382 narratio
1619 4328 1670 4382 tus

455 4399 565 4478 pelam
579 4399 674 4457 irrisa
687 4403 739 4457 est
753 4397 797 4457 ab
811 4397 850 4457 iis
864 4397 957 4474 <qni>
971 4396 1111 4475 negociis
1125 4414 1164 4456 ec
1175 4394 1373 4455 tumultibus
1388 4398 1559 4463 omnibus
1576 4405 1670 4466 inter·
1699 4398 1700 4405 '

455 4482 597 4554 fuerant,
619 4500 679 4540 nec
700 4500 839 4559 vsqnam
861 4479 951 4552 mihi,
973 4498 1053 4559 pace
1069 4485 1131 4539 tua
1153 4477 1301 4550 dixerim,
1324 4475 1499 4543 videbaris
1527 4485 1672 4569 ineptioe

395 4584 442 4634 140
455 4585 554 4644 qnam
570 4567 604 4625 in
619 4564 682 4624 illis
697 4565 763 4626 tuis
778 4565 1004 4641 ὑποκορισμοῖς.
1042 4561 1161 4623 Verum
1173 4560 1225 4622 hic
1236 4579 1363 4621 mecum
1375 4558 1416 4621 de
1430 4566 1529 4627 turri
1545 4589 1672 4652 pugnas

492 4756 548 4804 103.
567 4741 677 4806 scripsi]
689 4741 744 4805 Ep.
757 4753 833 4801 2411.
846 4752 921 4803 4²·3·
1080 4737 1173 4787 battle
1191 4736 1221 4787 of
1240 4735 1340 4793 anel,
1360 4748 1392 4798 24
1412 4735 1484 4790 Oct.
1514 4757 1608 4809 15313
1632 4762 1673 4799 ,ω

494 4810 549 4857 108.
579 4809 727 4870 diaconus]
761 4807 839 4857 Hier.
869 4806 1029 4861 Bothenus,
1081 4804 1146 4854 Oec.
1159 4804 1194 4854 Ε.
1207 4804 1246 4854 iii.
1259 4818 1284 4861 2,
1297 4819 1348 4868 pp.
1361 4805 1420 4865 326,
1433 4806 1502 4870 697,
1514 4824 1582 4874 70²·

457 4871 1029 4936 bornatMasmiinstcr‚Oecolempedins’
1117 4884 1172 4933 115.
1191 4870 1298 4931 Scribo]
1313 4869 1367 4929 Ep.
1382 4883 1459 4932 2321.
1476 4877 1582 4942 28-32,
1619 4882 1674 4934 Th,

457 4941 565 4992 deecon
581 4943 644 4992 first
658 4948 691 4993 et
705 4942 747 4992 St.
759 4939 899 4998 Martin’s,
914 4939 985 4989 then
997 4943 1031 4988 et
1080 4937 1316 5002 nummulamis
1332 4936 1451 5014 Bucer‘s
1464 4942 1632 5013 Αροιορῑα,

458 5009 500 5059 St.
519 5009 647 5060 Alban’s.
683 5009 729 5059 He
746 5023 804 5058 was
824 5005 911 5057 killed
929 5011 962 5056 et
980 5005 1031 5056 tha
1117 5017 1174 5068 135.
1193 5003 1494 5071 QuodaequrturJEp.
1506 5019 1673 5084 ²3²1&ss
