4042 5900
535 680 576 742 82
861 673 1061 739 LETTERS
1081 673 1138 737 OF
1157 672 1363 739 ERASMUS
1640 676 1738 754 [1530

534 837 690 910 restituit,
705 854 806 915 quem
820 835 878 915 qui
888 834 1055 897 latinitate
1068 833 1215 896 nondum
1223 834 1384 897 donatum
1393 839 1520 896 vertere
1533 832 1737 914 aggreditur.

534 921 598 982 Hic
612 921 698 981 enim
712 918 821 980 nudus
840 924 973 980 tantum
993 919 1120 980 autoris
1139 937 1252 979 sensus
1266 917 1310 979 ad
1324 924 1359 979 te
1372 917 1533 997 peruenit,
1547 936 1655 996 quum
1669 916 1736 978 illio

534 1006 592 1084 qui
612 1021 727 1083 graece
751 1021 825 1063 oum
849 1002 960 1062 latinis
981 1000 1128 1063 conterre
1153 1002 1300 1081 eupiunt,
1323 1001 1422 1061 iidem
1444 1002 1473 1061 si
1494 1000 1539 1061 ad
1563 999 1736 1062 doetrinae

534 1106 647 1167 graece
661 1084 772 1164 ἐξοχήν
785 1084 930 1146 nondum
945 1104 1121 1165 peruenere
1132 1086 1406 1163 (quotusquisque
1416 1090 1530 1146 sutem
1544 1085 1701 1164 peruenit
1707 1089 1734 1161 ῖ)

473 1183 522 1231 160
534 1170 696 1250 duplicem
707 1169 852 1230 fructum
865 1174 1053 1248 excerpant.
1096 1167 1183 1229 Nam
1197 1174 1232 1229 et
1241 1168 1350 1248 ipsum
1363 1167 1513 1229 authoris
1525 1165 1735 1229 intellectum

534 1255 670 1334 capiunt
691 1258 726 1314 et
744 1251 840 1313 simul
858 1251 1078 1313 admonentur
1097 1252 1213 1331 prioris
1230 1252 1417 1330 interpretis
1431 1250 1543 1330 lapsus
1557 1249 1734 1325 declinare,

534 1338 561 1398 si
582 1336 715 1416 quando
735 1335 821 1396 forte
843 1336 921 1415 ipsis
942 1336 976 1396 in
996 1334 1093 1395 simili
1112 1334 1223 1396 labore
1237 1334 1475 1415 interpretandi
1488 1335 1614 1395 versari
1627 1336 1734 1396 conti·

533 1422 626 1500 gerit.
671 1419 745 1480 Tibi
767 1438 864 1498 porro
889 1438 950 1478 vsu
973 1417 1153 1478 identidem
1176 1420 1285 1478 venire
1308 1419 1420 1497 possit,
1446 1424 1516 1479 tum
1539 1436 1663 1498 anceps
1682 1425 1736 1480 est

533 1521 768 1581 nonnunquam
790 1502 965 1563 verborum
987 1520 1175 1581 graecorum
1197 1501 1392 1576 intellectus,
1411 1506 1459 1573 vt,
1475 1502 1538 1562 nisi
1552 1501 1734 1582 diligentis·

472 1599 520 1658 165
533 1588 613 1648 sime
648 1587 901 1658 animaduertes,
927 1586 990 1646 nisi
1018 1604 1180 1645 summam
1207 1585 1369 1646 cautelam
1398 1584 1555 1646 adhibeas
1590 1585 1665 1666 peri
1700 1592 1735 1647 et

533 1670 684 1732 doctrina
700 1676 735 1731 et
753 1670 882 1748 ingenio
904 1670 1123 1741 coniunctam,
1143 1668 1325 1729 dictionum
1346 1666 1526 1729 similitudo
1540 1687 1735 1748 graecarum

533 1755 567 1814 in
590 1753 647 1814 ille
663 1755 735 1833 ipsa
755 1760 790 1813 te
810 1758 920 1813 errata
942 1753 1154 1831 praecipitem
1176 1757 1263 1830 agat,
1282 1753 1316 1812 in
1338 1770 1422 1830 quae
1443 1757 1478 1813 et
1494 1751 1579 1813 alius
1599 1757 1680 1814 ante
1700 1759 1735 1814 te

532 1836 666 1897 ridicule
691 1836 869 1916 impegerit.
923 1835 1076 1896 Delectat
1100 1842 1211 1896 autem
1235 1834 1331 1896 simul
1356 1841 1391 1896 et
1413 1837 1517 1907 iuuat,
1544 1854 1648 1915 quum
1675 1855 1736 1917 per

532 1921 745 2000 interpretem
759 1920 971 1998 posteriorem
986 1919 1031 1979 sio
1046 1920 1211 1979 cornicum
1226 1918 1346 1992 oeulos,
1361 1918 1451 1997 quod
1464 1919 1569 1993 aiunt,
1584 1917 1735 1982 confixos

359 1994 364 2004 '
472 2025 520 2075 170
533 2002 655 2076 videas,
677 2008 717 2063 vt
738 2021 844 2063 errare
865 2002 1006 2081 emplius
1025 2021 1063 2062 ac
1083 2001 1150 2062 labi
1164 2002 1279 2062 iisdem
1292 2008 1353 2062 aut
1366 2001 1525 2063 similibus
1539 2004 1574 2062 in
1593 2003 1735 2066 vocibus

533 2106 599 2148 non
614 2088 727 2165 possis.
771 2085 877 2164 Vulgo
897 2085 1012 2147 dicunt
1031 2085 1194 2146 hominem
1214 2087 1454 2164 praemonitum
1468 2084 1599 2146 duobus
1618 2088 1734 2166 aequi·

531 2169 662 2249 pollere.
706 2167 800 2230 Adde
815 2168 878 2229 huo
890 2168 979 2246 quod
993 2169 1055 2229 hec
1070 2168 1202 2246 quidem
1218 2169 1354 2241 ratione,
1370 2169 1432 2228 nisi
1447 2167 1552 2241 fallor,
1567 2169 1734 2232 tardiores

532 2253 575 2314 ad
598 2251 794 2313 vertendum
813 2252 975 2313 accedunt
996 2253 1190 2331 impostores
1210 2253 1243 2323 ii,
1264 2269 1346 2329 quos
1367 2251 1459 2312 nullo
1479 2251 1605 2331 pudore
1620 2271 1660 2315 ao
1676 2253 1733 2316 de·

532 2336 630 2410 lectu,
645 2354 764 2415 magna
783 2336 968 2396 studiorum
982 2336 1123 2413 pernicie
1142 2334 1297 2395 aduolare
1312 2333 1462 2396 videmus
1476 2335 1519 2395 ad
1538 2354 1733 2414 greacorum

471 2439 518 2493 17⁵
532 2425 686 2480 autorum
701 2418 831 2479 illorum
847 2418 899 2479 vel
914 2417 1044 2479 illorum
1053 2418 1237 2478 claritatem
1254 2421 1305 2492 (vt
1319 2437 1359 2479 ne
1370 2416 1450 2496 quid
1460 2420 1593 2497 grauirm
1608 2419 1733 2499 dicam)

531 2502 690 2564 infantiae
704 2508 805 2582 atque
824 2503 1027 2580 ignorantiae
1047 2520 1124 2562 suae
1138 2501 1280 2562 tenebris
1295 2501 1532 2562 obscurandam
1545 2523 1553 2575 ;
1575 2501 1657 2564 dum
1672 2523 1734 2585 per

532 2588 702 2647 conuictae
716 2585 940 2664 impudentiae
954 2585 1081 2646 alienae
1094 2585 1281 2664 exemplum
1293 2585 1510 2646 subuerentur
1521 2604 1562 2646 ne
1572 2603 1640 2664 qua
1651 2588 1733 2649 talis

532 2670 609 2731 olim
619 2668 821 2730 versionibus
832 2670 900 2729 suis
908 2670 1105 2747 ignominiae
1114 2673 1215 2747 atque
1223 2668 1306 2729 adeo
1315 2669 1462 2730 inscitiae
1473 2674 1555 2729 nota
1564 2669 1731 2733 inuratur.

573 2751 636 2813 Sed
655 2753 695 2813 de
717 2753 778 2813 hoo
800 2752 896 2831 plura
916 2752 1006 2813 alias.
1052 2752 1122 2812 Iam
1144 2753 1231 2812 enim
1252 2752 1295 2812 ad
1316 2771 1389 2812 eum
1408 2751 1554 2832 prolixae
1570 2753 1733 2832 epistolae

469 2844 518 2894 180
531 2841 609 2897 tuae
634 2842 761 2914 partem
787 2835 916 2908 festino,
942 2837 1066 2914 inqua
1091 2842 1129 2896 tu
1155 2836 1235 2895 mihi
1263 2834 1435 2896 artificiose
1459 2836 1556 2896 nimis
1581 2837 1731 2915 ipsarum

531 2918 749 2980 Homiliarum
776 2919 923 2981 laborem
947 2919 1103 2981 leuiorem
1128 2918 1217 2980 iacis.
1270 2918 1379 2993 Quid?
1430 2917 1585 2981 Germani
1614 2919 1729 2996 Brixii,

530 3003 647 3081 inquis,
673 3023 791 3064 nomen
815 3005 881 3064 iam
903 3002 1031 3064 illustre
1053 3009 1105 3064 est
1127 3010 1161 3064 et
1186 3002 1305 3063 librum
1330 3004 1472 3082 emptori
1499 3022 1557 3084 per
1581 3023 1616 3064 se
1640 3023 1730 3066 oom-

530 3086 683 3159 mendet;
710 3106 865 3165 magnum
888 3086 1104 3148 laenocinium
1125 3092 1176 3147 est
1196 3092 1294 3146 autor
1315 3088 1486 3165 gratiosus.
1529 3086 1628 3149 Itane
1649 3107 1730 3150 vero

530 3168 592 3230 tibi
606 3169 760 3248 gloriolae
779 3177 938 3250 appetens
953 3172 1043 3231 visus
1061 3189 1133 3230 sum
1148 3175 1187 3229 vt
1206 3188 1258 3229 me
1278 3168 1339 3229 hoo
1359 3169 1497 3230 artificio
1512 3171 1659 3243 incitare,
1675 3191 1729 3234 me

469 3260 516 3323 185
530 3252 591 3314 hoc
614 3254 719 3314 veluti
742 3253 922 3314 laenocinio
945 3273 984 3314 eo
1009 3252 1196 3332 pertrahere
1221 3252 1363 3313 volueris
1388 3271 1454 3331 quo
1477 3253 1729 3317 destinauerast

529 3334 624 3397 Certe
647 3343 686 3397 vt
707 3356 774 3398 non
795 3357 927 3398 euersor
951 3336 1199 3415 qualenounque
1221 3341 1314 3396 tuam
1336 3336 1610 3410 exhortationem,
1632 3356 1727 3417 prae·

529 3421 641 3480 sertim
656 3421 699 3482 ad
714 3421 747 3481 id
761 3440 862 3500 genus
876 3420 997 3481 laboris
1013 3419 1254 3497 suscipiendum
1268 3438 1308 3479 ex
1324 3438 1391 3497 quo
1405 3419 1523 3480 studiis
1536 3421 1615 3500 ipsis
1629 3439 1727 3501 opem

529 3502 644 3564 afferre
667 3504 811 3582 aliquam
832 3505 962 3582 possim,
983 3504 1032 3564 ite
1055 3521 1113 3562 nec
1136 3521 1276 3580 agnosco
1295 3522 1355 3563 nec
1377 3503 1558 3582 amplector
1581 3523 1665 3583 quas
1686 3512 1728 3568 tu

527 3585 609 3648 mihi
623 3586 736 3648 laudes
750 3592 818 3647 ταῖν
832 3585 946 3665 ἀμφοῖν
960 3587 1113 3664 congeris.
1157 3585 1243 3659 Quid
1258 3586 1347 3664 quod
1361 3592 1396 3647 et
1410 3605 1462 3648 me
1479 3586 1542 3648 tibi
1563 3592 1727 3668 tanquam

467 3690 516 3738 190
528 3671 651 3731 socium
679 3689 748 3731 esse
777 3671 849 3730 visi
878 3670 958 3731 dum
987 3669 1204 3730 Homilierum
1233 3669 1466 3730 vertendarum
1491 3676 1619 3749 purtem
1644 3672 1728 3736 mihi

528 3752 643 3826 defers,
667 3759 794 3833 partem
818 3754 881 3814 tibi
909 3753 1161 3832 desumptumm
1186 3753 1308 3825 scribis,
1335 3772 1401 3830 quo
1429 3753 1532 3814 leuior
1554 3756 1599 3816 sit
1624 3755 1727 3819 sudor

527 3855 549 3897 s
571 3836 665 3898 nobis
687 3835 920 3916 suscipiendus.
976 3836 1071 3896 Mene
1096 3835 1158 3896 tibi
1181 3838 1313 3908 socium,
1340 3837 1484 3910 Erasme,
1509 3838 1569 3916 qui
1590 3843 1726 3901 tantum

527 3925 667 3998 vtraque
690 3920 801 4000 lingua
824 3920 924 3992 vales,
950 3925 989 3979 vt
1012 3938 1052 3980 ea
1076 3922 1179 3997 magis
1198 3920 1329 3980 videare
1351 3919 1507 3981 excellere
1530 3938 1598 3998 qua
1618 3925 1653 3983 te
1670 3923 1725 3984 vel

527 4003 666 4064 seribere
684 4003 809 4081 ahquid
831 4003 884 4064 vel
906 4003 996 4081 loqui
1018 4004 1214 4081 contigerit?
1256 4003 1400 4080 Ingenue
1421 4003 1560 4077 fatebor,
1586 4023 1647 4066 nec
1670 4025 1727 4068 me

465 4103 512 4152 195
527 4084 588 4146 hoe
609 4085 770 4148 fetentem
791 4087 938 4166 pudebit,
960 4092 1047 4147 certe
1069 4105 1170 4164 quum
1189 4093 1248 4147 tue.
1268 4086 1348 4164 lege,
1367 4088 1473 4147 sentio
1494 4106 1535 4147 ex
1553 4106 1725 4169 eompara-

526 4169 616 4229 tione
637 4188 737 4247 quam
759 4170 844 4231 male
866 4170 1004 4231 scribam
1017 4192 1024 4243 3
1047 4188 1247 4248 quamquam
1270 4189 1381 4230 carum
1395 4176 1447 4230 est
1462 4170 1551 4249 quod
1564 4189 1586 4232 a
1600 4177 1635 4233 te
1654 4173 1726 4253 ipse

525 4253 614 4313 tanti
636 4251 723 4325 fiam,
747 4260 786 4314 vt
809 4272 860 4313 me
883 4254 916 4312 in
940 4254 1036 4313 istius
1060 4253 1181 4331 gloriae
1204 4255 1413 4326 consortium,
1439 4255 1474 4313 in
1501 4253 1623 4315 laboris
1651 4261 1725 4319 tarn

525 4334 655 4397 honesti
670 4338 861 4398 societatem
875 4355 992 4397 vocare
1006 4356 1074 4397 non
1091 4335 1290 4414 dedigneris3
1313 4356 1413 4415 quam
1433 4356 1512 4399 sane
1528 4339 1725 4403 societatem

525 4438 547 4479 a
571 4424 605 4480 te
633 4419 713 4480 mihi
741 4419 973 4481 humanissime
1000 4420 1146 4481 delatam
1176 4421 1245 4498 (qui
1273 4421 1393 4498 ingenii
1421 4422 1472 4481 tui
1500 4422 1624 4483 candor
1651 4442 1726 4488 esse

462 4519 512 4556 200
525 4502 619 4580 solet)
636 4502 697 4564 hac
714 4505 745 4563 in
762 4510 856 4583 parte
870 4504 950 4565 mihi
965 4503 1207 4565 admittendam
1226 4523 1265 4564 ea
1282 4523 1382 4582 quam
1405 4505 1474 4565 dixi
1491 4506 1618 4568 ratione
1638 4526 1724 4570 nun·

524 4605 624 4665 quam
642 4586 723 4648 mihi
736 4588 805 4667 ipse
822 4587 1034 4666 persuadebo.
1079 4586 1200 4648 Vereor
1213 4588 1300 4647 enim
1319 4588 1419 4665 (quod
1434 4589 1568 4649 memini
1586 4608 1640 4651 ms
1659 4591 1725 4654 tibi

523 4669 1624 4749 aliassoribere)rosaeetanemonaeooniunotionemaccollationem.
1652 4675 1723 4737 Ita·

559 4780 616 4842 183.
634 4779 752 4831 Eresma
762 4780 930 4831 amicissime
939 4787 1002 4844 pest
1013 4794 1082 4831 vero
1093 4780 1157 4830 odd.
1168 4777 1194 4844 β.
1284 4794 1342 4830 202.
1360 4786 1413 4831 aut
1424 4782 1448 4831 ai
1459 4782 1551 4832 mauis
1562 4781 1609 4848 τὴν
1619 4782 1725 4852 λεοντῆν

523 4841 565 4894 ἐπὶ
576 4848 699 4909 κροκωτῷ
709 4854 772 4910 post
784 4847 962 4898 collationem
973 4847 1037 4898 odd.
1048 4846 1067 4911 β
1079 4848 1127 4909 (ei.
1140 4848 1188 4898 Ar.
1201 4846 1273 4896 Rari.
1286 4850 1328 4911 46,
1341 4848 1430 4913 Adep.
1443 4850 1531 4913 2498).

558 4965 616 5023 169.
624 4964 878 5026 cornicumoculos]
885 4964 1029 5030 SeeAdaq.
1036 4978 1095 5028 275.
1182 4964 1238 5024 189.
1256 4968 1313 5013 τοῖν
1323 4962 1426 5028 ἀμφοῖν]
1437 4965 1530 5017 Greek
1541 4967 1600 5018 and
1611 4967 1708 5023 Latin.

558 5032 615 5081 180.
633 5032 757 5097 partem]
769 5031 820 5083 See
831 5031 886 5097 Ep.
899 5045 973 5095 ²379·
987 5034 1063 5097 75-8.
1181 5045 1239 5082 νον.
1258 5031 1338 5094 alias]
1350 5033 1406 5097 Ep.
1421 5047 1495 5097 1045·
1509 5036 1618 5104 138-40.
