<?xml version="1.0" encoding="UTF-8"?>
<!DOCTYPE html PUBLIC "-//W3C//DTD XHTML 1.0 Transitional//EN"
    "http://www.w3.org/TR/xhtml1/DTD/xhtml1-transitional.dtd">
<html xmlns="http://www.w3.org/1999/xhtml" xml:lang="en" lang="en">
 <head>
  <title>
</title>
<meta http-equiv="Content-Type" content="text/html;charset=utf-8" />
  <meta name='ocr-system' content='tesseract 3.04.00' />
  <meta name='ocr-capabilities' content='ocr_page ocr_carea ocr_par ocr_line ocrx_word'/>
</head>
<body>
  <div class='ocr_page' id='page_1' title='image "./opusepistolarum02garrgoog_0457.png"; bbox 0 0 4042 5900; ppageno 0'>
   <div class='ocr_carea' id='block_1_1' title="bbox 296 702 1486 784">
    <p class='ocr_par' dir='ltr' id='par_1_1' title="bbox 296 702 1486 784">
     <span class='ocr_line' id='line_1_1' title="bbox 296 702 1486 784; baseline -0.004 -17"><span class='ocrx_word' id='word_1_1' title='bbox 296 705 391 784; x_wconf 87' lang='lat'>2601]</span> <span class='ocrx_word' id='word_1_2' title='bbox 632 704 754 768; x_wconf 85' lang='lat' dir='ltr'>FROM</span> <span class='ocrx_word' id='word_1_3' title='bbox 774 703 893 766; x_wconf 83' lang='lat' dir='ltr'><strong>JOHN</strong></span> <span class='ocrx_word' id='word_1_4' title='bbox 913 703 1155 766; x_wconf 79' lang='lat' dir='ltr'><strong>BENEDICTI</strong></span> <span class='ocrx_word' id='word_1_5' title='bbox 1426 702 1486 764; x_wconf 82' lang='lat'><strong>421</strong></span> 
     </span>
    </p>
   </div>
   <div class='ocr_carea' id='block_1_2' title="bbox 231 849 1488 1027">
    <p class='ocr_par' dir='ltr' id='par_1_2' title="bbox 231 849 1488 1027">
     <span class='ocr_line' id='line_1_2' title="bbox 231 849 1488 943; baseline -0.002 -18"><span class='ocrx_word' id='word_1_6' title='bbox 231 849 268 911; x_wconf 52' lang='grc' dir='ltr'>ἢ</span> <span class='ocrx_word' id='word_1_7' title='bbox 339 865 411 925; x_wconf 78' lang='lat' dir='ltr'><strong>Pao</strong></span> <span class='ocrx_word' id='word_1_8' title='bbox 426 870 594 943; x_wconf 89' lang='lat' dir='ltr'><strong>comperto</strong></span> <span class='ocrx_word' id='word_1_9' title='bbox 605 863 710 925; x_wconf 89' lang='lat' dir='ltr'><strong>habeo</strong></span> <span class='ocrx_word' id='word_1_10' title='bbox 725 862 817 924; x_wconf 93' lang='lat' dir='ltr'><strong>nullo</strong></span> <span class='ocrx_word' id='word_1_11' title='bbox 828 864 1012 924; x_wconf 90' lang='lat' dir='ltr'><strong>litterarum</strong></span> <span class='ocrx_word' id='word_1_12' title='bbox 1026 881 1141 943; x_wconf 84' lang='lat' dir='ltr'><strong>genere</strong></span> <span class='ocrx_word' id='word_1_13' title='bbox 1154 863 1263 923; x_wconf 87' lang='lat' dir='ltr'><strong>minus</strong></span> <span class='ocrx_word' id='word_1_14' title='bbox 1278 882 1316 923; x_wconf 90' lang='lat' dir='ltr'><strong>ao</strong></span> <span class='ocrx_word' id='word_1_15' title='bbox 1331 862 1488 923; x_wconf 89' lang='lat' dir='ltr'><strong>laudatri-</strong></span> 
     </span>
     <span class='ocr_line' id='line_1_3' title="bbox 241 935 1486 1027; baseline 0 -20"><span class='ocrx_word' id='word_1_16' title='bbox 241 935 265 1027; x_wconf 68' lang='lat' dir='ltr'><strong>tl</strong></span> <span class='ocrx_word' id='word_1_17' title='bbox 293 946 387 1008; x_wconf 87' lang='lat' dir='ltr'><strong>oibus</strong></span> <span class='ocrx_word' id='word_1_18' title='bbox 402 954 435 1008; x_wconf 94' lang='lat' dir='ltr'><strong>te</strong></span> <span class='ocrx_word' id='word_1_19' title='bbox 454 948 572 1008; x_wconf 87' lang='lat' dir='ltr'><strong>litteris</strong></span> <span class='ocrx_word' id='word_1_20' title='bbox 586 946 749 1019; x_wconf 84' lang='lat' dir='ltr'><strong>delectari,</strong></span> <span class='ocrx_word' id='word_1_21' title='bbox 765 948 816 1007; x_wconf 90' lang='lat' dir='ltr'><strong>vir</strong></span> <span class='ocrx_word' id='word_1_22' title='bbox 832 946 1046 1024; x_wconf 89' lang='lat' dir='ltr'><strong>vndeounque</strong></span> <span class='ocrx_word' id='word_1_23' title='bbox 1063 946 1249 1007; x_wconf 80' lang='lat' dir='ltr'><strong>doctissime</strong></span> <span class='ocrx_word' id='word_1_24' title='bbox 1268 951 1303 1006; x_wconf 93' lang='lat' dir='ltr'><strong>et</strong></span> <span class='ocrx_word' id='word_1_25' title='bbox 1322 945 1486 1007; x_wconf 89' lang='lat' dir='ltr'><strong>humanis·</strong></span> 
     </span>
    </p>
   </div>
   <div class='ocr_carea' id='block_1_3' title="bbox 231 1021 1530 3688">
    <p class='ocr_par' dir='ltr' id='par_1_3' title="bbox 231 1021 1487 1109">
     <span class='ocr_line' id='line_1_4' title="bbox 231 1021 1487 1109; baseline -0.002 -18"><span class='ocrx_word' id='word_1_26' title='bbox 231 1021 263 1082; x_wconf 60' lang='grc' dir='ltr'><em>Β</em></span> <span class='ocrx_word' id='word_1_27' title='bbox 292 1032 384 1102; x_wconf 85' lang='lat' dir='ltr'><strong>sime,</strong></span> <span class='ocrx_word' id='word_1_28' title='bbox 407 1031 496 1109; x_wconf 92' lang='lat' dir='ltr'><strong>quod</strong></span> <span class='ocrx_word' id='word_1_29' title='bbox 518 1037 591 1092; x_wconf 91' lang='lat' dir='ltr'><strong>toto</strong></span> <span class='ocrx_word' id='word_1_30' title='bbox 612 1029 690 1091; x_wconf 91' lang='lat' dir='ltr'><strong>orbe</strong></span> <span class='ocrx_word' id='word_1_31' title='bbox 711 1037 873 1091; x_wconf 89' lang='lat' dir='ltr'><strong>terramm</strong></span> <span class='ocrx_word' id='word_1_32' title='bbox 899 1032 1022 1107; x_wconf 91' lang='lat' dir='ltr'><strong>tu[u]m</strong></span> <span class='ocrx_word' id='word_1_33' title='bbox 1044 1031 1150 1090; x_wconf 89' lang='lat' dir='ltr'><strong>virtus</strong></span> <span class='ocrx_word' id='word_1_34' title='bbox 1175 1036 1234 1090; x_wconf 89' lang='lat' dir='ltr'><strong>tua</strong></span> <span class='ocrx_word' id='word_1_35' title='bbox 1254 1031 1390 1109; x_wconf 84' lang='lat' dir='ltr'><strong>egregia,</strong></span> <span class='ocrx_word' id='word_1_36' title='bbox 1412 1049 1487 1090; x_wconf 90' lang='lat' dir='ltr'><strong>oum</strong></span> 
     </span>
    </p>

    <p class='ocr_par' dir='ltr' id='par_1_4' title="bbox 231 1108 1486 1193">
     <span class='ocr_line' id='line_1_5' title="bbox 231 1108 1486 1193; baseline 0 -20"><span class='ocrx_word' id='word_1_37' title='bbox 231 1108 260 1167; x_wconf 48' lang='lat' dir='ltr'><strong>&#39;sl</strong></span> <span class='ocrx_word' id='word_1_38' title='bbox 292 1113 446 1174; x_wconf 88' lang='lat' dir='ltr'><strong>doctrina</strong></span> <span class='ocrx_word' id='word_1_39' title='bbox 473 1115 605 1193; x_wconf 85' lang='lat' dir='ltr'><strong>insignis</strong></span> <span class='ocrx_word' id='word_1_40' title='bbox 633 1115 701 1174; x_wconf 91' lang='lat' dir='ltr'><strong>sint</strong></span> <span class='ocrx_word' id='word_1_41' title='bbox 728 1114 909 1174; x_wconf 88' lang='lat' dir='ltr'><strong>notissima.</strong></span> <span class='ocrx_word' id='word_1_42' title='bbox 952 1112 1052 1174; x_wconf 86' lang='lat' dir='ltr'><strong>Cuius</strong></span> <span class='ocrx_word' id='word_1_43' title='bbox 1075 1112 1282 1173; x_wconf 72' lang='lat' dir='ltr'>humanitate</span> <span class='ocrx_word' id='word_1_44' title='bbox 1305 1113 1486 1174; x_wconf 92' lang='lat' dir='ltr'><strong>multorum</strong></span> 
     </span>
    </p>

    <p class='ocr_par' dir='ltr' id='par_1_5' title="bbox 231 1191 1515 1359">
     <span class='ocr_line' id='line_1_6' title="bbox 231 1191 1515 1276; baseline 0 -19"><span class='ocrx_word' id='word_1_45' title='bbox 231 1191 258 1271; x_wconf 55' lang='lat' dir='ltr'><strong>D</strong></span> <span class='ocrx_word' id='word_1_46' title='bbox 292 1196 454 1257; x_wconf 72' lang='lat' dir='ltr'>relacione</span> <span class='ocrx_word' id='word_1_47' title='bbox 468 1217 506 1257; x_wconf 89' lang='lat' dir='ltr'><strong>ao</strong></span> <span class='ocrx_word' id='word_1_48' title='bbox 522 1198 650 1276; x_wconf 87' lang='lat' dir='ltr'><strong>seriptis</strong></span> <span class='ocrx_word' id='word_1_49' title='bbox 664 1198 811 1276; x_wconf 85' lang='lat' dir='ltr'><strong>inspecta</strong></span> <span class='ocrx_word' id='word_1_50' title='bbox 824 1216 891 1256; x_wconf 94' lang='lat' dir='ltr'><strong>non</strong></span> <span class='ocrx_word' id='word_1_51' title='bbox 902 1216 975 1256; x_wconf 92' lang='lat' dir='ltr'><strong>sum</strong></span> <span class='ocrx_word' id='word_1_52' title='bbox 990 1198 1115 1257; x_wconf 87' lang='lat' dir='ltr'><strong>veritus</strong></span> <span class='ocrx_word' id='word_1_53' title='bbox 1132 1195 1185 1256; x_wconf 87' lang='lat' dir='ltr'><strong>vel</strong></span> <span class='ocrx_word' id='word_1_54' title='bbox 1204 1196 1278 1257; x_wconf 89' lang='lat' dir='ltr'><strong>rudi</strong></span> <span class='ocrx_word' id='word_1_55' title='bbox 1297 1196 1374 1257; x_wconf 90' lang='lat' dir='ltr'><strong>stilo</strong></span> <span class='ocrx_word' id='word_1_56' title='bbox 1388 1202 1423 1258; x_wconf 92' lang='lat' dir='ltr'><strong>et</strong></span> <span class='ocrx_word' id='word_1_57' title='bbox 1437 1198 1484 1257; x_wconf 92' lang='lat' dir='ltr'><strong>in·</strong></span> <span class='ocrx_word' id='word_1_58' title='bbox 1499 1218 1515 1267; x_wconf 82' lang='lat'>5</span> 
     </span>
     <span class='ocr_line' id='line_1_7' title="bbox 291 1279 1485 1359; baseline 0.001 -19"><span class='ocrx_word' id='word_1_59' title='bbox 291 1280 385 1340; x_wconf 88' lang='lat' dir='ltr'><strong>oultu</strong></span> <span class='ocrx_word' id='word_1_60' title='bbox 398 1300 544 1340; x_wconf 85' lang='lat' dir='ltr'><strong>sermone</strong></span> <span class='ocrx_word' id='word_1_61' title='bbox 556 1299 630 1340; x_wconf 92' lang='lat' dir='ltr'><strong>eum</strong></span> <span class='ocrx_word' id='word_1_62' title='bbox 645 1280 763 1358; x_wconf 82' lang='lat' dir='ltr'>agredi,</span> <span class='ocrx_word' id='word_1_63' title='bbox 776 1279 876 1341; x_wconf 90' lang='lat' dir='ltr'><strong>talem</strong></span> <span class='ocrx_word' id='word_1_64' title='bbox 891 1298 1025 1359; x_wconf 91' lang='lat' dir='ltr'><strong>sperans</strong></span> <span class='ocrx_word' id='word_1_65' title='bbox 1039 1279 1188 1340; x_wconf 77' lang='lat' dir='ltr'><strong>futurum</strong></span> <span class='ocrx_word' id='word_1_66' title='bbox 1203 1280 1291 1353; x_wconf 93' lang='lat' dir='ltr'><strong>mihi,</strong></span> <span class='ocrx_word' id='word_1_67' title='bbox 1307 1279 1437 1359; x_wconf 89' lang='lat' dir='ltr'><strong>qualem</strong></span> <span class='ocrx_word' id='word_1_68' title='bbox 1451 1300 1485 1341; x_wconf 87' lang='lat' dir='ltr'><strong>se</strong></span> 
     </span>
    </p>

    <p class='ocr_par' dir='ltr' id='par_1_6' title="bbox 234 1361 1485 1525">
     <span class='ocr_line' id='line_1_8' title="bbox 234 1361 1485 1442; baseline 0.002 -19"><span class='ocrx_word' id='word_1_69' title='bbox 234 1361 253 1423; x_wconf 84' lang='grc'><strong>1</strong></span> <span class='ocrx_word' id='word_1_70' title='bbox 291 1363 445 1424; x_wconf 90' lang='lat' dir='ltr'><strong>omnibus</strong></span> <span class='ocrx_word' id='word_1_71' title='bbox 469 1370 614 1441; x_wconf 85' lang='lat' dir='ltr'><strong>prestare</strong></span> <span class='ocrx_word' id='word_1_72' title='bbox 636 1382 762 1442; x_wconf 80' lang='lat' dir='ltr'><strong>semper</strong></span> <span class='ocrx_word' id='word_1_73' title='bbox 783 1364 996 1424; x_wconf 86' lang='lat' dir='ltr'><strong>consueuerit.</strong></span> <span class='ocrx_word' id='word_1_74' title='bbox 1038 1363 1083 1423; x_wconf 88' lang='lat' dir='ltr'><strong>Et</strong></span> <span class='ocrx_word' id='word_1_75' title='bbox 1103 1382 1142 1423; x_wconf 90' lang='lat' dir='ltr'><strong>eo</strong></span> <span class='ocrx_word' id='word_1_76' title='bbox 1163 1364 1313 1437; x_wconf 83' lang='lat' dir='ltr'><strong>maxime,</strong></span> <span class='ocrx_word' id='word_1_77' title='bbox 1335 1364 1424 1442; x_wconf 92' lang='lat' dir='ltr'><strong>quod</strong></span> <span class='ocrx_word' id='word_1_78' title='bbox 1445 1364 1485 1425; x_wconf 93' lang='lat' dir='ltr'><strong>de</strong></span> 
     </span>
     <span class='ocr_line' id='line_1_9' title="bbox 290 1446 1484 1525; baseline 0.002 -19"><span class='ocrx_word' id='word_1_79' title='bbox 290 1446 391 1506; x_wconf 88' lang='lat' dir='ltr'><strong>rebus</strong></span> <span class='ocrx_word' id='word_1_80' title='bbox 412 1466 538 1507; x_wconf 87' lang='lat' dir='ltr'><strong>summe</strong></span> <span class='ocrx_word' id='word_1_81' title='bbox 559 1448 746 1507; x_wconf 82' lang='lat' dir='ltr'><strong>necessariis</strong></span> <span class='ocrx_word' id='word_1_82' title='bbox 767 1452 900 1507; x_wconf 87' lang='lat' dir='ltr'><strong>aeturus</strong></span> <span class='ocrx_word' id='word_1_83' title='bbox 921 1465 994 1506; x_wconf 89' lang='lat' dir='ltr'><strong>sum</strong></span> <span class='ocrx_word' id='word_1_84' title='bbox 1017 1446 1219 1525; x_wconf 82' lang='lat' dir='ltr'><strong>temporibus</strong></span> <span class='ocrx_word' id='word_1_85' title='bbox 1238 1448 1320 1519; x_wconf 89' lang='lat' dir='ltr'><strong>istis,</strong></span> <span class='ocrx_word' id='word_1_86' title='bbox 1341 1447 1384 1507; x_wconf 92' lang='lat' dir='ltr'><strong>ad</strong></span> <span class='ocrx_word' id='word_1_87' title='bbox 1402 1467 1484 1525; x_wconf 88' lang='lat' dir='ltr'><strong>quos</strong></span> 
     </span>
    </p>

    <p class='ocr_par' dir='ltr' id='par_1_7' title="bbox 231 1528 1483 1609">
     <span class='ocr_line' id='line_1_10' title="bbox 231 1528 1483 1609; baseline -0.001 -17"><span class='ocrx_word' id='word_1_88' title='bbox 231 1551 248 1592; x_wconf 80' lang='lat' dir='ltr'><strong>a</strong></span> <span class='ocrx_word' id='word_1_89' title='bbox 290 1528 374 1590; x_wconf 89' lang='lat' dir='ltr'><strong>fines</strong></span> <span class='ocrx_word' id='word_1_90' title='bbox 396 1529 495 1590; x_wconf 90' lang='lat' dir='ltr'><strong>seculi</strong></span> <span class='ocrx_word' id='word_1_91' title='bbox 518 1549 701 1608; x_wconf 88' lang='lat' dir='ltr'><strong>peruenere,</strong></span> <span class='ocrx_word' id='word_1_92' title='bbox 724 1529 843 1609; x_wconf 91' lang='lat' dir='ltr'><strong>quibus</strong></span> <span class='ocrx_word' id='word_1_93' title='bbox 865 1548 976 1590; x_wconf 92' lang='lat' dir='ltr'><strong>omnes</strong></span> <span class='ocrx_word' id='word_1_94' title='bbox 995 1530 1043 1589; x_wconf 89' lang='lat' dir='ltr'><strong>nil</strong></span> <span class='ocrx_word' id='word_1_95' title='bbox 1064 1548 1130 1590; x_wconf 95' lang='lat' dir='ltr'><strong>non</strong></span> <span class='ocrx_word' id='word_1_96' title='bbox 1152 1529 1204 1590; x_wconf 90' lang='lat' dir='ltr'><strong>vel</strong></span> <span class='ocrx_word' id='word_1_97' title='bbox 1222 1531 1352 1609; x_wconf 93' lang='lat' dir='ltr'><strong>impune</strong></span> <span class='ocrx_word' id='word_1_98' title='bbox 1370 1536 1483 1609; x_wconf 81' lang='lat' dir='ltr'><strong>agunt,</strong></span> 
     </span>
    </p>

    <p class='ocr_par' dir='ltr' id='par_1_8' title="bbox 231 1612 1530 1706">
     <span class='ocr_line' id='line_1_11' title="bbox 231 1612 1530 1706; baseline -0.002 -34"><span class='ocrx_word' id='word_1_99' title='bbox 231 1662 244 1706; x_wconf 68' lang='grc' dir='ltr'>Ι</span> <span class='ocrx_word' id='word_1_100' title='bbox 289 1613 382 1690; x_wconf 91' lang='lat' dir='ltr'><strong>quod</strong></span> <span class='ocrx_word' id='word_1_101' title='bbox 404 1633 470 1673; x_wconf 94' lang='lat' dir='ltr'><strong>non</strong></span> <span class='ocrx_word' id='word_1_102' title='bbox 485 1613 643 1692; x_wconf 87' lang='lat' dir='ltr'><strong>prophete</strong></span> <span class='ocrx_word' id='word_1_103' title='bbox 662 1613 827 1673; x_wconf 78' lang='lat' dir='ltr'>duntaxat</span> <span class='ocrx_word' id='word_1_104' title='bbox 841 1614 958 1691; x_wconf 93' lang='lat' dir='ltr'><strong>spiritu</strong></span> <span class='ocrx_word' id='word_1_105' title='bbox 976 1612 1087 1673; x_wconf 93' lang='lat' dir='ltr'><strong>diuino</strong></span> <span class='ocrx_word' id='word_1_106' title='bbox 1104 1612 1325 1692; x_wconf 89' lang='lat' dir='ltr'><strong>preuiderunt.</strong></span> <span class='ocrx_word' id='word_1_107' title='bbox 1369 1612 1433 1675; x_wconf 86' lang='lat' dir='ltr'><strong>Sed</strong></span> <span class='ocrx_word' id='word_1_108' title='bbox 1449 1622 1484 1675; x_wconf 90' lang='lat' dir='ltr'><strong>et</strong></span> <span class='ocrx_word' id='word_1_109' title='bbox 1499 1634 1530 1670; x_wconf 83' lang='grc' dir='ltr'><strong>ιο</strong></span> 
     </span>
    </p>

    <p class='ocr_par' dir='ltr' id='par_1_9' title="bbox 231 1695 1527 2192">
     <span class='ocr_line' id='line_1_12' title="bbox 231 1695 1484 1776; baseline 0.002 -21"><span class='ocrx_word' id='word_1_110' title='bbox 231 1714 239 1721; x_wconf 92' lang='grc'><em>·</em></span> <span class='ocrx_word' id='word_1_111' title='bbox 288 1695 477 1775; x_wconf 83' lang='lat' dir='ltr'><strong>philosophi</strong></span> <span class='ocrx_word' id='word_1_112' title='bbox 495 1703 570 1757; x_wconf 88' lang='lat' dir='ltr'><strong>aeta</strong></span> <span class='ocrx_word' id='word_1_113' title='bbox 589 1697 741 1768; x_wconf 92' lang='lat' dir='ltr'><strong>humana,</strong></span> <span class='ocrx_word' id='word_1_114' title='bbox 761 1695 854 1774; x_wconf 82' lang='lat' dir='ltr'><strong>longe</strong></span> <span class='ocrx_word' id='word_1_115' title='bbox 871 1702 1049 1773; x_wconf 91' lang='lat' dir='ltr'><strong>antequam</strong></span> <span class='ocrx_word' id='word_1_116' title='bbox 1064 1698 1238 1767; x_wconf 87' lang='lat' dir='ltr'><strong>venissent,</strong></span> <span class='ocrx_word' id='word_1_117' title='bbox 1255 1697 1431 1776; x_wconf 80' lang='lat' dir='ltr'><strong>predixere,</strong></span> <span class='ocrx_word' id='word_1_118' title='bbox 1449 1704 1484 1758; x_wconf 92' lang='lat' dir='ltr'><strong>et</strong></span> 
     </span>
     <span class='ocr_line' id='line_1_13' title="bbox 288 1778 1482 1859; baseline 0.002 -20"><span class='ocrx_word' id='word_1_119' title='bbox 288 1799 366 1840; x_wconf 87' lang='lat' dir='ltr'><strong>eum</strong></span> <span class='ocrx_word' id='word_1_120' title='bbox 385 1782 497 1859; x_wconf 90' lang='lat' dir='ltr'><strong>primis</strong></span> <span class='ocrx_word' id='word_1_121' title='bbox 517 1781 671 1857; x_wconf 86' lang='lat' dir='ltr'><strong>magister</strong></span> <span class='ocrx_word' id='word_1_122' title='bbox 691 1779 830 1840; x_wconf 89' lang='lat' dir='ltr'><strong>Ioannes</strong></span> <span class='ocrx_word' id='word_1_123' title='bbox 849 1778 1081 1858; x_wconf 83' lang='lat' dir='ltr'><strong>Glogouiensis,</strong></span> <span class='ocrx_word' id='word_1_124' title='bbox 1100 1779 1177 1840; x_wconf 91' lang='lat' dir='ltr'><strong>olim</strong></span> <span class='ocrx_word' id='word_1_125' title='bbox 1196 1787 1307 1841; x_wconf 88' lang='lat' dir='ltr'><strong>nostre</strong></span> <span class='ocrx_word' id='word_1_126' title='bbox 1326 1781 1482 1841; x_wconf 89' lang='lat' dir='ltr'><strong>vniuersi·</strong></span> 
     </span>
     <span class='ocr_line' id='line_1_14' title="bbox 288 1863 1481 1944; baseline 0.002 -22"><span class='ocrx_word' id='word_1_127' title='bbox 288 1865 372 1922; x_wconf 89' lang='lat' dir='ltr'><strong>tatis</strong></span> <span class='ocrx_word' id='word_1_128' title='bbox 393 1864 501 1934; x_wconf 89' lang='lat' dir='ltr'><strong>decus,</strong></span> <span class='ocrx_word' id='word_1_129' title='bbox 524 1870 602 1924; x_wconf 85' lang='lat' dir='ltr'><strong>ante</strong></span> <span class='ocrx_word' id='word_1_130' title='bbox 625 1863 844 1942; x_wconf 84' lang='lat' dir='ltr'><strong>quadraginta</strong></span> <span class='ocrx_word' id='word_1_131' title='bbox 868 1882 971 1923; x_wconf 90' lang='lat' dir='ltr'><strong>annos</strong></span> <span class='ocrx_word' id='word_1_132' title='bbox 996 1863 1181 1942; x_wconf 81' lang='lat' dir='ltr'><strong>publicem</strong></span> <span class='ocrx_word' id='word_1_133' title='bbox 1204 1863 1263 1924; x_wconf 87' lang='lat' dir='ltr'><strong>hec</strong></span> <span class='ocrx_word' id='word_1_134' title='bbox 1286 1864 1387 1924; x_wconf 88' lang='lat' dir='ltr'><strong>verba</strong></span> <span class='ocrx_word' id='word_1_135' title='bbox 1408 1883 1481 1944; x_wconf 89' lang='lat' dir='ltr'><strong>pro-</strong></span> 
     </span>
     <span class='ocr_line' id='line_1_15' title="bbox 288 1945 1483 2025; baseline 0.002 -20"><span class='ocrx_word' id='word_1_136' title='bbox 288 1948 398 2024; x_wconf 91' lang='lat' dir='ltr'><strong>rupit:</strong></span> <span class='ocrx_word' id='word_1_137' title='bbox 423 1947 558 2007; x_wconf 91' lang='lat' dir='ltr'><strong>‘Veniet</strong></span> <span class='ocrx_word' id='word_1_138' title='bbox 575 1945 754 2007; x_wconf 87' lang='lat' dir='ltr'><strong>monachus</strong></span> <span class='ocrx_word' id='word_1_139' title='bbox 771 1947 870 2025; x_wconf 84' lang='lat' dir='ltr'><strong>niger,</strong></span> <span class='ocrx_word' id='word_1_140' title='bbox 888 1947 945 2024; x_wconf 89' lang='lat' dir='ltr'><strong>qui</strong></span> <span class='ocrx_word' id='word_1_141' title='bbox 964 1946 1115 2007; x_wconf 83' lang='lat' dir='ltr'><strong>turbabit</strong></span> <span class='ocrx_word' id='word_1_142' title='bbox 1129 1946 1306 2019; x_wconf 86' lang='lat' dir='ltr'><strong>ecclesiam,</strong></span> <span class='ocrx_word' id='word_1_143' title='bbox 1326 1953 1361 2007; x_wconf 93' lang='lat' dir='ltr'><strong>et</strong></span> <span class='ocrx_word' id='word_1_144' title='bbox 1377 1948 1483 2008; x_wconf 88' lang='lat' dir='ltr'><strong>nostri</strong></span> 
     </span>
     <span class='ocr_line' id='line_1_16' title="bbox 288 2028 1527 2109; baseline -0.003 -20"><span class='ocrx_word' id='word_1_145' title='bbox 288 2028 561 2090; x_wconf 88' lang='lat' dir='ltr'><strong>Vratislauienses</strong></span> <span class='ocrx_word' id='word_1_146' title='bbox 571 2036 668 2090; x_wconf 91' lang='lat' dir='ltr'><strong>erunt</strong></span> <span class='ocrx_word' id='word_1_147' title='bbox 676 2030 801 2109; x_wconf 91' lang='lat' dir='ltr'><strong>peiores</strong></span> <span class='ocrx_word' id='word_1_148' title='bbox 815 2049 915 2108; x_wconf 89' lang='lat' dir='ltr'><strong>quam</strong></span> <span class='ocrx_word' id='word_1_149' title='bbox 928 2030 1104 2109; x_wconf 84' lang='lat' dir='ltr'><strong>Pragenses</strong></span> <span class='ocrx_word' id='word_1_150' title='bbox 1115 2031 1133 2092; x_wconf 91' lang='lat'><strong>&#39;.</strong></span> <span class='ocrx_word' id='word_1_151' title='bbox 1162 2029 1256 2103; x_wconf 81' lang='lat' dir='ltr'><strong>Quod</strong></span> <span class='ocrx_word' id='word_1_152' title='bbox 1266 2030 1391 2091; x_wconf 86' lang='lat' dir='ltr'><strong>iactum</strong></span> <span class='ocrx_word' id='word_1_153' title='bbox 1402 2050 1481 2103; x_wconf 90' lang='lat' dir='ltr'><strong>esse,</strong></span> <span class='ocrx_word' id='word_1_154' title='bbox 1497 2050 1527 2098; x_wconf 82' lang='lat'><strong>15</strong></span> 
     </span>
     <span class='ocr_line' id='line_1_17' title="bbox 285 2112 811 2192; baseline 0.004 -20"><span class='ocrx_word' id='word_1_155' title='bbox 285 2112 389 2192; x_wconf 88' lang='lat' dir='ltr'><strong>proch</strong></span> <span class='ocrx_word' id='word_1_156' title='bbox 405 2114 506 2186; x_wconf 91' lang='lat' dir='ltr'><strong>dolor,</strong></span> <span class='ocrx_word' id='word_1_157' title='bbox 522 2133 617 2174; x_wconf 91' lang='lat' dir='ltr'><strong>nemo</strong></span> <span class='ocrx_word' id='word_1_158' title='bbox 631 2132 696 2173; x_wconf 92' lang='lat' dir='ltr'><strong>non</strong></span> <span class='ocrx_word' id='word_1_159' title='bbox 711 2113 811 2174; x_wconf 88' lang='lat' dir='ltr'><strong>videt.</strong></span> 
     </span>
    </p>

    <p class='ocr_par' dir='ltr' id='par_1_10' title="bbox 279 2194 1527 3688">
     <span class='ocr_line' id='line_1_18' title="bbox 331 2194 1481 2275; baseline 0.003 -20"><span class='ocrx_word' id='word_1_160' title='bbox 331 2194 520 2257; x_wconf 88' lang='lat' dir='ltr'><strong>Gloriantur</strong></span> <span class='ocrx_word' id='word_1_161' title='bbox 529 2196 748 2275; x_wconf 82' lang='lat' dir='ltr'><strong>Ewangelium</strong></span> <span class='ocrx_word' id='word_1_162' title='bbox 764 2202 817 2257; x_wconf 95' lang='lat' dir='ltr'><strong>tot</strong></span> <span class='ocrx_word' id='word_1_163' title='bbox 828 2196 944 2256; x_wconf 90' lang='lat' dir='ltr'><strong>seculis</strong></span> <span class='ocrx_word' id='word_1_164' title='bbox 955 2202 990 2257; x_wconf 92' lang='lat' dir='ltr'><strong>et</strong></span> <span class='ocrx_word' id='word_1_165' title='bbox 1003 2197 1268 2275; x_wconf 83' lang='lat' dir='ltr'><strong>generacionibus</strong></span> <span class='ocrx_word' id='word_1_166' title='bbox 1278 2198 1380 2257; x_wconf 88' lang='lat' dir='ltr'><strong>eciam</strong></span> <span class='ocrx_word' id='word_1_167' title='bbox 1389 2216 1481 2275; x_wconf 89' lang='lat' dir='ltr'><strong>prae·</strong></span> 
     </span>
     <span class='ocr_line' id='line_1_19' title="bbox 286 2279 1481 2358; baseline 0.003 -20"><span class='ocrx_word' id='word_1_168' title='bbox 286 2280 437 2339; x_wconf 85' lang='lat' dir='ltr'><strong>sentibus</strong></span> <span class='ocrx_word' id='word_1_169' title='bbox 452 2282 582 2352; x_wconf 87' lang='lat' dir='ltr'><strong>sanetis,</strong></span> <span class='ocrx_word' id='word_1_170' title='bbox 599 2282 655 2358; x_wconf 91' lang='lat' dir='ltr'><strong>qui</strong></span> <span class='ocrx_word' id='word_1_171' title='bbox 670 2282 727 2340; x_wconf 82' lang='lat' dir='ltr'><strong>vni</strong></span> <span class='ocrx_word' id='word_1_172' title='bbox 741 2279 899 2340; x_wconf 83' lang='lat' dir='ltr'><strong>miracula</strong></span> <span class='ocrx_word' id='word_1_173' title='bbox 913 2279 1093 2352; x_wconf 86' lang='lat' dir='ltr'><strong>ediderant,</strong></span> <span class='ocrx_word' id='word_1_174' title='bbox 1109 2280 1207 2340; x_wconf 89' lang='lat' dir='ltr'><strong>fuisse</strong></span> <span class='ocrx_word' id='word_1_175' title='bbox 1222 2280 1379 2350; x_wconf 83' lang='lat' dir='ltr'><strong>ocultum,</strong></span> <span class='ocrx_word' id='word_1_176' title='bbox 1394 2300 1481 2341; x_wconf 87' lang='lat' dir='ltr'><strong>nune</strong></span> 
     </span>
     <span class='ocr_line' id='line_1_20' title="bbox 285 2362 1482 2441; baseline 0.003 -20"><span class='ocrx_word' id='word_1_177' title='bbox 285 2364 429 2441; x_wconf 92' lang='lat' dir='ltr'><strong>primum</strong></span> <span class='ocrx_word' id='word_1_178' title='bbox 445 2362 599 2435; x_wconf 93' lang='lat' dir='ltr'><strong>Luthero,</strong></span> <span class='ocrx_word' id='word_1_179' title='bbox 615 2364 731 2424; x_wconf 86' lang='lat' dir='ltr'><strong>Hessio</strong></span> <span class='ocrx_word' id='word_1_180' title='bbox 745 2369 780 2423; x_wconf 91' lang='lat' dir='ltr'><strong>et</strong></span> <span class='ocrx_word' id='word_1_181' title='bbox 794 2362 1004 2441; x_wconf 87' lang='lat' dir='ltr'><strong>sequentibus</strong></span> <span class='ocrx_word' id='word_1_182' title='bbox 1018 2383 1129 2424; x_wconf 90' lang='lat' dir='ltr'><strong>eorum</strong></span> <span class='ocrx_word' id='word_1_183' title='bbox 1139 2363 1181 2424; x_wconf 94' lang='lat' dir='ltr'><strong>ob</strong></span> <span class='ocrx_word' id='word_1_184' title='bbox 1195 2363 1325 2424; x_wconf 90' lang='lat' dir='ltr'><strong>illorum</strong></span> <span class='ocrx_word' id='word_1_185' title='bbox 1340 2365 1482 2424; x_wconf 85' lang='lat' dir='ltr'><strong>virtutes</strong></span> 
     </span>
     <span class='ocr_line' id='line_1_21' title="bbox 284 2445 1527 2526; baseline 0.001 -20"><span class='ocrx_word' id='word_1_186' title='bbox 284 2445 478 2518; x_wconf 89' lang='lat' dir='ltr'><strong>reuelatum,</strong></span> <span class='ocrx_word' id='word_1_187' title='bbox 490 2454 649 2525; x_wconf 86' lang='lat' dir='ltr'>tanquam</span> <span class='ocrx_word' id='word_1_188' title='bbox 660 2445 808 2507; x_wconf 85' lang='lat' dir='ltr'><strong>Christus</strong></span> <span class='ocrx_word' id='word_1_189' title='bbox 819 2445 978 2506; x_wconf 87' lang='lat' dir='ltr'><strong>Dominus</strong></span> <span class='ocrx_word' id='word_1_190' title='bbox 986 2453 1097 2507; x_wconf 91' lang='lat' dir='ltr'><strong>noster</strong></span> <span class='ocrx_word' id='word_1_191' title='bbox 1105 2465 1258 2526; x_wconf 88' lang='lat' dir='ltr'><strong>sponsam</strong></span> <span class='ocrx_word' id='word_1_192' title='bbox 1270 2467 1363 2508; x_wconf 91' lang='lat' dir='ltr'><strong>suam</strong></span> <span class='ocrx_word' id='word_1_193' title='bbox 1372 2446 1479 2508; x_wconf 87' lang='lat' dir='ltr'><strong>Eoole·</strong></span> <span class='ocrx_word' id='word_1_194' title='bbox 1494 2465 1527 2502; x_wconf 88' lang='lat'><strong>20</strong></span> 
     </span>
     <span class='ocr_line' id='line_1_22' title="bbox 284 2529 1481 2608; baseline 0.003 -19"><span class='ocrx_word' id='word_1_195' title='bbox 284 2530 369 2589; x_wconf 89' lang='lat' dir='ltr'><strong>siam</strong></span> <span class='ocrx_word' id='word_1_196' title='bbox 390 2529 585 2590; x_wconf 84' lang='lat' dir='ltr'><strong>catholicam</strong></span> <span class='ocrx_word' id='word_1_197' title='bbox 605 2535 659 2589; x_wconf 90' lang='lat' dir='ltr'><strong>tot</strong></span> <span class='ocrx_word' id='word_1_198' title='bbox 675 2529 790 2590; x_wconf 87' lang='lat' dir='ltr'><strong>seculis</strong></span> <span class='ocrx_word' id='word_1_199' title='bbox 809 2548 916 2589; x_wconf 90' lang='lat' dir='ltr'><strong>errare</strong></span> <span class='ocrx_word' id='word_1_200' title='bbox 933 2530 1141 2608; x_wconf 87' lang='lat' dir='ltr'><strong>permisisset.</strong></span> <span class='ocrx_word' id='word_1_201' title='bbox 1186 2529 1290 2591; x_wconf 83' lang='lat' dir='ltr'><strong>Multo</strong></span> <span class='ocrx_word' id='word_1_202' title='bbox 1307 2536 1380 2591; x_wconf 91' lang='lat' dir='ltr'><strong>tum</strong></span> <span class='ocrx_word' id='word_1_203' title='bbox 1401 2538 1481 2592; x_wconf 91' lang='lat' dir='ltr'><strong>sunt</strong></span> 
     </span>
     <span class='ocr_line' id='line_1_23' title="bbox 287 2612 1480 2694; baseline 0.003 -23"><span class='ocrx_word' id='word_1_204' title='bbox 287 2613 351 2684; x_wconf 88' lang='lat' dir='ltr'><strong>vie,</strong></span> <span class='ocrx_word' id='word_1_205' title='bbox 363 2632 426 2690; x_wconf 89' lang='lat' dir='ltr'><strong>que</strong></span> <span class='ocrx_word' id='word_1_206' title='bbox 438 2613 593 2674; x_wconf 90' lang='lat' dir='ltr'><strong>videntur</strong></span> <span class='ocrx_word' id='word_1_207' title='bbox 604 2612 790 2674; x_wconf 91' lang='lat' dir='ltr'><strong>hominibus</strong></span> <span class='ocrx_word' id='word_1_208' title='bbox 804 2619 901 2685; x_wconf 85' lang='lat' dir='ltr'><strong>reete,</strong></span> <span class='ocrx_word' id='word_1_209' title='bbox 913 2618 948 2673; x_wconf 93' lang='lat' dir='ltr'><strong>et</strong></span> <span class='ocrx_word' id='word_1_210' title='bbox 962 2614 1140 2673; x_wconf 89' lang='lat' dir='ltr'><strong>nouissima</strong></span> <span class='ocrx_word' id='word_1_211' title='bbox 1153 2633 1265 2674; x_wconf 90' lang='lat' dir='ltr'><strong>eorum</strong></span> <span class='ocrx_word' id='word_1_212' title='bbox 1280 2616 1480 2694; x_wconf 89' lang='lat' dir='ltr'><strong>proueniunt</strong></span> 
     </span>
     <span class='ocr_line' id='line_1_24' title="bbox 283 2694 1480 2777; baseline 0.003 -22"><span class='ocrx_word' id='word_1_213' title='bbox 283 2696 328 2755; x_wconf 89' lang='lat' dir='ltr'><strong>ad</strong></span> <span class='ocrx_word' id='word_1_214' title='bbox 351 2696 514 2774; x_wconf 83' lang='lat' dir='ltr'><strong>profunda</strong></span> <span class='ocrx_word' id='word_1_215' title='bbox 536 2697 663 2756; x_wconf 80' lang='lat' dir='ltr'><strong>inferni.</strong></span> <span class='ocrx_word' id='word_1_216' title='bbox 707 2694 862 2757; x_wconf 89' lang='lat' dir='ltr'><strong>Solomon</strong></span> <span class='ocrx_word' id='word_1_217' title='bbox 883 2698 984 2774; x_wconf 86' lang='lat' dir='ltr'><strong>igitur</strong></span> <span class='ocrx_word' id='word_1_218' title='bbox 1001 2695 1070 2757; x_wconf 86' lang='lat' dir='ltr'><strong>‘Ne</strong></span> <span class='ocrx_word' id='word_1_219' title='bbox 1087 2698 1354 2776; x_wconf 84' lang='lat' dir='ltr'><strong>transgrediaris’</strong></span> <span class='ocrx_word' id='word_1_220' title='bbox 1371 2699 1480 2777; x_wconf 92' lang='lat' dir='ltr'><strong>inquit</strong></span> 
     </span>
     <span class='ocr_line' id='line_1_25' title="bbox 283 2780 1479 2859; baseline 0.002 -20"><span class='ocrx_word' id='word_1_221' title='bbox 283 2786 291 2811; x_wconf 87' lang='lat'><em>‘</em></span> <span class='ocrx_word' id='word_1_222' title='bbox 305 2782 462 2840; x_wconf 87' lang='lat' dir='ltr'><strong>terminos</strong></span> <span class='ocrx_word' id='word_1_223' title='bbox 476 2782 639 2858; x_wconf 90' lang='lat' dir='ltr'><strong>antiquos,</strong></span> <span class='ocrx_word' id='word_1_224' title='bbox 654 2799 737 2858; x_wconf 89' lang='lat' dir='ltr'><strong>quos</strong></span> <span class='ocrx_word' id='word_1_225' title='bbox 750 2785 933 2859; x_wconf 89' lang='lat' dir='ltr'><strong>posuemnt</strong></span> <span class='ocrx_word' id='word_1_226' title='bbox 945 2786 1057 2859; x_wconf 87' lang='lat' dir='ltr'><strong>patres</strong></span> <span class='ocrx_word' id='word_1_227' title='bbox 1071 2782 1121 2840; x_wconf 94' lang='lat' dir='ltr'><strong>tui</strong></span> <span class='ocrx_word' id='word_1_228' title='bbox 1132 2781 1149 2841; x_wconf 92' lang='lat'><strong>&#39;.</strong></span> <span class='ocrx_word' id='word_1_229' title='bbox 1186 2780 1248 2842; x_wconf 80' lang='lat' dir='ltr'><strong>Sed</strong></span> <span class='ocrx_word' id='word_1_230' title='bbox 1260 2781 1479 2859; x_wconf 82' lang='lat' dir='ltr'><strong>ingrediamur</strong></span> 
     </span>
     <span class='ocr_line' id='line_1_26' title="bbox 284 2864 1523 2942; baseline 0.007 -20"><span class='ocrx_word' id='word_1_231' title='bbox 284 2869 408 2923; x_wconf 89' lang='lat' dir='ltr'><strong>rectam</strong></span> <span class='ocrx_word' id='word_1_232' title='bbox 424 2866 520 2936; x_wconf 89' lang='lat' dir='ltr'><strong>viam,</strong></span> <span class='ocrx_word' id='word_1_233' title='bbox 533 2882 596 2941; x_wconf 92' lang='lat' dir='ltr'><strong>que</strong></span> <span class='ocrx_word' id='word_1_234' title='bbox 608 2865 753 2924; x_wconf 90' lang='lat' dir='ltr'><strong>omnium</strong></span> <span class='ocrx_word' id='word_1_235' title='bbox 764 2869 953 2924; x_wconf 84' lang='lat' dir='ltr'><strong>sanatorum</strong></span> <span class='ocrx_word' id='word_1_236' title='bbox 964 2869 1043 2923; x_wconf 89' lang='lat' dir='ltr'><strong>sunt</strong></span> <span class='ocrx_word' id='word_1_237' title='bbox 1053 2865 1135 2924; x_wconf 89' lang='lat' dir='ltr'><strong>trita</strong></span> <span class='ocrx_word' id='word_1_238' title='bbox 1145 2866 1289 2942; x_wconf 85' lang='lat' dir='ltr'><strong>vestigiis</strong></span> <span class='ocrx_word' id='word_1_239' title='bbox 1300 2864 1477 2926; x_wconf 88' lang='lat' dir='ltr'><strong>eolenoium</strong></span> <span class='ocrx_word' id='word_1_240' title='bbox 1491 2882 1523 2931; x_wconf 81' lang='lat'><strong>²5</strong></span> 
     </span>
     <span class='ocr_line' id='line_1_27' title="bbox 283 2946 1476 3027; baseline 0.003 -21"><span class='ocrx_word' id='word_1_241' title='bbox 283 2965 399 3007; x_wconf 87' lang='lat' dir='ltr'><strong>verum</strong></span> <span class='ocrx_word' id='word_1_242' title='bbox 409 2947 524 3021; x_wconf 91' lang='lat' dir='ltr'><strong>Deum,</strong></span> <span class='ocrx_word' id='word_1_243' title='bbox 536 2954 571 3008; x_wconf 92' lang='lat' dir='ltr'><strong>et</strong></span> <span class='ocrx_word' id='word_1_244' title='bbox 581 2949 679 3009; x_wconf 88' lang='lat' dir='ltr'><strong>tritas</strong></span> <span class='ocrx_word' id='word_1_245' title='bbox 690 2967 710 3007; x_wconf 92' lang='lat' dir='ltr'><strong>a</strong></span> <span class='ocrx_word' id='word_1_246' title='bbox 721 2948 842 3008; x_wconf 89' lang='lat' dir='ltr'><strong>sanctis</strong></span> <span class='ocrx_word' id='word_1_247' title='bbox 851 2946 1000 3026; x_wconf 87' lang='lat' dir='ltr'><strong>patribus</strong></span> <span class='ocrx_word' id='word_1_248' title='bbox 1008 2948 1151 3020; x_wconf 87' lang='lat' dir='ltr'><strong>semitas,</strong></span> <span class='ocrx_word' id='word_1_249' title='bbox 1161 2949 1257 3008; x_wconf 88' lang='lat' dir='ltr'><strong>iuxta</strong></span> <span class='ocrx_word' id='word_1_250' title='bbox 1265 2948 1476 3027; x_wconf 89' lang='lat' dir='ltr'><strong>prophetam:</strong></span> 
     </span>
     <span class='ocr_line' id='line_1_28' title="bbox 284 3029 1476 3111; baseline 0.001 -20"><span class='ocrx_word' id='word_1_251' title='bbox 284 3029 397 3091; x_wconf 88' lang='lat' dir='ltr'><strong>‘State</strong></span> <span class='ocrx_word' id='word_1_252' title='bbox 412 3033 444 3091; x_wconf 93' lang='lat' dir='ltr'><strong>in</strong></span> <span class='ocrx_word' id='word_1_253' title='bbox 459 3033 520 3092; x_wconf 89' lang='lat' dir='ltr'><strong>viis</strong></span> <span class='ocrx_word' id='word_1_254' title='bbox 534 3037 569 3092; x_wconf 88' lang='lat' dir='ltr'><strong>et</strong></span> <span class='ocrx_word' id='word_1_255' title='bbox 583 3031 692 3091; x_wconf 86' lang='lat' dir='ltr'><strong>videte</strong></span> <span class='ocrx_word' id='word_1_256' title='bbox 706 3037 741 3091; x_wconf 93' lang='lat' dir='ltr'><strong>et</strong></span> <span class='ocrx_word' id='word_1_257' title='bbox 758 3032 939 3109; x_wconf 85' lang='lat' dir='ltr'><strong>interogate</strong></span> <span class='ocrx_word' id='word_1_258' title='bbox 957 3032 1090 3092; x_wconf 86' lang='lat' dir='ltr'><strong>semitas</strong></span> <span class='ocrx_word' id='word_1_259' title='bbox 1107 3030 1239 3091; x_wconf 91' lang='lat' dir='ltr'><strong>Domini</strong></span> <span class='ocrx_word' id='word_1_260' title='bbox 1254 3034 1476 3111; x_wconf 89' lang='lat' dir='ltr'><strong>sempiternas,</strong></span> 
     </span>
     <span class='ocr_line' id='line_1_29' title="bbox 283 3113 1476 3194; baseline 0.002 -20"><span class='ocrx_word' id='word_1_261' title='bbox 283 3132 350 3191; x_wconf 92' lang='lat' dir='ltr'><strong>qua</strong></span> <span class='ocrx_word' id='word_1_262' title='bbox 371 3116 415 3175; x_wconf 93' lang='lat' dir='ltr'><strong>sit</strong></span> <span class='ocrx_word' id='word_1_263' title='bbox 432 3116 487 3176; x_wconf 86' lang='lat' dir='ltr'><strong>via</strong></span> <span class='ocrx_word' id='word_1_264' title='bbox 508 3114 605 3187; x_wconf 91' lang='lat' dir='ltr'><strong>bona,</strong></span> <span class='ocrx_word' id='word_1_265' title='bbox 625 3120 659 3174; x_wconf 88' lang='lat' dir='ltr'><strong>et</strong></span> <span class='ocrx_word' id='word_1_266' title='bbox 681 3113 849 3175; x_wconf 90' lang='lat' dir='ltr'><strong>ambulate</strong></span> <span class='ocrx_word' id='word_1_267' title='bbox 865 3115 900 3174; x_wconf 92' lang='lat' dir='ltr'><strong>in</strong></span> <span class='ocrx_word' id='word_1_268' title='bbox 915 3133 954 3174; x_wconf 92' lang='lat' dir='ltr'><strong>ea</strong></span> <span class='ocrx_word' id='word_1_269' title='bbox 973 3121 1008 3175; x_wconf 89' lang='lat' dir='ltr'><strong>et</strong></span> <span class='ocrx_word' id='word_1_270' title='bbox 1027 3115 1198 3175; x_wconf 88' lang='lat' dir='ltr'><strong>inuenietis</strong></span> <span class='ocrx_word' id='word_1_271' title='bbox 1217 3114 1476 3194; x_wconf 88' lang='lat' dir='ltr'><strong>purifieaoionem</strong></span> 
     </span>
     <span class='ocr_line' id='line_1_30' title="bbox 282 3197 1475 3260; baseline 0.002 -2"><span class='ocrx_word' id='word_1_272' title='bbox 282 3199 467 3258; x_wconf 89' lang='lat' dir='ltr'><strong>animarum</strong></span> <span class='ocrx_word' id='word_1_273' title='bbox 477 3204 660 3259; x_wconf 88' lang='lat' dir='ltr'><strong>vestrarum</strong></span> <span class='ocrx_word' id='word_1_274' title='bbox 671 3198 689 3259; x_wconf 90' lang='lat'><strong>&#39;.</strong></span> <span class='ocrx_word' id='word_1_275' title='bbox 719 3197 765 3257; x_wconf 89' lang='lat' dir='ltr'><strong>Et</strong></span> <span class='ocrx_word' id='word_1_276' title='bbox 776 3197 872 3258; x_wconf 92' lang='lat' dir='ltr'><strong>alibi:</strong></span> <span class='ocrx_word' id='word_1_277' title='bbox 896 3197 1242 3258; x_wconf 86' lang='lat' dir='ltr'><strong>‘Annunoiabitvobis</strong></span> <span class='ocrx_word' id='word_1_278' title='bbox 1255 3199 1445 3259; x_wconf 87' lang='lat' dir='ltr'><strong>viamsuam</strong></span> <span class='ocrx_word' id='word_1_279' title='bbox 1457 3199 1475 3260; x_wconf 91' lang='lat'><strong>&#39;.</strong></span> 
     </span>
     <span class='ocr_line' id='line_1_31' title="bbox 282 3280 1522 3360; baseline 0.001 -19"><span class='ocrx_word' id='word_1_280' title='bbox 282 3280 378 3354; x_wconf 84' lang='lat' dir='ltr'><strong>Quod</strong></span> <span class='ocrx_word' id='word_1_281' title='bbox 401 3283 426 3341; x_wconf 94' lang='lat' dir='ltr'><strong>si</strong></span> <span class='ocrx_word' id='word_1_282' title='bbox 450 3281 581 3360; x_wconf 89' lang='lat' dir='ltr'><strong>quando</strong></span> <span class='ocrx_word' id='word_1_283' title='bbox 600 3283 815 3342; x_wconf 88' lang='lat' dir='ltr'><strong>errauerimus</strong></span> <span class='ocrx_word' id='word_1_284' title='bbox 837 3287 871 3342; x_wconf 90' lang='lat' dir='ltr'><strong>et</strong></span> <span class='ocrx_word' id='word_1_285' title='bbox 896 3283 990 3359; x_wconf 90' lang='lat' dir='ltr'><strong>quasi</strong></span> <span class='ocrx_word' id='word_1_286' title='bbox 1014 3281 1161 3342; x_wconf 91' lang='lat' dir='ltr'><strong>homines</strong></span> <span class='ocrx_word' id='word_1_287' title='bbox 1186 3300 1338 3360; x_wconf 89' lang='lat' dir='ltr'><strong>peruerse</strong></span> <span class='ocrx_word' id='word_1_288' title='bbox 1362 3283 1476 3343; x_wconf 90' lang='lat' dir='ltr'><strong>itinere</strong></span> <span class='ocrx_word' id='word_1_289' title='bbox 1489 3299 1522 3348; x_wconf 86' lang='lat'><strong>30</strong></span> 
     </span>
     <span class='ocr_line' id='line_1_32' title="bbox 281 3363 1474 3443; baseline 0.002 -20"><span class='ocrx_word' id='word_1_290' title='bbox 281 3367 509 3443; x_wconf 89' lang='lat' dir='ltr'><strong>perexerimus,</strong></span> <span class='ocrx_word' id='word_1_291' title='bbox 536 3365 597 3425; x_wconf 87' lang='lat' dir='ltr'><strong>hoe</strong></span> <span class='ocrx_word' id='word_1_292' title='bbox 622 3384 751 3443; x_wconf 94' lang='lat' dir='ltr'><strong>quoque</strong></span> <span class='ocrx_word' id='word_1_293' title='bbox 776 3364 870 3425; x_wconf 89' lang='lat' dir='ltr'><strong>nobis</strong></span> <span class='ocrx_word' id='word_1_294' title='bbox 893 3363 983 3425; x_wconf 90' lang='lat' dir='ltr'><strong>Deus</strong></span> <span class='ocrx_word' id='word_1_295' title='bbox 1005 3363 1175 3437; x_wconf 90' lang='lat' dir='ltr'><strong>reuelabit,</strong></span> <span class='ocrx_word' id='word_1_296' title='bbox 1199 3364 1474 3442; x_wconf 86' lang='lat' dir='ltr'><strong>quemadmodum</strong></span> 
     </span>
     <span class='ocr_line' id='line_1_33' title="bbox 280 3447 1475 3528; baseline 0.003 -22"><span class='ocrx_word' id='word_1_297' title='bbox 280 3449 431 3526; x_wconf 86' lang='lat' dir='ltr'><strong>promisit</strong></span> <span class='ocrx_word' id='word_1_298' title='bbox 446 3469 503 3527; x_wconf 91' lang='lat' dir='ltr'><strong>per</strong></span> <span class='ocrx_word' id='word_1_299' title='bbox 517 3448 704 3528; x_wconf 89' lang='lat' dir='ltr'><strong>apostolum</strong></span> <span class='ocrx_word' id='word_1_300' title='bbox 719 3454 754 3508; x_wconf 93' lang='lat' dir='ltr'><strong>et</strong></span> <span class='ocrx_word' id='word_1_301' title='bbox 768 3447 1024 3525; x_wconf 85' lang='lat' dir='ltr'><strong>Ezeoh&lt;ielem&gt;:</strong></span> <span class='ocrx_word' id='word_1_302' title='bbox 1046 3447 1160 3508; x_wconf 87' lang='lat' dir='ltr'><strong>‘Dabo</strong></span> <span class='ocrx_word' id='word_1_303' title='bbox 1174 3450 1220 3508; x_wconf 89' lang='lat' dir='ltr'><strong>eis</strong></span> <span class='ocrx_word' id='word_1_304' title='bbox 1234 3450 1323 3508; x_wconf 86' lang='lat' dir='ltr'><strong>viam</strong></span> <span class='ocrx_word' id='word_1_305' title='bbox 1337 3448 1475 3509; x_wconf 89' lang='lat' dir='ltr'><strong>alteram</strong></span> 
     </span>
     <span class='ocr_line' id='line_1_34' title="bbox 279 3530 1475 3610; baseline 0.002 -20"><span class='ocrx_word' id='word_1_306' title='bbox 279 3536 315 3591; x_wconf 92' lang='lat' dir='ltr'><strong>et</strong></span> <span class='ocrx_word' id='word_1_307' title='bbox 330 3550 385 3590; x_wconf 91' lang='lat' dir='ltr'><strong>cor</strong></span> <span class='ocrx_word' id='word_1_308' title='bbox 400 3531 490 3592; x_wconf 90' lang='lat' dir='ltr'><strong>aliud</strong></span> <span class='ocrx_word' id='word_1_309' title='bbox 501 3532 518 3591; x_wconf 93' lang='grc'><strong>’.</strong></span> <span class='ocrx_word' id='word_1_310' title='bbox 562 3530 625 3593; x_wconf 89' lang='lat' dir='ltr'><strong>Sed</strong></span> <span class='ocrx_word' id='word_1_311' title='bbox 644 3531 727 3592; x_wconf 91' lang='lat' dir='ltr'><strong>bene</strong></span> <span class='ocrx_word' id='word_1_312' title='bbox 743 3531 916 3610; x_wconf 90' lang='lat' dir='ltr'><strong>loquamur</strong></span> <span class='ocrx_word' id='word_1_313' title='bbox 932 3531 973 3591; x_wconf 91' lang='lat' dir='ltr'><strong>de</strong></span> <span class='ocrx_word' id='word_1_314' title='bbox 991 3531 1042 3591; x_wconf 88' lang='lat' dir='ltr'><strong>his</strong></span> <span class='ocrx_word' id='word_1_315' title='bbox 1055 3533 1112 3609; x_wconf 94' lang='lat' dir='ltr'><strong>qui</strong></span> <span class='ocrx_word' id='word_1_316' title='bbox 1132 3551 1192 3592; x_wconf 91' lang='lat' dir='ltr'><strong>nos</strong></span> <span class='ocrx_word' id='word_1_317' title='bbox 1209 3533 1420 3604; x_wconf 86' lang='lat' dir='ltr'><strong>insectantur,</strong></span> <span class='ocrx_word' id='word_1_318' title='bbox 1440 3539 1475 3592; x_wconf 89' lang='lat' dir='ltr'><strong>et</strong></span> 
     </span>
     <span class='ocr_line' id='line_1_35' title="bbox 279 3612 1474 3688; baseline 0.002 -15"><span class='ocrx_word' id='word_1_319' title='bbox 279 3613 503 3676; x_wconf 89' lang='lat' dir='ltr'><strong>abstineamus</strong></span> <span class='ocrx_word' id='word_1_320' title='bbox 517 3612 704 3676; x_wconf 84' lang='lat' dir='ltr'><strong>Gamalielis</strong></span> <span class='ocrx_word' id='word_1_321' title='bbox 724 3633 823 3675; x_wconf 90' lang='lat' dir='ltr'><strong>suasu</strong></span> <span class='ocrx_word' id='word_1_322' title='bbox 837 3614 879 3675; x_wconf 90' lang='lat' dir='ltr'><strong>ab</strong></span> <span class='ocrx_word' id='word_1_323' title='bbox 894 3614 1082 3675; x_wconf 92' lang='lat' dir='ltr'><strong>hominibus</strong></span> <span class='ocrx_word' id='word_1_324' title='bbox 1101 3616 1172 3675; x_wconf 89' lang='lat' dir='ltr'><strong>istis</strong></span> <span class='ocrx_word' id='word_1_325' title='bbox 1185 3620 1220 3676; x_wconf 89' lang='lat' dir='ltr'><strong>et</strong></span> <span class='ocrx_word' id='word_1_326' title='bbox 1234 3616 1378 3676; x_wconf 87' lang='lat' dir='ltr'><strong>sinamus</strong></span> <span class='ocrx_word' id='word_1_327' title='bbox 1392 3614 1474 3688; x_wconf 92' lang='lat' dir='ltr'><strong>illos,</strong></span> 
     </span>
    </p>
   </div>
   <div class='ocr_carea' id='block_1_4' title="bbox 673 3733 1082 3796">
    <p class='ocr_par' dir='ltr' id='par_1_11' title="bbox 673 3733 1082 3796">
     <span class='ocr_line' id='line_1_36' title="bbox 673 3733 1082 3796; baseline 0.002 -15"><span class='ocrx_word' id='word_1_328' title='bbox 673 3734 712 3781; x_wconf 82' lang='lat'><strong>18.</strong></span> <span class='ocrx_word' id='word_1_329' title='bbox 725 3733 773 3783; x_wconf 87' lang='lat' dir='ltr'><strong>vni</strong></span> <span class='ocrx_word' id='word_1_330' title='bbox 785 3733 967 3796; x_wconf 81' lang='lat' dir='ltr'><strong>scripsimus:</strong></span> <span class='ocrx_word' id='word_1_331' title='bbox 986 3733 1045 3783; x_wconf 89' lang='lat' dir='ltr'><strong>vim</strong></span> <span class='ocrx_word' id='word_1_332' title='bbox 1057 3752 1082 3782; x_wconf 82' lang='lat' dir='ltr'><strong>a.</strong></span> 
     </span>
    </p>
   </div>
   <div class='ocr_carea' id='block_1_5' title="bbox 269 3840 1474 5109">
    <p class='ocr_par' dir='ltr' id='par_1_12' title="bbox 273 3840 1474 4304">
     <span class='ocr_line' id='line_1_37' title="bbox 314 3840 1474 3906; baseline 0.003 -17"><span class='ocrx_word' id='word_1_333' title='bbox 314 3854 354 3890; x_wconf 86' lang='lat'><strong>12.</strong></span> <span class='ocrx_word' id='word_1_334' title='bbox 371 3840 576 3905; x_wconf 78' lang='lat' dir='ltr'><strong>Glogouiensis]</strong></span> <span class='ocrx_word' id='word_1_335' title='bbox 595 3841 673 3891; x_wconf 83' lang='lat' dir='ltr'><strong>John</strong></span> <span class='ocrx_word' id='word_1_336' title='bbox 692 3841 723 3892; x_wconf 86' lang='lat' dir='ltr'><strong>ol</strong></span> <span class='ocrx_word' id='word_1_337' title='bbox 742 3840 851 3905; x_wconf 79' lang='lat' dir='ltr'><strong>Glogau</strong></span> <span class='ocrx_word' id='word_1_338' title='bbox 899 3841 1056 3891; x_wconf 80' lang='lat' dir='ltr'><strong>doctorate.</strong></span> <span class='ocrx_word' id='word_1_339' title='bbox 1091 3841 1474 3906; x_wconf 77' lang='lat' dir='ltr'><strong>ReturningtoWittenberg</strong></span> 
     </span>
     <span class='ocr_line' id='line_1_38' title="bbox 276 3906 1473 3972; baseline 0.001 -16"><span class='ocrx_word' id='word_1_340' title='bbox 276 3906 306 3967; x_wconf 67' lang='lat' dir='ltr'><strong>(i</strong></span> <span class='ocrx_word' id='word_1_341' title='bbox 318 3908 403 3970; x_wconf 82' lang='lat'><strong>1507),</strong></span> <span class='ocrx_word' id='word_1_342' title='bbox 423 3908 592 3972; x_wconf 79' lang='lat' dir='ltr'><strong>theologian,</strong></span> <span class='ocrx_word' id='word_1_343' title='bbox 609 3909 849 3967; x_wconf 81' lang='lat' dir='ltr'><strong>mathematieian,</strong></span> <span class='ocrx_word' id='word_1_344' title='bbox 900 3909 930 3957; x_wconf 91' lang='lat' dir='ltr'><strong>in</strong></span> <span class='ocrx_word' id='word_1_345' title='bbox 946 3921 1019 3969; x_wconf 82' lang='lat'><strong>1519,</strong></span> <span class='ocrx_word' id='word_1_346' title='bbox 1035 3908 1070 3958; x_wconf 92' lang='lat' dir='ltr'><strong>he</strong></span> <span class='ocrx_word' id='word_1_347' title='bbox 1084 3922 1162 3957; x_wconf 90' lang='lat' dir='ltr'><strong>oame</strong></span> <span class='ocrx_word' id='word_1_348' title='bbox 1174 3908 1264 3958; x_wconf 89' lang='lat' dir='ltr'><strong>under</strong></span> <span class='ocrx_word' id='word_1_349' title='bbox 1275 3909 1324 3958; x_wconf 90' lang='lat' dir='ltr'><strong>the</strong></span> <span class='ocrx_word' id='word_1_350' title='bbox 1336 3908 1473 3958; x_wconf 86' lang='lat' dir='ltr'><strong>influenoe</strong></span> 
     </span>
     <span class='ocr_line' id='line_1_39' title="bbox 276 3973 1473 4039; baseline 0.002 -16"><span class='ocrx_word' id='word_1_351' title='bbox 276 3974 457 4038; x_wconf 82' lang='lat' dir='ltr'><strong>professoroi</strong></span> <span class='ocrx_word' id='word_1_352' title='bbox 466 3974 636 4039; x_wconf 88' lang='lat' dir='ltr'><strong>philosophy</strong></span> <span class='ocrx_word' id='word_1_353' title='bbox 645 3975 702 4024; x_wconf 90' lang='lat' dir='ltr'><strong>and</strong></span> <span class='ocrx_word' id='word_1_354' title='bbox 713 3975 811 4024; x_wconf 84' lang='lat' dir='ltr'><strong>Canon</strong></span> <span class='ocrx_word' id='word_1_355' title='bbox 819 3976 850 4025; x_wconf 76' lang='lat' dir='ltr'><strong>oi</strong></span> <span class='ocrx_word' id='word_1_356' title='bbox 899 3974 930 4025; x_wconf 86' lang='lat' dir='ltr'><strong>oi</strong></span> <span class='ocrx_word' id='word_1_357' title='bbox 958 3975 1066 4024; x_wconf 86' lang='lat' dir='ltr'><strong>Luther</strong></span> <span class='ocrx_word' id='word_1_358' title='bbox 1093 3973 1151 4024; x_wconf 89' lang='lat' dir='ltr'><strong>and</strong></span> <span class='ocrx_word' id='word_1_359' title='bbox 1183 3974 1392 4024; x_wconf 83' lang='lat' dir='ltr'><strong>Melanohthon.</strong></span> <span class='ocrx_word' id='word_1_360' title='bbox 1427 3976 1473 4025; x_wconf 87' lang='lat' dir='ltr'><strong>He</strong></span> 
     </span>
     <span class='ocr_line' id='line_1_40' title="bbox 275 4041 1473 4100; baseline 0.002 -10"><span class='ocrx_word' id='word_1_361' title='bbox 275 4042 319 4090; x_wconf 83' lang='lat' dir='ltr'><strong>St.</strong></span> <span class='ocrx_word' id='word_1_362' title='bbox 338 4041 450 4091; x_wconf 85' lang='lat' dir='ltr'><strong>Florian</strong></span> <span class='ocrx_word' id='word_1_363' title='bbox 463 4047 495 4091; x_wconf 85' lang='lat' dir='ltr'><strong>at</strong></span> <span class='ocrx_word' id='word_1_364' title='bbox 510 4042 631 4091; x_wconf 86' lang='lat' dir='ltr'><strong>Craoow.</strong></span> <span class='ocrx_word' id='word_1_365' title='bbox 666 4041 701 4090; x_wconf 94' lang='lat' dir='ltr'><strong>In</strong></span> <span class='ocrx_word' id='word_1_366' title='bbox 718 4041 849 4091; x_wconf 85' lang='lat' dir='ltr'><strong>addition</strong></span> <span class='ocrx_word' id='word_1_367' title='bbox 899 4048 975 4091; x_wconf 84' lang='lat' dir='ltr'><strong>went</strong></span> <span class='ocrx_word' id='word_1_368' title='bbox 990 4042 1062 4090; x_wconf 84' lang='lat' dir='ltr'><strong>back</strong></span> <span class='ocrx_word' id='word_1_369' title='bbox 1076 4047 1108 4090; x_wconf 93' lang='lat' dir='ltr'><strong>to</strong></span> <span class='ocrx_word' id='word_1_370' title='bbox 1121 4041 1248 4100; x_wconf 87' lang='lat' dir='ltr'><strong>Breslau,</strong></span> <span class='ocrx_word' id='word_1_371' title='bbox 1259 4042 1352 4091; x_wconf 86' lang='lat' dir='ltr'><strong>where</strong></span> <span class='ocrx_word' id='word_1_372' title='bbox 1366 4042 1401 4092; x_wconf 91' lang='lat' dir='ltr'><strong>he</strong></span> <span class='ocrx_word' id='word_1_373' title='bbox 1414 4057 1473 4092; x_wconf 87' lang='lat' dir='ltr'><strong>was</strong></span> 
     </span>
     <span class='ocr_line' id='line_1_41' title="bbox 274 4107 1471 4171; baseline 0.003 -15"><span class='ocrx_word' id='word_1_374' title='bbox 274 4114 309 4156; x_wconf 89' lang='lat' dir='ltr'><strong>to</strong></span> <span class='ocrx_word' id='word_1_375' title='bbox 320 4108 513 4171; x_wconf 82' lang='lat' dir='ltr'><strong>grammatieal</strong></span> <span class='ocrx_word' id='word_1_376' title='bbox 525 4108 582 4158; x_wconf 87' lang='lat' dir='ltr'><strong>and</strong></span> <span class='ocrx_word' id='word_1_377' title='bbox 596 4107 746 4158; x_wconf 85' lang='lat' dir='ltr'><strong>rhetorical</strong></span> <span class='ocrx_word' id='word_1_378' title='bbox 756 4109 850 4158; x_wconf 84' lang='lat' dir='ltr'><strong>works</strong></span> <span class='ocrx_word' id='word_1_379' title='bbox 899 4123 917 4158; x_wconf 88' lang='lat' dir='ltr'><strong>a</strong></span> <span class='ocrx_word' id='word_1_380' title='bbox 932 4108 1043 4158; x_wconf 81' lang='lat' dir='ltr'><strong>zealous</strong></span> <span class='ocrx_word' id='word_1_381' title='bbox 1060 4108 1180 4158; x_wconf 86' lang='lat' dir='ltr'><strong>student</strong></span> <span class='ocrx_word' id='word_1_382' title='bbox 1198 4108 1228 4159; x_wconf 84' lang='lat' dir='ltr'><strong>oi</strong></span> <span class='ocrx_word' id='word_1_383' title='bbox 1247 4108 1380 4159; x_wconf 89' lang='lat' dir='ltr'><strong>Luther&#39;s</strong></span> <span class='ocrx_word' id='word_1_384' title='bbox 1395 4110 1471 4159; x_wconf 85' lang='lat' dir='ltr'><strong>writ-</strong></span> 
     </span>
     <span class='ocr_line' id='line_1_42' title="bbox 274 4173 1472 4240; baseline 0.002 -17"><span class='ocrx_word' id='word_1_385' title='bbox 274 4175 312 4223; x_wconf 92' lang='lat' dir='ltr'><strong>he</strong></span> <span class='ocrx_word' id='word_1_386' title='bbox 345 4176 524 4225; x_wconf 82' lang='lat' dir='ltr'><strong>commented</strong></span> <span class='ocrx_word' id='word_1_387' title='bbox 553 4191 591 4225; x_wconf 90' lang='lat' dir='ltr'><strong>on</strong></span> <span class='ocrx_word' id='word_1_388' title='bbox 622 4174 759 4225; x_wconf 81' lang='lat' dir='ltr'><strong>Aristotle</strong></span> <span class='ocrx_word' id='word_1_389' title='bbox 791 4175 850 4226; x_wconf 86' lang='lat' dir='ltr'><strong>and</strong></span> <span class='ocrx_word' id='word_1_390' title='bbox 899 4176 970 4239; x_wconf 86' lang='lat' dir='ltr'><strong>ings,</strong></span> <span class='ocrx_word' id='word_1_391' title='bbox 986 4173 1084 4239; x_wconf 87' lang='lat' dir='ltr'><strong>finally</strong></span> <span class='ocrx_word' id='word_1_392' title='bbox 1096 4175 1278 4240; x_wconf 81' lang='lat' dir='ltr'><strong>throwingin</strong></span> <span class='ocrx_word' id='word_1_393' title='bbox 1293 4175 1338 4224; x_wconf 89' lang='lat' dir='ltr'><strong>his</strong></span> <span class='ocrx_word' id='word_1_394' title='bbox 1349 4175 1391 4225; x_wconf 92' lang='lat' dir='ltr'><strong>lot</strong></span> <span class='ocrx_word' id='word_1_395' title='bbox 1401 4176 1472 4225; x_wconf 90' lang='lat' dir='ltr'><strong>with</strong></span> 
     </span>
     <span class='ocr_line' id='line_1_43' title="bbox 273 4241 1470 4304; baseline 0.002 -14"><span class='ocrx_word' id='word_1_396' title='bbox 273 4241 471 4292; x_wconf 83' lang='lat' dir='ltr'><strong>Saerobosous.</strong></span> <span class='ocrx_word' id='word_1_397' title='bbox 900 4243 949 4291; x_wconf 91' lang='lat' dir='ltr'><strong>the</strong></span> <span class='ocrx_word' id='word_1_398' title='bbox 972 4241 1131 4292; x_wconf 72' lang='lat' dir='ltr'><strong>reformare·</strong></span> <span class='ocrx_word' id='word_1_399' title='bbox 1175 4242 1210 4291; x_wconf 92' lang='lat' dir='ltr'><strong>In</strong></span> <span class='ocrx_word' id='word_1_400' title='bbox 1235 4255 1297 4304; x_wconf 80' lang='lat'>15²3</span> <span class='ocrx_word' id='word_1_401' title='bbox 1320 4242 1370 4292; x_wconf 87' lang='lat' dir='ltr'><strong>the</strong></span> <span class='ocrx_word' id='word_1_402' title='bbox 1393 4249 1470 4292; x_wconf 83' lang='lat' dir='ltr'><strong>town</strong></span> 
     </span>
    </p>

    <p class='ocr_par' dir='ltr' id='par_1_13' title="bbox 269 4307 1471 5109">
     <span class='ocr_line' id='line_1_44' title="bbox 312 4307 1470 4373; baseline 0.002 -16"><span class='ocrx_word' id='word_1_403' title='bbox 312 4321 352 4366; x_wconf 88' lang='lat'><strong>19.</strong></span> <span class='ocrx_word' id='word_1_404' title='bbox 371 4309 483 4370; x_wconf 86' lang='lat' dir='ltr'><strong>Hessio]</strong></span> <span class='ocrx_word' id='word_1_405' title='bbox 494 4308 572 4358; x_wconf 84' lang='lat' dir='ltr'><strong>John</strong></span> <span class='ocrx_word' id='word_1_406' title='bbox 581 4308 655 4358; x_wconf 87' lang='lat' dir='ltr'><strong>Hess</strong></span> <span class='ocrx_word' id='word_1_407' title='bbox 665 4307 848 4372; x_wconf 65' lang='lat' dir='ltr'><strong>(uso-1547),</strong></span> <span class='ocrx_word' id='word_1_408' title='bbox 899 4307 1008 4358; x_wconf 86' lang='lat' dir='ltr'><strong>couneil</strong></span> <span class='ocrx_word' id='word_1_409' title='bbox 1031 4308 1061 4357; x_wconf 84' lang='lat' dir='ltr'><strong>ol</strong></span> <span class='ocrx_word' id='word_1_410' title='bbox 1086 4308 1204 4359; x_wconf 89' lang='lat' dir='ltr'><strong>Breslau</strong></span> <span class='ocrx_word' id='word_1_411' title='bbox 1228 4308 1386 4373; x_wconf 85' lang='lat' dir='ltr'><strong>appointed</strong></span> <span class='ocrx_word' id='word_1_412' title='bbox 1412 4309 1470 4358; x_wconf 90' lang='lat' dir='ltr'><strong>him</strong></span> 
     </span>
     <span class='ocr_line' id='line_1_45' title="bbox 274 4374 1471 4440; baseline 0.001 -17"><span class='ocrx_word' id='word_1_413' title='bbox 274 4374 348 4424; x_wconf 90' lang='lat' dir='ltr'><strong>born</strong></span> <span class='ocrx_word' id='word_1_414' title='bbox 376 4381 408 4425; x_wconf 89' lang='lat' dir='ltr'><strong>at</strong></span> <span class='ocrx_word' id='word_1_415' title='bbox 436 4375 629 4440; x_wconf 83' lang='lat' dir='ltr'><strong>Nuremberg;</strong></span> <span class='ocrx_word' id='word_1_416' title='bbox 655 4375 692 4425; x_wconf 90' lang='lat' dir='ltr'><strong>he</strong></span> <span class='ocrx_word' id='word_1_417' title='bbox 719 4375 776 4425; x_wconf 87' lang='lat' dir='ltr'><strong>had</strong></span> <span class='ocrx_word' id='word_1_418' title='bbox 804 4376 849 4425; x_wconf 88' lang='lat' dir='ltr'><strong>his</strong></span> <span class='ocrx_word' id='word_1_419' title='bbox 899 4380 997 4439; x_wconf 86' lang='lat' dir='ltr'><strong>pastor</strong></span> <span class='ocrx_word' id='word_1_420' title='bbox 1019 4374 1051 4425; x_wconf 86' lang='lat' dir='ltr'><strong>ol</strong></span> <span class='ocrx_word' id='word_1_421' title='bbox 1073 4375 1123 4425; x_wconf 90' lang='lat' dir='ltr'><strong>the</strong></span> <span class='ocrx_word' id='word_1_422' title='bbox 1145 4375 1251 4425; x_wconf 82' lang='lat' dir='ltr'><strong>ehuroh</strong></span> <span class='ocrx_word' id='word_1_423' title='bbox 1272 4376 1302 4425; x_wconf 86' lang='lat' dir='ltr'><strong>oi</strong></span> <span class='ocrx_word' id='word_1_424' title='bbox 1325 4375 1366 4425; x_wconf 86' lang='lat' dir='ltr'><strong>St.</strong></span> <span class='ocrx_word' id='word_1_425' title='bbox 1390 4375 1471 4439; x_wconf 79' lang='lat' dir='ltr'><strong>Mar-y</strong></span> 
     </span>
     <span class='ocr_line' id='line_1_46' title="bbox 272 4441 1469 4507; baseline 0.003 -18"><span class='ocrx_word' id='word_1_426' title='bbox 272 4441 419 4507; x_wconf 82' lang='lat' dir='ltr'><strong>sobooling</strong></span> <span class='ocrx_word' id='word_1_427' title='bbox 446 4449 478 4492; x_wconf 90' lang='lat' dir='ltr'><strong>at</strong></span> <span class='ocrx_word' id='word_1_428' title='bbox 505 4442 651 4500; x_wconf 85' lang='lat' dir='ltr'><strong>Zwickau;</strong></span> <span class='ocrx_word' id='word_1_429' title='bbox 674 4441 789 4492; x_wconf 89' lang='lat' dir='ltr'><strong>studied</strong></span> <span class='ocrx_word' id='word_1_430' title='bbox 816 4448 848 4492; x_wconf 90' lang='lat' dir='ltr'><strong>at</strong></span> <span class='ocrx_word' id='word_1_431' title='bbox 898 4441 1056 4506; x_wconf 78' lang='lat' dir='ltr'><strong>Magdalen,</strong></span> <span class='ocrx_word' id='word_1_432' title='bbox 1084 4443 1177 4492; x_wconf 83' lang='lat' dir='ltr'><strong>where</strong></span> <span class='ocrx_word' id='word_1_433' title='bbox 1206 4457 1244 4491; x_wconf 95' lang='lat' dir='ltr'><strong>on</strong></span> <span class='ocrx_word' id='word_1_434' title='bbox 1275 4455 1306 4503; x_wconf 83' lang='lat'><strong>25</strong></span> <span class='ocrx_word' id='word_1_435' title='bbox 1338 4442 1401 4492; x_wconf 86' lang='lat' dir='ltr'><strong>Oet.</strong></span> <span class='ocrx_word' id='word_1_436' title='bbox 1434 4443 1469 4492; x_wconf 91' lang='lat' dir='ltr'><strong>he</strong></span> 
     </span>
     <span class='ocr_line' id='line_1_47' title="bbox 272 4507 1469 4624; baseline 0.001 -67"><span class='ocrx_word' id='word_1_437' title='bbox 272 4507 389 4573; x_wconf 76' lang='lat' dir='ltr'><strong>Ieipzig</strong></span> <span class='ocrx_word' id='word_1_438' title='bbox 409 4512 532 4570; x_wconf 81' lang='lat' dir='ltr'><strong>1506-1o‚</strong></span> <span class='ocrx_word' id='word_1_439' title='bbox 551 4510 666 4573; x_wconf 82' lang='lat' dir='ltr'><strong>passing</strong></span> <span class='ocrx_word' id='word_1_440' title='bbox 685 4510 715 4558; x_wconf 91' lang='lat' dir='ltr'><strong>in</strong></span> <span class='ocrx_word' id='word_1_441' title='bbox 734 4522 799 4570; x_wconf 81' lang='lat'><strong>1510</strong></span> <span class='ocrx_word' id='word_1_442' title='bbox 816 4514 847 4559; x_wconf 94' lang='lat' dir='ltr'><strong>to</strong></span> <span class='ocrx_word' id='word_1_443' title='bbox 897 4507 1469 4624; x_wconf 61' lang='lat' dir='ltr'><strong>plrsaehedtheflrstevangelicalsermon.</strong></span> 
     </span>
     <span class='ocr_line' id='line_1_48' title="bbox 272 4574 1469 4640; baseline 0.002 -18"><span class='ocrx_word' id='word_1_444' title='bbox 272 4574 462 4640; x_wconf 80' lang='lat' dir='ltr'><strong>Wittenberg.</strong></span> <span class='ocrx_word' id='word_1_445' title='bbox 498 4576 532 4625; x_wconf 90' lang='lat' dir='ltr'><strong>In</strong></span> <span class='ocrx_word' id='word_1_446' title='bbox 553 4589 666 4638; x_wconf 80' lang='lat'>1513-15</span> <span class='ocrx_word' id='word_1_447' title='bbox 684 4576 720 4626; x_wconf 89' lang='lat' dir='ltr'><strong>he</strong></span> <span class='ocrx_word' id='word_1_448' title='bbox 739 4591 797 4624; x_wconf 87' lang='lat' dir='ltr'><strong>was</strong></span> <span class='ocrx_word' id='word_1_449' title='bbox 816 4576 847 4625; x_wconf 91' lang='lat' dir='ltr'><strong>in</strong></span> <span class='ocrx_word' id='word_1_450' title='bbox 926 4590 942 4625; x_wconf 91' lang='lat' dir='ltr'><strong>e</strong></span> <span class='ocrx_word' id='word_1_451' title='bbox 969 4575 1073 4640; x_wconf 77' lang='lat' dir='ltr'><strong>figures</strong></span> <span class='ocrx_word' id='word_1_452' title='bbox 1098 4575 1259 4640; x_wconf 77' lang='lat' dir='ltr'><strong>frequently</strong></span> <span class='ocrx_word' id='word_1_453' title='bbox 1284 4576 1313 4624; x_wconf 89' lang='lat' dir='ltr'><strong>in</strong></span> <span class='ocrx_word' id='word_1_454' title='bbox 1338 4575 1469 4625; x_wconf 87' lang='lat' dir='ltr'><strong>Luther’s</strong></span> 
     </span>
     <span class='ocr_line' id='line_1_49' title="bbox 271 4640 1468 4707; baseline 0.001 -16"><span class='ocrx_word' id='word_1_455' title='bbox 271 4641 324 4691; x_wconf 89' lang='lat' dir='ltr'><strong>the</strong></span> <span class='ocrx_word' id='word_1_456' title='bbox 341 4643 446 4691; x_wconf 84' lang='lat' dir='ltr'><strong>service</strong></span> <span class='ocrx_word' id='word_1_457' title='bbox 463 4642 492 4691; x_wconf 85' lang='lat' dir='ltr'><strong>oi</strong></span> <span class='ocrx_word' id='word_1_458' title='bbox 511 4642 589 4693; x_wconf 81' lang='lat' dir='ltr'><strong>John</strong></span> <span class='ocrx_word' id='word_1_459' title='bbox 608 4642 730 4700; x_wconf 68' lang='grc' dir='ltr'><strong>Τὴιιηο,</strong></span> <span class='ocrx_word' id='word_1_460' title='bbox 748 4642 796 4706; x_wconf 91' lang='lat' dir='ltr'><strong>bp.</strong></span> <span class='ocrx_word' id='word_1_461' title='bbox 816 4642 847 4691; x_wconf 85' lang='lat' dir='ltr'><strong>oi</strong></span> <span class='ocrx_word' id='word_1_462' title='bbox 896 4642 1144 4707; x_wconf 79' lang='lat' dir='ltr'><strong>eomespondenee.</strong></span> <span class='ocrx_word' id='word_1_463' title='bbox 1169 4640 1468 4707; x_wconf 82' lang='lat' dir='ltr'><strong>SeeADB.xii.283-4.</strong></span> 
     </span>
     <span class='ocr_line' id='line_1_50' title="bbox 271 4708 1389 4772; baseline 0.001 -15"><span class='ocrx_word' id='word_1_464' title='bbox 271 4708 399 4758; x_wconf 88' lang='lat' dir='ltr'><strong>Breslau.</strong></span> <span class='ocrx_word' id='word_1_465' title='bbox 436 4709 481 4758; x_wconf 90' lang='lat' dir='ltr'><strong>He</strong></span> <span class='ocrx_word' id='word_1_466' title='bbox 509 4709 624 4758; x_wconf 74' lang='lat' dir='ltr'><strong>became</strong></span> <span class='ocrx_word' id='word_1_467' title='bbox 651 4724 669 4758; x_wconf 96' lang='lat' dir='ltr'><strong>a</strong></span> <span class='ocrx_word' id='word_1_468' title='bbox 696 4723 788 4759; x_wconf 86' lang='lat' dir='ltr'><strong>eanon</strong></span> <span class='ocrx_word' id='word_1_469' title='bbox 816 4708 846 4758; x_wconf 83' lang='lat' dir='ltr'><strong>ot</strong></span> <span class='ocrx_word' id='word_1_470' title='bbox 930 4723 970 4772; x_wconf 89' lang='grc'><strong>23.</strong></span> <span class='ocrx_word' id='word_1_471' title='bbox 988 4709 1131 4771; x_wconf 84' lang='lat' dir='ltr'><strong>Solomon]</strong></span> <span class='ocrx_word' id='word_1_472' title='bbox 1143 4708 1283 4759; x_wconf 88' lang='lat' dir='ltr'><strong>Proverbs</strong></span> <span class='ocrx_word' id='word_1_473' title='bbox 1294 4721 1335 4756; x_wconf 88' lang='lat'><strong>22.</strong></span> <span class='ocrx_word' id='word_1_474' title='bbox 1348 4709 1389 4758; x_wconf 90' lang='grc'><strong>28.</strong></span> 
     </span>
     <span class='ocr_line' id='line_1_51' title="bbox 271 4773 1416 4840; baseline 0 -17"><span class='ocrx_word' id='word_1_475' title='bbox 271 4773 371 4824; x_wconf 84' lang='lat' dir='ltr'><strong>Naisso</strong></span> <span class='ocrx_word' id='word_1_476' title='bbox 404 4775 462 4824; x_wconf 88' lang='lat' dir='ltr'><strong>and</strong></span> <span class='ocrx_word' id='word_1_477' title='bbox 495 4776 700 4840; x_wconf 87' lang='lat' dir='ltr'><strong>subsequently</strong></span> <span class='ocrx_word' id='word_1_478' title='bbox 732 4775 763 4825; x_wconf 85' lang='lat' dir='ltr'><strong>oi</strong></span> <span class='ocrx_word' id='word_1_479' title='bbox 796 4775 846 4826; x_wconf 89' lang='lat' dir='ltr'><strong>the</strong></span> <span class='ocrx_word' id='word_1_480' title='bbox 929 4779 971 4826; x_wconf 87' lang='grc'><strong>26.</strong></span> <span class='ocrx_word' id='word_1_481' title='bbox 989 4776 1171 4840; x_wconf 87' lang='lat' dir='ltr'><strong>prophetam]</strong></span> <span class='ocrx_word' id='word_1_482' title='bbox 1182 4775 1325 4825; x_wconf 84' lang='lat' dir='ltr'><strong>Jersmiah</strong></span> <span class='ocrx_word' id='word_1_483' title='bbox 1337 4777 1362 4824; x_wconf 87' lang='lat'><strong>6.</strong></span> <span class='ocrx_word' id='word_1_484' title='bbox 1377 4778 1416 4824; x_wconf 87' lang='lat'><strong>16.</strong></span> 
     </span>
     <span class='ocr_line' id='line_1_52' title="bbox 271 4840 1433 4907; baseline 0.001 -17"><span class='ocrx_word' id='word_1_485' title='bbox 271 4840 464 4892; x_wconf 85' lang='lat' dir='ltr'><strong>Kreuzkirche</strong></span> <span class='ocrx_word' id='word_1_486' title='bbox 480 4843 510 4892; x_wconf 91' lang='lat' dir='ltr'><strong>in</strong></span> <span class='ocrx_word' id='word_1_487' title='bbox 525 4843 651 4893; x_wconf 89' lang='lat' dir='ltr'><strong>Breslau.</strong></span> <span class='ocrx_word' id='word_1_488' title='bbox 686 4843 846 4907; x_wconf 80' lang='lat' dir='ltr'><strong>In1517ha</strong></span> <span class='ocrx_word' id='word_1_489' title='bbox 929 4857 970 4904; x_wconf 87' lang='lat'><strong>29.</strong></span> <span class='ocrx_word' id='word_1_490' title='bbox 989 4843 1195 4903; x_wconf 74' lang='lat' dir='ltr'><strong>annunciabit]</strong></span> <span class='ocrx_word' id='word_1_491' title='bbox 1229 4841 1270 4890; x_wconf 76' lang='lat' dir='ltr'><strong>Cf.</strong></span> <span class='ocrx_word' id='word_1_492' title='bbox 1283 4842 1342 4891; x_wconf 86' lang='lat' dir='ltr'><strong>Jer.</strong></span> <span class='ocrx_word' id='word_1_493' title='bbox 1354 4855 1395 4904; x_wconf 87' lang='lat'><strong>42.</strong></span> <span class='ocrx_word' id='word_1_494' title='bbox 1408 4855 1433 4903; x_wconf 92' lang='grc'><strong>3.</strong></span> 
     </span>
     <span class='ocr_line' id='line_1_53' title="bbox 269 4907 1468 4972; baseline 0.003 -16"><span class='ocrx_word' id='word_1_495' title='bbox 269 4922 330 4956; x_wconf 85' lang='lat' dir='ltr'><strong>was</strong></span> <span class='ocrx_word' id='word_1_496' title='bbox 341 4915 421 4958; x_wconf 88' lang='lat' dir='ltr'><strong>tutor</strong></span> <span class='ocrx_word' id='word_1_497' title='bbox 433 4911 461 4958; x_wconf 88' lang='lat' dir='ltr'><strong>in</strong></span> <span class='ocrx_word' id='word_1_498' title='bbox 474 4909 539 4959; x_wconf 88' lang='lat' dir='ltr'><strong>Oels</strong></span> <span class='ocrx_word' id='word_1_499' title='bbox 555 4915 586 4959; x_wconf 94' lang='lat' dir='ltr'><strong>to</strong></span> <span class='ocrx_word' id='word_1_500' title='bbox 600 4909 740 4968; x_wconf 85' lang='lat' dir='ltr'><strong>Joaehim,</strong></span> <span class='ocrx_word' id='word_1_501' title='bbox 752 4924 804 4960; x_wconf 90' lang='lat' dir='ltr'><strong>son</strong></span> <span class='ocrx_word' id='word_1_502' title='bbox 816 4911 846 4960; x_wconf 83' lang='lat' dir='ltr'><strong>of</strong></span> <span class='ocrx_word' id='word_1_503' title='bbox 929 4923 970 4972; x_wconf 88' lang='grc'><strong>32.</strong></span> <span class='ocrx_word' id='word_1_504' title='bbox 988 4907 1468 4972; x_wconf 80' lang='lat' dir='ltr'><strong>Eaeeh(ielem&gt;]Perhapsanerror</strong></span> 
     </span>
     <span class='ocr_line' id='line_1_54' title="bbox 271 4974 1433 5038; baseline 0.003 -15"><span class='ocrx_word' id='word_1_505' title='bbox 271 4975 354 5024; x_wconf 86' lang='lat' dir='ltr'><strong>Duke</strong></span> <span class='ocrx_word' id='word_1_506' title='bbox 371 4976 493 5026; x_wconf 77' lang='lat' dir='ltr'><strong>charles.</strong></span> <span class='ocrx_word' id='word_1_507' title='bbox 529 4977 565 5025; x_wconf 92' lang='lat' dir='ltr'><strong>In</strong></span> <span class='ocrx_word' id='word_1_508' title='bbox 584 4978 647 5038; x_wconf 80' lang='lat'>1518</span> <span class='ocrx_word' id='word_1_509' title='bbox 665 4977 701 5027; x_wconf 89' lang='lat' dir='ltr'><strong>he</strong></span> <span class='ocrx_word' id='word_1_510' title='bbox 720 4983 797 5027; x_wconf 90' lang='lat' dir='ltr'><strong>went</strong></span> <span class='ocrx_word' id='word_1_511' title='bbox 814 4983 846 5026; x_wconf 90' lang='lat' dir='ltr'><strong>to</strong></span> <span class='ocrx_word' id='word_1_512' title='bbox 895 4974 1115 5033; x_wconf 84' lang='lat' dir='ltr'><strong>lorIeremiam;</strong></span> <span class='ocrx_word' id='word_1_513' title='bbox 1133 4975 1170 5026; x_wconf 84' lang='lat' dir='ltr'><strong>cf.</strong></span> <span class='ocrx_word' id='word_1_514' title='bbox 1182 4974 1324 5025; x_wconf 86' lang='lat' dir='ltr'><strong>Jeremiah</strong></span> <span class='ocrx_word' id='word_1_515' title='bbox 1337 4989 1378 5038; x_wconf 90' lang='grc'><strong>32.</strong></span> <span class='ocrx_word' id='word_1_516' title='bbox 1391 4989 1433 5038; x_wconf 83' lang='grc'><strong>39.</strong></span> 
     </span>
     <span class='ocr_line' id='line_1_55' title="bbox 270 5041 1332 5109; baseline 0.002 -19"><span class='ocrx_word' id='word_1_517' title='bbox 270 5041 359 5107; x_wconf 89' lang='lat' dir='ltr'><strong>study</strong></span> <span class='ocrx_word' id='word_1_518' title='bbox 379 5043 408 5091; x_wconf 90' lang='lat' dir='ltr'><strong>in</strong></span> <span class='ocrx_word' id='word_1_519' title='bbox 429 5043 514 5109; x_wconf 85' lang='lat' dir='ltr'><strong>Italy,</strong></span> <span class='ocrx_word' id='word_1_520' title='bbox 535 5044 628 5093; x_wconf 85' lang='lat' dir='ltr'><strong>where</strong></span> <span class='ocrx_word' id='word_1_521' title='bbox 649 5044 686 5094; x_wconf 89' lang='lat' dir='ltr'><strong>he</strong></span> <span class='ocrx_word' id='word_1_522' title='bbox 709 5044 778 5094; x_wconf 82' lang='lat' dir='ltr'><strong>took</strong></span> <span class='ocrx_word' id='word_1_523' title='bbox 800 5043 844 5092; x_wconf 91' lang='lat' dir='ltr'><strong>his</strong></span> <span class='ocrx_word' id='word_1_524' title='bbox 928 5057 970 5107; x_wconf 80' lang='grc'><strong>34.</strong></span> <span class='ocrx_word' id='word_1_525' title='bbox 988 5042 1160 5105; x_wconf 84' lang='lat' dir='ltr'><strong>Gamalielis]</strong></span> <span class='ocrx_word' id='word_1_526' title='bbox 1172 5043 1242 5092; x_wconf 81' lang='lat' dir='ltr'><strong>Acts</strong></span> <span class='ocrx_word' id='word_1_527' title='bbox 1253 5054 1277 5103; x_wconf 80' lang='lat'><strong>5.</strong></span> <span class='ocrx_word' id='word_1_528' title='bbox 1290 5042 1332 5104; x_wconf 86' lang='lat'><strong>38.</strong></span> 
     </span>
    </p>
   </div>
   <div class='ocr_carea' id='block_1_6' title="bbox 0 0 2026 5900">
    <p class='ocr_par' dir='ltr' id='par_1_14' title="bbox 0 0 2026 5900">
     <span class='ocr_line' id='line_1_56' title="bbox 0 0 2026 5900; baseline 0 9"><span class='ocrx_word' id='word_1_529' title='bbox 0 0 2026 5900; x_wconf 95' lang='lat' dir='ltr'><strong> </strong></span> 
     </span>
    </p>
   </div>
  </div>
 </body>
</html>
