4042 5900
519 668 578 729 irc
842 665 1342 731 nemansensninins
1619 671 1716 748 [1531

518 838 611 919 σοφοὶ
625 839 765 918 τύραννοι
778 844 840 901 τῶν
848 838 953 919 σοφῶν
966 838 1121 919 συνουσίᾳ,
1133 845 1265 903 constat
1278 860 1347 902 esse
1361 838 1539 920 Sophoclis,
1550 846 1586 903 et
1600 845 1717 904 tamen

520 924 643 985 citatur
656 943 677 984 a
691 924 829 985 Platone
843 944 884 986 ex
903 924 1068 1004 Euripide.
1113 924 1249 997 Rursus,
1267 924 1320 986 hie
1338 943 1451 985 versus
1466 922 1568 1003 γέρων
1583 923 1717 1004 γέροντα

458 1022 507 1072 180
518 1005 751 1085 παιδαγωγήσω
764 1006 795 1067 α’
809 1006 883 1085 ἐγὼ,
895 1027 996 1086 quum
1007 1008 1052 1068 sit
1065 1008 1099 1068 in
1114 1007 1294 1069 Philoctete
1308 1006 1485 1088 Sophoclis,
1500 1014 1614 1070 tamen
1628 1009 1717 1071 idern

519 1090 1075 1253 {fitillthlt‘ltilflllh
1096 1089 1578 1253 ilmilillitlllhtlt
1591 1090 1717 1255 {55:2⁰

519 1256 674 1318 henditur
687 1258 777 1337 apud
790 1257 980 1337 Euripidem
994 1256 1123 1318 duabus
1140 1256 1278 1319 literulis
1296 1259 1480 1319 immutatis
1498 1264 1590 1337 σιγᾶν
1603 1257 1715 1338 λέγειν.

518 1340 764 1419 Nonnunquam
789 1360 848 1401 nec
872 1341 912 1401 de
935 1360 969 1401 re
992 1360 1051 1401 neo
1076 1341 1117 1402 de
1141 1342 1271 1402 nomine
1290 1342 1443 1402 conuenit
1463 1342 1549 1402 inter
1570 1348 1714 1405 autores.

459 1439 505 1500 185
520 1423 619 1485 Velut
640 1424 697 1502 qui
717 1423 820 1485 Fabio
839 1424 925 1484 Max.
948 1423 1170 1503 exprobrauit,
1192 1424 1282 1502 quod
1302 1425 1403 1503 ipsius
1422 1443 1522 1504 opera
1540 1427 1716 1505 recepisset

520 1507 708 1580 Tarentum,
726 1506 769 1567 Μ.
789 1507 933 1585 lumin>
947 1514 999 1568 est
1016 1507 1128 1568 Liuius
1142 1506 1314 1580 Salinator,
1330 1507 1407 1568 Tito
1421 1507 1514 1570 Liuio
1529 1509 1573 1569 M.
1590 1509 1715 1583 Liuius,

520 1589 746 1652 PlutarchoM.
757 1589 885 1662 Lucius,
896 1589 1135 1651 siuethraeci
1143 1590 1269 1652 codices
1278 1591 1411 1664 habent,
1421 1589 1562 1670 Μάρκιος
1571 1590 1714 1658 Λεύκιος.

519 1674 605 1735 Item
614 1673 735 1734 Fabius
745 1677 815 1752 (et)
824 1672 1044 1735 Philostratus
1053 1673 1372 1752 narra<n>tlieonem
1381 1673 1569 1755 Sophistam
1578 1694 1715 1755 corpore

519 1757 688 1836 insignitor
715 1756 813 1818 obeso
841 1757 981 1818 mouisse
1009 1758 1111 1817 risum
1141 1756 1264 1837 populo
1288 1756 1488 1832 Atheniensi,
1515 1758 1714 1821 Plutarchus

459 1867 506 1915 190
519 1839 646 1920 pusillo.
701 1840 847 1901 Valerius
870 1841 957 1902 Max.
983 1846 1019 1900 et
1043 1840 1169 1901 Plinius
1194 1841 1235 1901 do
1259 1840 1471 1904 altercatione
1493 1840 1551 1903 Cn.
1575 1843 1715 1904 Domitii

518 1929 554 1984 et
578 1924 669 1985 Lucii
691 1922 797 1985 Crassi
822 1943 922 2002 quam
946 1923 1116 1985 dissonant
1136 1925 1170 1985 in
1190 1924 1377 1985 narrando?
1419 1924 1482 1986 Illa
1503 1925 1714 2005 frigidissima

518 2012 597 2068 sunt
618 2026 701 2086 quae
722 2008 867 2087 personis
888 2006 1047 2068 fabulosis
1067 2008 1275 2086 affinguntur,
1291 2006 1380 2086 quod
1396 2027 1496 2087 genus
1510 2013 1589 2069 sunt
1603 2008 1713 2071 Philo-

519 2091 616 2151 strati
630 2090 805 2171 sophistae,
820 2110 922 2169 quum
937 2090 1115 2163 Palamedi,
1130 2090 1239 2170 Vlyssi
1253 2111 1291 2152 ao
1305 2090 1464 2152 similibus
1482 2092 1608 2189 affingit
1623 2092 1714 2171 quod

518 2172 617 2235 libet·
647 2193 750 2253 eaque
771 2173 857 2234 fiunt
877 2174 928 2235 bis
945 2174 1063 2253 frigida
1086 2173 1270 2235 tractando.
1310 2172 1456 2272 Quorum
1478 2176 1609 2237 omnino
1629 2175 1714 2237 nihil

457 2283 505 2333 195
518 2258 697 2336 attigimus.
750 2257 904 2318 Proxima
926 2263 1014 2331 sunt,
1034 2276 1117 2335 quae
1137 2258 1237 2319 variis
1259 2259 1402 2337 personis
1424 2259 1689 2320 attribuuntur
1679 2278 1715 2319 in

518 2340 664 2418 dialogis,
679 2359 745 2401 non
758 2340 802 2401 ad
817 2360 885 2401 veri
877 2339 1006 2414 'fidem,
1022 2340 1078 2401 sed
1093 2339 1137 2401 ad
1152 2339 1379 2402 delectandum
1394 2340 1549 2403 confictis.
1603 2342 1713 2404 Minus

518 2423 576 2484 illa
589 2423 708 2503 frigent
722 2442 806 2501 quac
826 2423 980 2485 dicuntur
998 2424 1033 2485 in
1052 2424 1225 2485 comoediis
1245 2430 1305 2485 aut
1324 2425 1508 2503 tragoediis,
1523 2424 1714 2505 habentque

518 2526 670 2586 magnam
691 2508 832 2585 gratiam
853 2508 887 2568 iii
910 2506 982 2568 loco
1003 2506 1161 2580 adhibita,
1177 2508 1311 2568 tametsi
1331 2507 1393 2568 sub
1414 2506 1713 2588 Apophthegmatis

518 2590 771 2671 appellationem
796 2610 862 2651 non
883 2590 1016 2664 cadunt,
1041 2591 1104 2651 nisi
1125 2610 1227 2669 quum
1248 2591 1291 2651 ab
1312 2597 1427 2652 autore
1452 2591 1555 2653 nobili
1576 2591 1620 2653 ad
1642 2610 1713 2653 rem

455 2701 505 2737 200
518 2680 721 2754 praesentem
735 2674 1035 2746 accommodantur,
1045 2675 1227 2752 gratiorasi
1237 2673 1384 2735 nonnihil
1392 2675 1494 2735 etiam
1508 2674 1553 2736 ad
1567 2674 1711 2736 alienum

518 2776 647 2817 sensum
676 2756 943 2834 detorqueantur.
996 2756 1106 2818 Veluti
1134 2776 1235 2836 quum
1268 2757 1461 2819 Aristoteles
1492 2756 1712 2820 calisthenem

517 2839 649 2986 Ligarius
664 2860 739 2901 oum
753 2839 940 2901 Alexandro
954 2860 1054 2919 quam
1069 2841 1236 2920 expediret
1251 2846 1410 2920 agentem,
1425 2841 1600 2903 Homerico
1614 2861 1713 2904 versu

595 2924 698 2999 onuit‚

726 3005 885 3086 ὠκύμορος
900 3006 938 3087 δή
952 3032 1017 3086 μοι,
1031 3006 1132 3080 τέκος,
1147 3004 1262 3080 ἔσσεαι,
1278 3005 1321 3069 οῖ’
1335 3007 1502 3087 ἀγορεύεις.

456 3135 503 3185 205
559 3106 626 3169 Nec
641 3128 681 3168 ex
697 3107 865 3169 Herodoto
880 3108 977 3169 libuit
987 3108 1094 3170 multa
1104 3108 1261 3189 colligere,
1274 3110 1363 3188 quod
1373 3108 1527 3189 pleraque
1538 3109 1714 3171 videantur

517 3211 538 3252 a
552 3192 717 3270 scriptoris
731 3192 859 3271 ingenio
873 3197 1011 3271 reperta.
1055 3191 1209 3253 Eiusdem
1223 3193 1348 3253 farinae
1362 3198 1440 3254 sunt
1461 3212 1545 3272 quae
1562 3192 1714 3255 incidunt

517 3276 551 3335 in
565 3274 767 3335 orationibus
781 3293 863 3352 quas
884 3273 1135 3354 historiographi
1154 3294 1213 3354 pro
1233 3294 1292 3337 suo
1309 3277 1446 3355 quisque
1461 3277 1587 3356 ingenio
1604 3275 1714 3338 solent

517 3363 664 3419 attexere
679 3359 832 3437 personis,
848 3357 923 3418 licet
937 3364 971 3418 et
986 3358 1043 3419 illa
1057 3357 1234 3440 plurimum
1248 3359 1433 3421 conducant
1446 3364 1481 3420 et
1496 3360 1539 3420 ad
1556 3358 1712 3421 iudiciuin

516 3447 551 3502 et
572 3442 616 3502 ad
637 3441 764 3502 dicandi
785 3440 987 3502 facultatem.
1032 3440 1201 3521 Optimum
1221 3441 1519 3522 Apophthegmatis
1539 3461 1639 3521 genus
1659 3448 1713 3504 est

454 3553 504 3590 210
517 3525 605 3603 quod
630 3525 741 3603 paucis
766 3524 873 3585 verbis
895 3544 1023 3585 sensum
1045 3545 1111 3586 non
1133 3524 1299 3606 vulgarem
1320 3525 1480 3605 significat
1501 3526 1713 3606 potiusquam

516 3609 680 3687 exprimit,
704 3608 800 3687 quale
825 3628 920 3668 nemo
945 3608 1041 3669 facile
1062 3609 1166 3688 possit
1188 3608 1298 3671 studio
1319 3608 1447 3688 fingere,
1471 3609 1623 3688 quodque
1645 3628 1713 3688 quo

516 3692 649 3771 propius
677 3711 715 3752 ac
738 3691 862 3752 diutius
887 3692 1114 3771 contemplere,
1138 3690 1199 3752 hoc
1228 3692 1331 3771 magis
1358 3712 1398 3753 ac
1426 3693 1529 3772 magis
1557 3692 1712 3755 delectat.

517 3774 709 3835 Vniuersum
724 3780 836 3835 autem
851 3774 912 3835 hoo
926 3794 1026 3853 genus
1041 3775 1130 3854 quod
1144 3775 1330 3846 Prouerbia,
1345 3777 1534 3848 sententias,
1543 3775 1713 3855 insigniter

517 3858 605 3919 diota
619 3857 773 3935 factaque
794 3856 1031 3937 complectitur,
1047 3859 1418 3920 accommodatissimum
1437 3865 1488 3920 est
1507 3858 1713 3938 Principibus

454 3969 503 4019 215
517 3942 603 4013 viris,
628 3939 746 4018 quibus
772 3940 814 4001 ob
839 3940 1036 4020 reipublicae
1063 3943 1196 4022 negocia
1224 3961 1289 4002 nori
1314 3948 1413 4003 vacat
1440 3961 1593 4021 magnam
1621 3943 1713 4003 vitae

516 4029 644 4103 partem
658 4022 748 4084 libris
764 4023 957 4103 impendere.
1001 4024 1092 4086 Haeo
1107 4032 1218 4087 autem
1236 4032 1275 4086 vt
1294 4044 1369 4086 oum
1389 4025 1562 4106 voluptate
1582 4024 1712 4086 discun-

516 4113 580 4180 tur,
595 4105 755 4185 lacileque
769 4107 915 4167 insidunt
937 4108 1056 4182 animo,
1073 4110 1121 4170 ita
1139 4109 1234 4188 longe
1251 4107 1325 4188 plus
1344 4108 1468 4169 habent
1486 4107 1712 4189 philosophiae

516 4191 549 4251 in
563 4209 688 4251 recessu
704 4209 803 4269 quam
817 4192 923 4270 prima
937 4190 1046 4252 fronte
1060 4211 1137 4273 prae
1157 4212 1190 4253 se
1208 4192 1327 4253 terimt.
1371 4191 1521 4271 Legimus
1540 4190 1712 4253 Caesarem

769 4326 824 4390 184.
844 4325 1098 4391 Nonnunquam..
1112 4341 1191 4388 191.
1208 4326 1425 4377 narrandoodd
1437 4345 1464 4389 γ.

552 4485 607 4549 178
626 4482 836 4549 SophooIisJFr.
848 4497 893 4542 123
911 4498 957 4533 see
966 4482 1021 4548 Ep
1028 4486 1087 4549 657
1174 4485 1232 4534 181.
1250 4482 1380 4544 Bacchis]
1393 4497 1451 4545 193

517 4565 578 4601 ion.
1205 4569 1230 4600 αι
1221 4550 1399 4614 quiddesch.
1406 4551 1454 4600 Fr.
1461 4551 1510 4599 208
1512 4548 1644 4612 ,.Ohceph
1652 4550 1712 4611 576.

554 4630 610 4681 179.
630 4617 759 4679 Platone]
773 4615 901 4681 Thesara,
913 4619 939 4675 6,
952 4632 980 4681 p
996 4617 1360 4680 125.183.duabus
1387 4615 1517 4678 literulis]
1545 4615 1604 4666 Not
1630 4615 1713 4679 quite

582 4681 673 4747 γέρων]
685 4683 770 4748 Soph
782 4684 829 4734 Fr.
842 4687 892 4744 695
904 4684 986 4748 (62)
1137 4689 1236 4742 exact3
1279 4684 1385 4734 Gellius
1413 4684 1491 4767 gives
1519 4682 1570 4732 the
1597 4681 1653 4732 lina
1681 4682 1712 4732 ol

552 4752 609 4801 180.
627 4750 794 4812 Philoctete]
839 4750 953 4801 Gallius’
1000 4749 1087 4801 MSS.
1137 4749 1417 4834 Euripidesasciiivy
1428 4746 1572 4799 δ’ὅσῑουδε
1579 4745 1713 4810 καιλέγιιν

516 4817 611 4881 assign
628 4818 678 4867 the
694 4831 774 4866 verae
792 4823 823 4867 to
844 4817 894 4867 the
914 4815 1039 4880 φιλότιδες
1057 4814 1149 4869 ol‘
1139 4814 1291 4880 ν’ἆσφαλές
1303 4818 1361 4877 (Fr.
1374 4817 1444 4880 413).

516 4884 675 4971 Sophocles,
704 4898 741 4932 an
770 4898 847 4933 error
875 4885 920 4933 lor
946 4882 1086 4948 φθιώτιδες.
1174 4897 1230 4945 190.
1249 4883 1377 4934 Valerius
1390 4882 1514 4944 Maxm]9
1529 4896 1552 4932 1.
1565 4897 1591 4946 4.

515 4949 659 5000 Erasmus'
672 4948 844 5001 Philoctetes
857 4965 946 5001 seems
959 4956 991 5002 to
1003 4952 1087 5002 bean
1204 4950 1323 5012 Plinius]
1337 4963 1377 5014 17.
1392 4965 1415 5000 1.

514 5017 641 5083 unluclry
651 5015 841 5069 emendation.
1171 5031 1230 5068 202.
1248 5017 1408 5079 Homerico]
1419 5017 1457 5067 11
1471 5017 1511 5067 18.
1522 5028 1565 5078 95.
