4042 5900
312 681 406 757 2513]
579 677 702 741 FROM
723 676 979 741 AUGUSTINH
1000 677 1229 742 STEUCHUS
1446 681 1508 741 295

312 839 577 917 contrariumque
592 836 708 898 recidit
724 838 976 917 argumentatio.
1020 837 1107 899 Nam
1121 838 1178 916 qui
1192 837 1317 898 tollunt
1330 836 1508 898 Auerroem

312 920 436 981 tollunt
459 941 560 1000 genus
582 920 753 981 ἀλλόκοτον
778 920 1033 1000 philosophandi
1057 922 1091 981 in
1116 920 1288 1000 disciplina
1311 920 1508 993 Aristotelis,

312 1003 437 1065 tollunt
465 1005 588 1066 multas
616 1003 716 1065 falsas
745 1005 912 1084 opiniones
942 1005 977 1064 in
1008 1023 1091 1083 quas
1122 1003 1176 1064 ille
1206 1003 1312 1065 trahit
1343 1003 1509 1064 nolentem
1522 1026 1572 1075 25⁰

311 1087 533 1149 Aristotelem.
577 1087 629 1149 Sic
644 1086 805 1148 Platonici
819 1086 982 1165 quaedam
996 1093 1152 1165 portenta
1166 1086 1329 1147 deduxere
1342 1106 1384 1147 ex
1399 1086 1508 1148 Plato·

312 1171 363 1230 nis
377 1171 591 1251 philosophia.
635 1169 781 1231 Sublatis
795 1176 907 1231 autem
921 1169 972 1231 his
986 1172 1158 1249 vtriusque
1172 1170 1395 1249 philosophiae
1409 1171 1508 1231 inter-

312 1254 461 1332 pretibus
475 1273 541 1315 non
562 1273 601 1315 ea
621 1254 693 1332 ipsa
711 1252 850 1325 tollitur,
868 1252 926 1313 sed
944 1255 1101 1314 asseritur
1121 1260 1156 1314 et
1176 1253 1371 1315 illustratur.
1415 1251 1509 1326 Quod

313 1338 340 1397 si
354 1336 463 1416 placet
478 1337 539 1398 hoc
556 1336 807 1415 argumentandi
823 1355 934 1414 genus,
949 1336 1030 1415 quid
1049 1335 1202 1416 prohibet
1220 1355 1286 1416 quo
1305 1338 1413 1397 minus
1429 1338 1509 1398 item

313 1421 357 1479 sic
386 1420 541 1499 colligas?
584 1419 805 1498 Hieronymus
832 1418 970 1481 damnat
997 1420 1102 1481 malos
1130 1417 1341 1492 Christianos,
1370 1438 1446 1499 ergo
1475 1427 1510 1480 et
1522 1442 1572 1492 255

312 1501 478 1564 Christum
496 1511 531 1565 et
544 1502 764 1564 Christianam
785 1502 1103 1582 religionem—quia,
1119 1509 1153 1564 te
1170 1502 1285 1576 iudice,
1303 1504 1360 1583 qui
1373 1502 1510 1564 damnet

312 1586 398 1647 male
430 1587 699 1667 philosophantes
729 1587 834 1665 ipsam
865 1585 1004 1647 damnat
1037 1585 1287 1666 philosophiam.
1332 1585 1509 1659 Profiteris,

313 1671 429 1747 inquis,
456 1676 490 1731 te
514 1670 653 1731 scribere
678 1669 835 1730 aduersus
860 1668 1100 1749 philosophiam
1125 1669 1339 1731 Platonicam.
1382 1669 1429 1730 At
1453 1669 1510 1729 vbi

313 1771 333 1812 a
351 1772 403 1813 me
420 1754 546 1815 dictum
563 1758 637 1814 est?
679 1752 843 1832 Expressa
862 1753 1036 1814 verborum
1056 1771 1204 1814 meorum
1225 1759 1276 1814 est
1297 1752 1508 1833 deprauatio:

314 1836 354 1896 de
370 1837 566 1914 quibusdam
582 1836 759 1897 Platonicis
774 1835 903 1896 locutus
917 1855 1000 1908 sum,
1015 1854 1082 1896 non
1097 1836 1244 1898 Platone.
1523 1847 1573 1896 260

354 1918 490 1980 Caetera
513 1939 643 1999 quoque
664 1937 748 1997 quae
768 1938 790 1980 a
811 1925 845 1980 te
865 1920 900 1979 in
922 1919 1005 1980 hano
1027 1921 1225 1980 sententiam
1246 1919 1410 1993 dicuntur,
1433 1920 1511 1998 quia

313 2002 498 2081 longissime
516 2022 537 2063 a
556 2022 590 2063 re
609 2002 741 2074 absunt,
761 2004 1000 2081 praetermitto.
1043 2002 1148 2064 Nemo
1167 2009 1255 2063 certe
1273 2004 1337 2064 erit
1354 2004 1412 2081 qui
1431 2002 1510 2063 baec

314 2106 398 2163 quae
413 2086 580 2165 hucusque
594 2086 858 2146 commemorasti
868 2092 1021 2146 accurate
1031 2086 1235 2165 perpendens
1246 2105 1312 2148 non
1323 2087 1510 2165 aequiorem

313 2170 346 2229 in
361 2176 395 2230 te
409 2176 552 2230 mentem
566 2168 736 2230 desideret.
779 2168 872 2229 Facis
885 2174 1110 2230 accusatorem
1124 2170 1228 2230 totius
1241 2170 1347 2249 gentis
1361 2171 1419 2249 qui
1432 2175 1511 2230 tuus

313 2270 379 2312 non
394 2251 526 2331 quidem
540 2259 712 2313 accusator
726 2253 779 2324 sit,
794 2251 852 2312 sed
866 2253 1039 2332 suspiceris
1053 2258 1092 2313 tu
1109 2259 1340 2314 accusatorem.
1384 2252 1510 2313 Eodem
1523 2264 1573 2322 265

313 2354 427 2413 genere
459 2336 602 2396 criminis
630 2335 711 2396 facis
740 2335 900 2396 bonarum
929 2334 1174 2415 disciplinarum
1202 2342 1424 2397 accusatorem
1453 2338 1511 2414 qui

314 2418 492 2497 disciplinis
515 2419 690 2480 abutentes
712 2418 871 2496 obiurget.
916 2416 1002 2491 Quid
1030 2420 1058 2479 si
1086 2420 1160 2497 quis
1188 2425 1222 2480 te
1250 2426 1510 2499 contemptorem

313 2503 417 2562 totius
442 2502 624 2580 theologiae
649 2501 771 2562 diceret
795 2502 874 2580 quia
898 2501 1149 2580 Theologastros
1174 2503 1341 2563 insectaris
1366 2503 1510 2581 vbiquel

314 2583 400 2658 Quid
423 2587 451 2646 si
473 2592 731 2664 contemptorem
756 2582 959 2645 Christianae
983 2585 1145 2664 religionis
1168 2587 1247 2665 quia
1269 2587 1511 2664 superstitiosos

313 2668 465 2741 cultores,
477 2675 515 2728 vt
525 2670 582 2740 ais,
594 2668 716 2746 vbique
726 2667 914 2729 damnasti?
950 2666 1036 2741 Quid
1047 2670 1074 2728 si
1085 2668 1213 2729 hostem
1223 2670 1369 2730 omnium
1380 2688 1510 2747 genera·
1524 2689 1574 2740 270

315 2753 375 2811 tim
405 2752 650 2812 coenobitarum
679 2752 756 2829 quia
785 2750 944 2829 quosdam
969 2770 1081 2829 segnes
1105 2758 1140 2811 et
1164 2753 1309 2831 impuros
1337 2752 1510 2813 lacerasti?

314 2834 479 2895 Excusare
500 2841 612 2896 autem
635 2840 669 2895 te
690 2834 807 2895 solitus
827 2853 871 2907 es,
891 2833 979 2912 quod
999 2853 1066 2895 non
1085 2834 1188 2895 bonos
1209 2835 1266 2895 sed
1285 2834 1389 2896 malos
1408 2835 1511 2896 soleas

314 2917 515 2998 reprendere.
559 2917 683 2979 Eadem
702 2918 830 2979 ratione
848 2916 1017 2991 debueras,
1035 2919 1062 2979 si
1082 2919 1155 2998 quis
1176 2919 1210 2979 in
1232 2924 1266 2980 te
1287 2917 1409 2980 candor
1428 2923 1510 2992 erat,

314 3003 520 3081 interpretari
545 3009 667 3063 nostra.
711 3001 830 3079 Itaque
854 3003 1035 3062 necessario
1056 3002 1184 3064 iactum
1204 3009 1256 3063 est
1277 3009 1325 3075 vt,
1348 3001 1427 3062 dum
1449 3003 1512 3063 tibi

313 3087 537 3228 pqtrocinaria
553 3085 741 3182 criminibus
755 3084 845 3227 ialstis
861 3084 946 3146 falsa
964 3085 1099 3145 crimina
1114 3086 1261 3229 diluerisk
1299 3085 1381 3147 Dico
1399 3091 1511 3230 qqtem
1524 3106 1574 3158 275

328 3187 398 3229 asa
419 3188 564 3242 crimina,
606 3187 661 3229 ura
682 3187 738 3228 sus
761 3186 811 3229 ica
828 3187 920 3228 uses
939 3187 991 3229 me
1009 3189 1044 3229 re
1068 3187 1231 3230 rensorem
1262 3187 1400 3243 uum;e
1454 3188 1511 3230 aec

314 3253 433 3323 omnia,
444 3253 470 3312 si
481 3252 551 3311 Diis
562 3186 680 3330 placet,
689 3186 998 3312 winthoniam
1008 3187 1166 3330 epistolae
1176 3258 1341 3332 pretextu.
1378 3253 1511 3332 Triplex

313 3342 364 3395 est
380 3341 493 3395 autem
510 3335 694 3395 criminatio
708 3334 798 3413 apud
812 3340 856 3396 te.
901 3333 1136 3414 Reprensorem
1152 3335 1312 3396 bonarum
1327 3336 1510 3416 disciplina·

315 3501 551 3580 Reprensorem
573 3502 677 3561 totius
699 3501 884 3579 prouinciae
905 3502 1073 3580 praedicas
1097 3503 1154 3581 qui
1179 3502 1264 3562 male
1289 3504 1322 3563 in
1344 3503 1512 3582 prouincia
1524 3509 1575 3559 280

314 3585 463 3644 viuentes
475 3590 601 3662 arguat.
646 3583 769 3644 Eadem
781 3584 947 3664 probitate
962 3584 1062 3664 paulo
1072 3591 1148 3664 post
1158 3604 1281 3646 asseres
1291 3604 1511 3664 reprensorem

313 3669 528 3746 interpretum
544 3669 601 3745 qui
615 3668 900 3745 interpretationes
915 3667 1060 3728 diuersas
1077 3670 1162 3730 inter
1179 3688 1212 3729 se
1231 3668 1398 3730 conferat:
1421 3675 1468 3741 vt,
1484 3669 1512 3728 si

314 3752 387 3828 quis
413 3752 581 3829 quippiam
606 3750 792 3811 ostenderet
819 3749 1058 3829 Hieronymum
1087 3751 1252 3812 diuersum
1276 3752 1320 3812 ab
1349 3751 1512 3812 Hebraico

314 3833 530 3905 transtulisse,
541 3853 616 3894 eum
630 3852 851 3912 reprensorem
865 3833 1058 3913 Hieronymi
1069 3835 1208 3907 diceres3
1230 3840 1265 3895 et
1275 3841 1387 3895 tamen
1397 3833 1510 3895 Hiero·

314 3936 433 3994 nymus
448 3916 698 3977 calumniatores
713 3922 812 3977 vocat
822 3918 879 3995 qui
894 3918 1179 3997 interpretationes
1190 3925 1225 3979 et
1235 3918 1425 3979 collationes
1436 3937 1511 3978 suas
1524 3925 1574 3986 285

314 4006 462 4060 veterum
477 4001 692 4079 interpretum
707 4001 945 4079 reprensionem
956 4000 1110 4061 dicerent.
1146 3999 1241 4074 Quod
1252 4001 1293 4062 de
1303 4002 1512 4080 nauigatione

314 4083 403 4154 dicis,
420 4102 588 4160 nunquam
608 4082 697 4156 mihi,
712 4102 816 4162 spero,
834 4085 1001 4162 continget
1020 4083 1132 4144 infelix
1151 4086 1338 4164 nauigatio:
1361 4104 1437 4145 nam
1456 4104 1512 4146 eos

315 4165 465 4244 scopulos
491 4185 550 4244 pro
578 4166 702 4227 viribus
730 4165 910 4240 declinabo,
936 4168 970 4227 in
998 4186 1091 4246 quos,
1117 4168 1230 4229 volens
1254 4168 1369 4229 nolens
1393 4169 1510 4243 nescio,

313 4249 466 4309 nauicula
488 4256 547 4309 tua
567 4249 669 4311 illisit.
713 4248 908 4329 Quanquam
927 4249 1017 4328 quod
1036 4250 1117 4311 diois
1135 4252 1297 4331 optimum
1316 4258 1377 4324 est,
1396 4259 1431 4312 et
1450 4251 1511 4313 bac

314 4334 347 4392 in
362 4339 456 4411 perte
472 4333 574 4393 debeo
590 4333 651 4393 tibi
665 4332 852 4411 plurimum.
896 4333 1127 4395 Tumultuaria
1141 4334 1278 4395 lectione
1295 4334 1403 4395 multa
1419 4354 1510 4413 prae·
1524 4354 1574 4400 290

315 4416 404 4476 dicas
422 4434 474 4476 me
491 4416 672 4477 deuorasse.
716 4415 788 4476 Hoc
807 4434 947 4496 quoque,
965 4436 1161 4496 quocunque
1179 4419 1289 4478 animo
1310 4419 1355 4478 sit
1375 4417 1510 4489 dictum,

314 4498 391 4558 boni
416 4498 558 4559 consulo.
602 4499 689 4561 Nam
714 4518 766 4560 me
790 4498 1016 4560 doctissimum
1040 4500 1216 4579 paulopost
1240 4500 1396 4580 appellas.
1440 4500 1511 4574 Quo

313 4583 424 4642 animo
449 4602 470 4641 a
495 4589 528 4643 te
555 4582 634 4643 haec
663 4583 825 4655 dieantur,
851 4590 890 4644 tu
918 4584 998 4644 sois:
1032 4584 1237 4664 accipiuntur
1265 4597 1377 4645 autem
1405 4603 1511 4661 aequo

314 4667 433 4737 animo,
449 4667 577 4725 etiamsi
592 4685 657 4725 non
671 4684 777 4744 aequo
790 4685 812 4727 a
826 4671 860 4726 te
875 4665 1069 4728 dicerentur.

356 4748 409 4809 Ad
423 4748 480 4808 illa
493 4768 580 4809 nunc
595 4750 690 4809 venio
704 4768 789 4827 quae
802 4749 865 4810 tibi
878 4750 1080 4811 occasionem
1097 4757 1132 4811 et
1148 4751 1294 4810 animum
1311 4751 1355 4811 ad
1371 4748 1509 4811 scriben-
1524 4767 1573 4818 295

415 4871 472 4918 259.
490 4856 523 4919 βι
541 4873 730 4923 expressaque
741 4877 766 4908 a.
874 4860 932 4924 284.
950 4858 1058 4910 diceres
1068 4859 1250 4924 mipaimm:
1267 4859 1373 4911 diceret
1385 4877 1409 4909 a.

316 4945 405 5037 ”354
424 4975 576 5025 versorum
598 4975 736 5037 meorum]
761 4974 812 5025 sae
835 4974 886 5039 ορ.
937 4975 1264 5042 sanonm’oempurnt.

314 5042 393 5092 Ome.
411 5042 429 5091 i.
446 5043 509 5106 872,
523 5042 616 5091 where
630 5041 680 5092 the
692 5047 757 5092 text
766 5041 887 5106 justitias
