4042 5900
338 667 432 747 24⁵8]
590 664 646 728 ro
667 666 864 729 wrmnu
885 666 1014 731 uuna
1036 666 1091 730 or
1112 667 1275 731 oneum
1473 672 1533 732 ras

335 825 513 907 probitatis
526 844 566 887 ac
580 825 750 887 doctrinae
764 826 852 887 viros
866 845 934 887 non
948 826 983 886 in
997 826 1089 888 aliud
1100 845 1210 888 secum
1224 827 1371 890 habebat
1381 847 1482 907 quam
1493 835 1532 891 vt

335 929 394 990 per
407 929 464 971 eos
478 908 568 989 apud
584 908 743 989 populum
761 910 935 971 honestam
951 909 1075 971 famam
1090 917 1320 990 aucuparetur.
1363 911 1427 974 Hic
1444 913 1531 974 enim

334 994 431 1054 fucus
449 998 531 1066 erat,
548 1011 615 1053 non
632 994 767 1054 virtutis
787 992 944 1065 studium,
960 999 995 1054 et
1013 992 1074 1054 hoc
1091 999 1164 1054 erat
1181 993 1275 1055 abuti
1293 996 1532 1058 consuetudine

334 1078 531 1157 sapientum,
547 1095 614 1137 non
636 1076 695 1136 vti.
740 1075 814 1137 Tibi
829 1095 908 1137 vero
924 1077 982 1154 qui
995 1076 1102 1137 mauis
1121 1084 1289 1156 praestare
1304 1078 1428 1139 honum
1443 1080 1529 1159 prin·
1544 1109 1576 1160 25

334 1162 440 1240 cipem
469 1179 569 1239 quam
597 1159 761 1232 simulare,
791 1160 895 1238 magis
922 1159 1047 1220 arridet
1076 1158 1159 1221 illud
1187 1158 1414 1241 Sophocleum,
1439 1162 1532 1240 σοφοὶ

333 1243 474 1321 τύραννοι
487 1248 550 1303 τῶν
569 1242 675 1320 σοφῶν
695 1241 849 1320 συνουσίᾳ.
893 1242 966 1304 Iam
987 1243 1068 1321 quid
1089 1244 1155 1304 ista
1176 1249 1236 1304 tua
1257 1243 1420 1306 modestia
1441 1265 1529 1306 arna-

333 1328 442 1401 bilius,
468 1326 558 1406 quod
582 1326 740 1387 ditionem
764 1331 835 1386 tam
858 1324 962 1386 latam
986 1331 1123 1404 tamque
1148 1326 1353 1406 magnificam
1376 1326 1529 1407 Spartam

333 1410 490 1491 appellas,
523 1410 616 1470 cuius
648 1414 736 1470 recte
769 1409 1053 1470 administrandae
1086 1428 1186 1488 quam
1222 1410 1436 1490 proferendae
1468 1412 1530 1473 tibi

333 1496 491 1556 maiorem
505 1511 618 1554 curam
633 1511 704 1554 esse
717 1492 902 1571 significas?
935 1492 1044 1554 Macte
1058 1494 1154 1554 istius
1169 1494 1271 1555 animi
1284 1500 1365 1567 esto,
1378 1496 1529 1576 princeps
1542 1524 1575 1574 30

333 1576 475 1656 inclyte:
498 1577 591 1637 cuius
606 1577 735 1637 vtinam
754 1583 866 1637 essent
878 1596 992 1637 omnes
1010 1576 1227 1638 monarchae:
1251 1576 1429 1639 leuioribus
1447 1584 1528 1640 tem-

332 1660 520 1741 pestatibus
534 1661 738 1720 iactarentur
753 1680 804 1721 res
819 1659 990 1721 humanae.

374 1744 446 1806 Ista
463 1743 618 1804 nimirum
635 1749 688 1804 est
706 1743 795 1805 bona
812 1742 1038 1823 philosophiae
1057 1762 1143 1824 pars,
1159 1762 1259 1822 quam
1275 1743 1373 1806 Plato
1391 1745 1530 1823 requirit

331 1829 368 1888 in
390 1827 440 1888 his
461 1828 519 1906 qui
540 1826 792 1906 Bempublicam
814 1826 1059 1899 administrant,
1081 1846 1148 1888 non
1174 1833 1213 1887 vt
1238 1826 1417 1907 sophistico
1438 1847 1528 1889 more

331 1911 514 1990 disputent,
534 1909 575 1970 de
592 1911 759 1990 principiis
779 1928 898 1982 rerum,
914 1909 954 1970 de
974 1909 1114 1983 infinito,
1134 1910 1176 1971 de
1190 1916 1347 1990 tempore,
1364 1911 1404 1971 de
1424 1917 1527 1985 motu,
1541 1938 1574 1989 ³5

331 1995 373 2056 de
387 1993 662 2065 exhalationibus,
678 1993 784 2071 deque
798 1993 848 2053 his
863 2011 948 2071 quae
962 1992 1055 2053 humi
1069 1994 1249 2072 gignuntur
1263 1997 1466 2073 (quanquam
1486 2015 1528 2057 ne

331 2078 412 2139 haee
427 2077 559 2155 quidem
574 2078 655 2138 scire
664 2076 854 2137 indecorum
869 2082 921 2136 est
932 2077 1094 2155 principi),
1105 2077 1163 2137 sed
1173 2082 1212 2136 vt
1222 2077 1369 2139 animum
1381 2077 1529 2140 habeant

330 2161 483 2224 omnihus
498 2159 589 2238 vulgi
602 2159 841 2241 cupiditatibus
857 2159 1067 2238 superiorem,
1083 2161 1258 2239 omniaque
1271 2159 1362 2223 iacta
1376 2160 1474 2222 simul
1493 2169 1528 2224 et

330 2244 467 2307 consilia
488 2263 549 2305 sue
570 2243 695 2324 reipub.
716 2242 896 2305 commodis
917 2248 953 2303 et
971 2242 1112 2305 honesto
1130 2244 1322 2305 metiantur.
1363 2244 1454 2307 Haec
1472 2266 1526 2308 ex·

329 2329 491 2409 parientia
501 2346 611 2389 rerum
621 2327 746 2388 discere
764 2345 866 2405 quum
884 2325 1077 2405 perlongum
1093 2333 1153 2400 est,
1165 2333 1238 2387 tum
1255 2327 1402 2390 humano
1418 2331 1528 2409 generi
1540 2357 1574 2407 40

328 2410 1232 2491 calamitosum,quaenonsolumcompendio,sedetiam
1243 2412 1526 2493 tuto‚velephilo·

329 2495 464 2575 sophiae
474 2496 657 2575 praeceptis
671 2494 725 2555 vel
739 2514 758 2555 e
773 2495 960 2574 sapientum
974 2495 1131 2555 conuictu
1148 2495 1382 2573 percipiuntur.
1425 2496 1528 2558 Nullo

329 2578 482 2641 consulto
502 2581 677 2657 quicquam
695 2597 832 2656 magnae
849 2578 895 2638 rei
912 2578 1044 2656 aggredi
1061 2578 1272 2655 tyrannicum
1287 2583 1353 2638 est:
1378 2581 1473 2657 etqui
1488 2585 1527 2640 vt

328 2664 480 2742 princeps
494 2682 535 2723 ex
550 2663 650 2723 variis
665 2662 838 2722 sententiis
853 2660 942 2739 quod
953 2662 1117 2740 optimum
1128 2659 1221 2721 factu
1236 2661 1280 2720 sit
1291 2660 1343 2720 vel
1358 2661 1458 2741 eligat
1473 2663 1525 2723 vel

328 2747 448 2819 eliciat,
466 2765 596 2807 neeesse
612 2751 665 2806 est
681 2751 720 2805 vt
737 2746 806 2825 ipse
823 2743 1045 2806 consultorem
1063 2744 1186 2805 habeat
1202 2743 1237 2804 in
1253 2749 1394 2822 pectore.
1438 2744 1526 2818 Quot
1538 2769 1571 2823 ⁴5

328 2829 424 2891 malis
449 2829 599 2890 videmus
623 2846 816 2890 concussam
839 2826 980 2889 Gelliam
1002 2833 1038 2888 et
1062 2826 1207 2900 Italiam,
1232 2828 1299 2888 imo
1325 2833 1434 2889 totum
1458 2829 1526 2890 iere

329 2914 451 2987 orbem,
467 2912 628 2992 hodieque
642 2912 796 2974 concuti?
812 2930 832 2973 a
847 2910 966 2989 quibus
980 2917 1171 2991 poteramus
1185 2930 1256 2972 esse
1272 2909 1376 2984 liberi,
1391 2912 1419 2973 si
1438 2914 1525 2993 prin-

327 3000 416 3077 cipes
424 2997 559 3076 quidam
569 2997 715 3057 animum
724 3015 800 3056 vere
809 2994 1071 3074 philosophicum
1081 2994 1311 3067 obtinuissent,
1320 2994 1524 3058 maluissent·

328 3101 393 3160 que
404 3082 482 3160 reip.
494 3080 674 3142 commodis
685 3098 784 3158 quam
800 3079 940 3158 priuatis
954 3078 1193 3158 cupiditatibus
1207 3079 1373 3139 inseruire.
1417 3079 1525 3142 Huius

328 3183 406 3226 vero
420 3163 645 3244 philosophiae
655 3162 778 3242 duplex
788 3167 840 3223 est
850 3181 980 3235 munus,
993 3161 1134 3223 alterum
1146 3167 1185 3222 vt
1195 3163 1373 3242 perspiciat
1386 3163 1466 3240 quid
1481 3165 1525 3226 sit
1537 3190 1571 3239 5ο

328 3256 456 3309 rectum
475 3255 510 3309 et
529 3247 619 3318 vtile,
635 3246 777 3307 alterum
792 3251 832 3306 vt
846 3244 888 3306 ab
908 3264 948 3306 eo
962 3245 1052 3324 quod
1066 3246 1152 3306 ratio
1166 3247 1271 3305 suasit
1286 3244 1378 3306 nullo
1392 3247 1525 3326 priuato

327 3332 450 3393 affectu
464 3331 659 3402 abducatur,
676 3329 734 3390 sed
748 3329 782 3388 in
798 3328 880 3389 bene
895 3329 1055 3389 consultis
1070 3334 1262 3390 constanter
1276 3335 1472 3408 perseueret.

370 3414 511 3476 Proinde
526 3433 617 3493 spem
632 3418 780 3473 nostram
794 3412 988 3492 iampridem
1003 3412 1045 3473 de
1058 3418 1093 3472 te
1108 3418 1301 3490 conceptam
1316 3431 1382 3474 non
1401 3413 1522 3475 medio-

326 3500 425 3559 criter
441 3497 624 3569 confirmat,
640 3495 729 3575 quod
749 3496 849 3557 audio
869 3495 932 3556 tihi
951 3502 1122 3575 parentem
1139 3501 1306 3573 utrunque
1325 3515 1404 3568 esec,
1420 3515 1522 3574 quum

327 3582 400 3643 aliis
424 3581 570 3661 principe
593 3580 699 3659 dignis
724 3579 906 3640 virtutibus
932 3578 1129 3659 praeditum,
1156 3585 1228 3639 tum
1253 3579 1314 3639 hac
1339 3580 1522 3659 praecipue,
1535 3605 1568 3655 55

326 3665 416 3745 quod
438 3664 587 3725 iusticiae
610 3663 810 3724 tenacissimi
836 3668 917 3723 sunt
938 3661 1097 3723 aduersus
1123 3681 1178 3723 eos
1201 3681 1341 3740 quorum
1367 3663 1523 3724 immania

325 3750 473 3811 facinora
481 3746 608 3808 nullam
618 3752 785 3807 merentur
794 3745 1068 3817 misericordiam
1086 3746 1121 3805 in
1132 3764 1198 3823 quo
1207 3764 1343 3807 numero
1353 3746 1523 3826 ponendos

325 3832 478 3903 arbitror,
498 3832 554 3909 qui
573 3830 753 3891 latrociniis
772 3829 934 3890 infestant
949 3829 1121 3889 viatorem.
1165 3829 1206 3890 Id
1224 3848 1327 3907 quum
1346 3850 1404 3909 per
1425 3849 1459 3891 se
1479 3831 1523 3891 sit

325 3914 620 3986 sceleratissimum,
649 3912 688 3973 fit
716 3914 816 3974 etiam
843 3912 1041 3982 sceleratius,
1072 3913 1201 3991 quoties
1230 3913 1253 3972 ii
1281 3913 1338 3991 qui
1366 3912 1521 3974 salarium

325 3999 492 4077 accipiunt
506 3999 541 4058 in
555 3996 626 4069 hoo,
642 4002 681 4057 vt
695 3997 858 4075 regionem
874 4001 1017 4075 purgent
1031 3994 1220 4069 latrociniis,
1236 3997 1298 4076 ipsi
1312 3996 1521 4059 latrocinium
1533 4011 1568 4062 so

324 4087 490 4154 exercent,
513 4100 580 4143 non
594 4082 663 4142 sine
678 4099 798 4158 magno
813 4080 969 4160 principis
984 4079 1151 4140 dedecore.

367 4164 430 4226 Sed
444 4165 567 4236 desino,
583 4184 625 4225 ne
640 4170 674 4225 te
689 4162 865 4243 defatigem
885 4163 1077 4242 priusquam
1096 4161 1140 4222 ad
1154 4161 1339 4234 voluminis,
1355 4162 1445 4240 quod
1460 4164 1521 4225 tihi

324 4249 471 4310 dicatum
485 4250 593 4320 mitto,
609 4248 783 4308 lectionem
797 4246 942 4308 accedas.
978 4246 1141 4307 Dominus
1154 4251 1189 4306 te
1203 4264 1277 4305 eum
1291 4244 1521 4308 illustrissimis

324 4332 517 4412 perentibus
532 4337 641 4392 seruet
655 4329 862 4391 incolumem.

366 4415 490 4477 Datum
505 4414 656 4493 Friburgi
670 4413 836 4493 Brisgoiae
850 4432 939 4474 anno
953 4432 974 4474 a
987 4412 1118 4474 Christo
1133 4416 1214 4473 nato
1228 4428 1399 4473 anunm.
1531 4429 1565 4491 65

558 4538 600 4588 42.
618 4522 703 4574 Nullo
714 4523 752 4573 J:
770 4522 889 4573 Nomine
900 4522 939 4573 K.
1039 4523 1080 4584 58.
1098 4522 1236 4572 infestent
1248 4521 1285 4572 N.

356 4663 399 4710 26.
417 4658 614 4724 Sophocleum]
629 4657 715 4723 Soph.
731 4657 777 4707 rr.
794 4670 840 4715 12;
857 4656 894 4706 ci.
945 4654 1078 4706 madvert
1091 4655 1218 4720 severely
1231 4670 1268 4705 on
1282 4655 1332 4706 the
1348 4654 1472 4706 conduct
1488 4653 1518 4705 ol

322 4726 378 4790 Ep.
390 4729 449 4788 657.
463 4739 524 4775 ron.
945 4721 1093 4773 williamh
1111 4723 1207 4773 father
1227 4723 1258 4772 in
1279 4722 1447 4787 permitting
1468 4721 1518 4772 the

356 4793 397 4854 58.
416 4790 580 4853 latrociniis]
591 4791 650 4842 Yet
663 4805 693 4854 13
705 4806 787 4855 ysara
797 4789 896 4841 earlier
945 4804 1047 4854 escape
1058 4789 1088 4839 of
1099 4789 1149 4840 the
1162 4788 1251 4839 Black
1264 4788 1363 4847 Band;
1381 4803 1428 4839 see
1441 4788 1517 4854 Epp.

320 4859 458 4910 Erasmus
477 4859 535 4909 had
555 4858 612 4909 had
634 4857 762 4909 occasion
785 4861 817 4907 to
835 4857 894 4908 ani·
945 4856 1268 4920 829.8-17,832.13-27.
