4042 5900
329 678 425 761 2468]
530 720 534 732 .
691 680 747 744 ro
768 680 966 745 Annsnw
986 681 1165 744 Ancum
1464 680 1525 741 231

329 838 448 899 studiis
457 838 683 900 consuluisset.
720 838 784 901 Sed
798 840 881 901 illud
891 841 1059 920 ingenium
1073 840 1187 901 inuida
1200 839 1273 902 iata
1282 840 1378 901 terris
1391 844 1526 899 tantum

329 922 501 983 ostendere
515 922 702 984 voluerunt.
746 923 879 985 Budeus
893 926 944 984 vir
957 930 1010 985 est
1024 926 1158 985 minime
1172 923 1289 998 malus,
1304 928 1339 984 et
1354 922 1476 1002 siquid
1491 924 1526 983 in

329 1023 428 1084 quem
443 1005 603 1066 stomachi
613 1006 764 1086 concipit,
776 1008 879 1087 magis
888 1008 922 1068 id
930 1007 1012 1068 iacit
1022 1007 1130 1069 alieno
1141 1006 1284 1087 impulsu
1295 1025 1396 1086 quam
1407 1010 1525 1085 suapte
1541 1017 1589 1065 160

330 1094 460 1161 natura,
482 1094 518 1149 et
538 1088 661 1168 alioqui
681 1089 852 1169 placabilis
870 1092 1000 1170 ingenii,
1016 1110 1076 1152 nec
1096 1109 1243 1170 vnquam
1257 1109 1360 1170 vsque
1379 1089 1423 1150 ad
1437 1090 1525 1150 viru·

329 1171 466 1232 lentiam
487 1172 760 1234 excandescentis.
812 1173 906 1235 Inter
928 1174 1017 1235 illius
1039 1174 1196 1254 epistolas
1221 1173 1349 1253 aliquot
1372 1173 1526 1252 comperi,

330 1254 384 1315 vel
404 1254 448 1315 ad
469 1262 513 1328 te,
535 1255 588 1317 vel
609 1256 650 1316 de
673 1262 707 1317 te
727 1258 875 1336 scriptas,
897 1260 932 1318 in
953 1258 1073 1337 quihus
1094 1258 1175 1319 satis
1196 1258 1353 1331 declarat,
1371 1262 1407 1317 et
1425 1273 1526 1335 quam

329 1338 496 1417 praeclare
517 1338 559 1399 de
582 1345 642 1401 tua
663 1340 814 1401 doctrina
835 1343 968 1413 sentiat,
991 1347 1026 1402 et
1046 1360 1147 1421 quam
1165 1360 1208 1402 ex
1222 1341 1332 1402 animo
1346 1338 1527 1401 commodis

331 1422 399 1482 tuis
411 1421 534 1483 faueat.
578 1423 644 1484 Eas
658 1442 717 1503 ego
732 1442 799 1484 non
813 1425 882 1485 sine
897 1443 1018 1503 magna
1031 1426 1133 1486 animi
1146 1426 1210 1485 mei
1224 1424 1398 1503 voluptate
1412 1422 1484 1501 legi.
1541 1433 1589 1491 163

372 1503 467 1578 Quod
490 1504 692 1584 Sucquetum
714 1513 874 1580 nostrum,
895 1514 973 1569 tuae
993 1507 1160 1569 Mineruae
1174 1508 1354 1580 alumnum,
1370 1505 1527 1586 singulari

331 1588 442 1649 studio
464 1593 537 1650 tum
557 1608 655 1651 ornes
676 1597 749 1651 tum
771 1590 934 1670 prouehis,
957 1590 1019 1651 tibi
1039 1593 1179 1671 gratiam
1200 1590 1307 1651 habeo
1328 1590 1525 1652 maximam:

331 1691 390 1733 nec
405 1672 491 1732 enim
506 1673 596 1752 piget
609 1672 708 1734 fateri
722 1692 774 1735 me
790 1674 854 1736 isto
867 1674 998 1736 nomine
1013 1674 1075 1735 tibi
1093 1675 1221 1736 iactum
1235 1674 1342 1735 multo
1356 1672 1526 1752 obligatio·

331 1773 410 1828 rem,
432 1774 534 1833 quum
558 1763 636 1817 ante
655 1756 773 1818 fuerim
788 1757 967 1818 obstrictus
981 1758 1139 1837 plurimis.
1183 1756 1279 1831 Quod
1293 1763 1406 1819 autem
1425 1757 1527 1816 istum

330 1838 479 1899 fauorem
500 1847 637 1918 prestas,
660 1847 699 1900 vt
718 1841 840 1914 scribis,
856 1842 1065 1920 promerenti,
1084 1841 1132 1901 illi
1147 1841 1197 1902 bis
1211 1840 1368 1920 gratulor,
1384 1841 1527 1920 primum
1542 1859 1591 1909 170

331 1928 371 1982 vt
395 1920 490 1994 felici,
514 1924 567 1983 cui
592 1924 765 2001 contigerit
787 1925 875 1985 tanti
899 1925 961 1984 viri
982 1924 1158 1985 candidum
1180 1924 1388 2003 suffragium:
1411 1921 1529 1983 deinde

332 2004 440 2078 beato,
455 2006 513 2083 qui
527 2006 686 2067 eiusmodi
695 2007 877 2068 virtutibus
891 2008 935 2068 sit
949 2007 1104 2088 locuples,
1115 2014 1155 2069 vt
1169 2026 1238 2069 sese
1252 2007 1529 2086 perspicacissimo

331 2088 429 2148 simul
445 2095 479 2149 et
493 2091 673 2150 rectissimo
687 2090 807 2151 iudicio
820 2095 880 2151 tuo
894 2090 1035 2170 probare
1049 2090 1201 2153 valuerit.
1231 2090 1280 2152 De
1295 2089 1401 2170 Viglio
1415 2089 1529 2169 scripsi

331 2171 427 2232 Zasio
448 2191 514 2233 non
534 2172 751 2253 indiligenter,
771 2192 876 2253 neque
897 2175 984 2234 enim
1005 2173 1102 2235 aliter
1116 2174 1257 2253 colloqui
1271 2191 1455 2254 possumus,
1469 2191 1529 2251 ego

332 2254 464 2333 ἄφωνος,
493 2255 548 2316 ille
576 2255 747 2335 ἡμίκωφος.
798 2256 889 2318 Nihil
917 2257 1098 2337 respondit,
1127 2259 1226 2336 idque
1250 2263 1381 2337 praeter
1405 2273 1529 2316 morem
1544 2274 1591 2325 175

332 2358 439 2400 suum.
494 2338 693 2420 Impetrauit
722 2342 783 2402 hoc
812 2340 926 2401 Zasius
951 2362 971 2401 a
996 2361 1070 2421 rege
1093 2340 1312 2414 Ferdinando,
1336 2347 1375 2401 vt
1399 2339 1530 2400 etiamsi

332 2424 494 2483 senectuti
514 2442 592 2485 suae
613 2423 709 2485 daret
729 2423 845 2485 rudem
866 2443 887 2486 a
907 2424 1083 2504 profitendi
1104 2443 1246 2498 munere,
1264 2442 1332 2484 non
1353 2424 1397 2483 sit
1418 2427 1530 2482 tamen

331 2504 538 2567 fraudandus
560 2507 659 2568 solito
680 2507 809 2570 salario.
852 2506 915 2569 Sed
932 2507 988 2569 ille
1007 2526 1067 2569 nec
1088 2509 1173 2568 etati
1196 2526 1255 2568 nec
1276 2505 1461 2568 valetudini
1482 2505 1529 2565 in-

332 2588 456 2667 dulget,
480 2590 655 2669 pulchrum
680 2598 719 2652 vt
744 2591 888 2653 arbitror
911 2593 1105 2652 existimans
1126 2590 1295 2653 doctorem
1320 2588 1531 2670 profitentem

333 2674 426 2734 mori.
470 2672 540 2734 Hee
566 2674 734 2736 academia
759 2693 949 2753 quanquam
972 2674 1055 2736 alias
1077 2693 1145 2735 non
1167 2674 1346 2736 admodum
1366 2672 1531 2751 frequens,
1546 2676 1594 2725 180

332 2756 524 2835 pestilentia
538 2756 629 2819 facta
648 2763 700 2818 est
720 2757 968 2836 infrequentior.
1012 2756 1076 2820 Sed
1095 2776 1265 2838 speramus
1279 2763 1431 2837 tempora
1444 2774 1530 2816 com·

333 2839 491 2902 modiora.
535 2839 569 2901 Si
593 2841 674 2919 quid
698 2841 892 2902 humanitus
916 2841 1079 2903 accideret
1101 2841 1205 2915 Zasio‚
1230 2846 1290 2902 aut
1315 2842 1343 2901 si
1368 2840 1532 2901 desineret

332 2922 577 3003 professionem,
601 2923 755 2986 arbitror·
770 2924 977 2987 Bonifacium
999 2924 1265 3000 Amerbachium,
1286 2925 1314 2986 si
1340 2922 1476 2997 ambiat,
1498 2923 1532 2983 in

333 3009 403 3068 eius
418 3009 523 3069 vicem
539 3027 774 3071 successurum.
826 3010 888 3070 Est
904 3010 992 3070 enim
1007 3009 1183 3071 interillos
1198 3009 1383 3072 arctissima
1394 3006 1532 3068 necessi-

333 3090 426 3163 tudo,
441 3098 476 3152 et
490 3091 680 3153 Bonifacius
689 3093 732 3154 ob
747 3111 856 3154 raram
870 3112 998 3154 morum
1013 3093 1215 3174 probitatem
1224 3093 1314 3172 apud
1325 3110 1421 3153 omne
1429 3109 1532 3170 genus
1547 3094 1594 3157 185

334 3173 503 3235 hominum
524 3177 690 3255 gratiosus
717 3181 778 3238 est.
830 3175 967 3238 Accedit
989 3176 1053 3237 hue
1082 3195 1211 3238 summa
1241 3195 1350 3237 rerum
1379 3174 1532 3248 charitas,

334 3276 438 3336 eaque
453 3278 601 3320 crescens
616 3260 731 3333 indies,
740 3278 843 3339 quum
858 3260 1027 3321 decrescat
1041 3279 1197 3321 numerus
1215 3265 1277 3320 τῶν
1290 3265 1377 3320 σῖτον
1391 3257 1532 3319 ἐδόντων.

333 3340 398 3415 Qui
423 3361 532 3403 rerum
554 3349 664 3404 status
689 3350 823 3405 maneat
845 3341 1065 3416 Germaniam,
1087 3345 1206 3417 nescio,
1228 3343 1308 3404 mihi
1329 3347 1418 3403 certe
1437 3340 1532 3402 vehe-

335 3431 464 3485 menter
484 3426 660 3506 displicent
677 3425 833 3506 προοίμια.
877 3425 972 3500 Quod
995 3428 1023 3487 si
1037 3427 1171 3506 Viglius‚
1188 3447 1245 3488 seu
1260 3426 1397 3506 Vigilius
1412 3426 1532 3505 potius,

335 3508 504 3569 theatrum
526 3512 636 3588 querit
657 3511 690 3571 in
711 3529 778 3589 quo
799 3510 947 3572 doctrine
969 3528 1047 3571 suae
1069 3512 1234 3591 specimen
1251 3510 1339 3583 edat,
1355 3528 1422 3570 non
1437 3507 1534 3570 video
1548 3523 1597 3570 190

335 3591 392 3651 vbi
407 3592 441 3653 id
455 3595 561 3672 possit
575 3595 696 3655 rectius
711 3612 811 3673 quam
826 3593 974 3656 Louanii

376 3674 464 3736 Ante
486 3695 591 3738 annos
613 3679 757 3756 quinque
779 3677 997 3757 significaram
1017 3696 1090 3739 eam
1110 3675 1441 3739 declamatiunculam
1455 3674 1533 3736 Vul-

335 3778 419 3819 cano
448 3760 617 3833 traditam,
646 3761 736 3839 quod
765 3767 803 3822 tu
831 3761 880 3822 ita
905 3762 1057 3833 iusseras,
1087 3780 1212 3841 proque
1237 3760 1298 3822 hoc
1324 3760 1429 3823 officio
1454 3757 1535 3819 mihi

334 3844 459 3920 gratias
487 3845 591 3923 egisti,
622 3846 777 3905 nimirum
807 3844 922 3905 iisdem
952 3843 1073 3905 litteris
1095 3844 1215 3922 quibus
1245 3844 1364 3922 Pyrrhi
1393 3849 1533 3905 mortem

335 3925 496 4004 deploras.
541 3927 642 3988 Miror
660 3929 760 3989 istam
782 3926 1037 3988 sollicitudinem
1059 3927 1274 4008 repullulasse
1290 3929 1324 3987 in
1339 3928 1449 3988 animo
1464 3931 1533 3986 tuo.
1549 3944 1596 3993 195

336 4006 400 4070 Sed
423 4011 630 4072 verissimum
659 4031 730 4072 esse
753 4012 850 4073 video
878 4011 968 4091 quod
996 4009 1175 4072 Grecorum
1204 4010 1379 4091 prouerbio
1403 4010 1534 4082 dieitur,

372 4164 428 4223 163.
447 4163 697 4226 tepondecddd.
740 4161 984 4213 182.accideritJ.
1022 4159 1360 4225 183.siambiatodd.J.
1397 4173 1535 4219 roesam

336 4227 431 4277 onaJ.
536 4244 592 4293 193.
611 4229 767 4281 iusserisJ.
869 4228 1030 4280 hocom.J.
1134 4242 1191 4292 195.
1209 4226 1428 4293 deplorabasli.

372 4449 428 4510 158.
447 4447 520 4508 fata]
532 4447 614 4511 Verg.
628 4448 697 4498 Aen.
709 4450 736 4498 6.
748 4449 807 4510 869.
958 4448 1033 4510 2464.
1048 4459 1091 4495 111.

372 4518 429 4565 162.
447 4530 462 4564 e
484 4514 593 4576 istolas]
622 4514 682 4564 The
710 4529 772 4565 new
800 4513 909 4565 edition
994 4526 1052 4576 194.
1070 4506 1535 4576 PyrrhssJothyrrhusd'Angle·

337 4582 427 4640 BE.⁸;
445 4531 483 4631 el
495 4581 549 4646 Ep.
562 4595 637 4646 2449.
650 4594 712 4645 77n.
959 4580 1057 4628 herme
1067 4578 1134 4629 died
1143 4579 1257 4640 in1521.
1292 4576 1389 4640 InEp.
1402 4575 1475 4637 1278.
1485 4577 1536 4653 6-9

372 4662 429 4711 173·
447 4649 557 4713 scripsi]
569 4648 624 4713 Ep.
637 4650 713 4712 2418.
960 4645 1097 4695 Erasmus
1113 4660 1237 4695 answers
1252 4659 1270 4694 a
1286 4642 1372 4692 letter
1386 4642 1416 4691 oi
1432 4641 1536 4691 Alcratr

372 4716 428 4779 183.
447 4716 625 4765 Bonifacium
637 4714 867 4775 Amcrbachium]
875 4713 910 4764 In
960 4712 1051 4762 abent
1066 4713 1116 4763 the
1130 4707 1388 4762 Dcdamatiuncalo
1400 4709 1430 4757 in
1444 4707 1536 4757 which

337 4783 388 4833 the
404 4783 502 4846 spring
518 4783 549 4832 oi
567 4795 632 4844 15²9
652 4783 750 4833 Zasius
769 4782 827 4832 had
847 4796 910 4846 pro·
961 4779 1012 4829 the
1025 4779 1113 4830 death
1124 4779 1155 4829 oi
1168 4778 1294 4843 Pyrrhus
1306 4775 1363 4826 had
1375 4775 1447 4825 been
1457 4789 1535 4824 men-

338 4848 912 4914 posodtoBoniiacetocometoFrsiburg
961 4845 1068 4896 tioned.
1103 4843 1324 4896 Itiollowsthat
1336 4844 1443 4892 ‘mnes
1453 4841 1535 4931 quin·

337 4931 369 4965 as
380 4916 424 4965 his
435 4915 546 4980 deputy
552 4916 609 4966 and
617 4915 751 4966 eventnal
760 4929 911 4966 successor.
962 4912 1034 4978 que’
1046 4912 1071 4962 is
1082 4928 1100 4963 a
1111 4912 1165 4978 slip
1177 4913 1221 4962 ior
1233 4913 1339 4960 'annos
1350 4924 1454 4959 nouem
1472 4945 1479 4958 .

338 4982 389 5033 See
401 4984 465 5033 Am.
477 4982 512 5032 E.
524 4997 567 5046 39,
579 4995 621 5047 54.
799 5023 802 5026 .
997 4982 1055 5040 196.
1073 4978 1236 5045 prouerbio]
1248 4977 1336 5040 Adeo.
1348 4979 1425 5026 2602.

374 5064 430 5109 192.
448 5049 744 5112 declamatiunculam]
774 5049 826 5100 See
855 5048 910 5114 Ep.
