4042 5900
350 668 445 750 2465]
656 666 712 730 ΤΟ
732 666 988 734 AUGUSTINE
1009 666 1239 731 STEUOHUS
1479 669 1543 730 213

391 827 485 889 Nolis
499 828 614 907 opinor
627 827 710 889 alios
724 827 822 888 simili
836 827 977 889 candore
988 827 1029 888 de
1041 832 1099 889 tuo
1108 833 1239 906 pectore
1249 827 1402 901 iudicare,
1414 828 1543 906 quotics

350 912 386 972 in
407 911 469 972 hcc
492 930 589 990 opere
610 910 652 971 de
674 911 888 972 sanctissimis
907 911 1032 990 pariter
1054 930 1092 971 ac
1114 911 1312 972 doctissimis
1337 911 1416 972 viris
1441 910 1542 972 libere

350 994 535 1067 dissenties,
563 1012 802 1072 nonnunquam
835 995 936 1054 etiem
969 996 1115 1074 impacto
1150 994 1297 1102 colapho.
1341 992 1404 1055 Sed
1437 995 1543 1073 pergis

350 1077 518 1157 indulgere
527 1043 701 1138 stomacho
716 1077 952 1138 efferuescenti.
993 1075 1102 1150 ‘Quae
1117 1077 1236 1155 igitur’
1252 1078 1362 1155 inquis
1377 1083 1447 1138 ‘est
1461 1077 1542 1138 haec

350 1167 421 1221 tam
443 1160 603 1234 inaudita,
625 1167 695 1221 tam
718 1160 852 1221 insolita
877 1160 1054 1233 barbaries,
1081 1160 1138 1220 vbi
1162 1160 1224 1222 hoc
1249 1160 1418 1221 hominum
1439 1180 1542 1258 genus
1555 1171 1605 1231 265

350 1251 461 1305 ortum
483 1243 724 1322 educatumque
741 1248 815 1305 est?
844 1242 933 1304 Num
955 1243 1045 1323 apud
1061 1241 1274 1317 Christianos,
1288 1263 1333 1305 en
1354 1263 1421 1304 non
1439 1245 1543 1323 magis

350 1327 440 1425 apud
455 1327 628 1405 Hyrcanas
643 1327 764 1406 sylues,
779 1333 814 1387 et
829 1326 980 1406 scopulos
1000 1324 1206 1388 Caucaseos?
1236 1326 1311 1388 Vtri
1331 1327 1542 1401 efferatiores,

350 1412 413 1490 ipsi
427 1431 470 1471 an
485 1409 648 1483 Tibareni,
664 1430 701 1471 ec
717 1410 872 1471 Derbices
886 1410 945 1489 qui
958 1414 1070 1490 patres
1084 1410 1287 1483 mactabant,
1302 1430 1322 1471 c
1336 1410 1543 1489 scopulisque

351 1494 639 1574 praecipitabant?
660 1493 707 1555 At
720 1495 782 1573 ipsi
796 1512 909 1555 omnes
924 1493 1065 1566 ordines,
1076 1512 1208 1554 omnem
1217 1512 1332 1555 sexum
1347 1500 1383 1555 et
1397 1500 1543 1556 aetatem

351 1576 578 1650 defoederant,
614 1576 790 1638 crudeliter
826 1577 1024 1650 lacerarunt,
1060 1577 1293 1638 immanissime
1328 1577 1542 1645 dilaniarunt.
1556 1598 1606 1649 270

351 1660 466 1722 Hccne
480 1665 531 1721 est
545 1679 614 1721 esse
629 1659 861 1733 Christianum,
881 1679 925 1720 an
939 1679 1006 1721 non
1024 1661 1128 1739 magis
1147 1660 1323 1739 plusquam
1346 1660 1487 1722 Turcam
1505 1680 1543 1722 ec

350 1743 606 1805 Sarrsccnumt’
637 1742 732 1804 Hanc
757 1742 932 1822 plusquam
956 1744 1115 1823 tragicam
1137 1744 1312 1805 verborum
1332 1745 1544 1805 atrocitatem

351 1826 459 1903 (debis
478 1828 617 1899 veniam,
633 1828 678 1886 mi
697 1824 890 1905 Augustino,
906 1845 1021 1887 verum
1038 1826 1171 1904 fatenti)
1192 1827 1248 1887 vix
1267 1829 1335 1888 sine
1353 1828 1420 1889 risu
1438 1828 1545 1907 legere

351 1912 456 1989 potui,
480 1911 542 1970 nisi
564 1908 652 1988 quod
681 1908 846 1970 interdum
869 1928 925 1969 sus
949 1908 1061 1969 icabar
1087 1916 1122 1970 te
1145 1929 1248 1989 quum
1273 1910 1353 1971 haec
1378 1911 1544 1983 scriberes,

351 1995 499 2054 animum
514 1994 679 2053 intentum
693 1992 845 2054 habuisse
858 1991 902 2053 ad
938 2010 1078 2053 axonem
1089 1992 1192 2065 illum,
1202 1993 1298 2055 huius
1308 1993 1545 2056 ecclesiasticae
1558 2014 1607 2066 275

350 2077 559 2156 tempestatis
571 2080 731 2137 autorem.
760 2074 847 2136 Nam
861 2075 1067 2137 isinterdum
1076 2075 1206 2137 fortiter
1215 2076 1350 2156 negligit
1357 2082 1546 2139 sanctorum

350 2160 573 2221 autoritatem.
617 2156 680 2219 Sed
702 2158 833 2219 aliunde
859 2163 957 2219 natus
978 2165 1051 2219 erat
1072 2159 1124 2220 hic
1146 2179 1262 2233 sermo,
1284 2179 1400 2240 nempe
1417 2160 1461 2222 ab
1484 2160 1544 2234 his,

351 2242 470 2322 quibus
487 2241 577 2321 quod
594 2242 695 2303 refert
709 2241 913 2321 Augustinus
931 2241 972 2303 de
986 2242 1107 2304 litteris
1121 2249 1264 2322 quatuor
1283 2245 1316 2303 in
1333 2242 1440 2304 Adam
1456 2244 1544 2306 vide-

352 2332 408 2387 tur
422 2324 577 2404 frigidum
592 2331 825 2398 commentum,
839 2331 875 2385 et
891 2324 934 2385 ab
954 2325 1017 2387 hec
1034 2331 1105 2387 tam
1122 2325 1241 2405 frigida
1262 2328 1428 2387 occasione
1449 2326 1545 2388 stilus

352 2416 430 2470 tuus
445 2408 582 2469 incaluit
596 2427 698 2486 vsque
712 2407 756 2470 ad
770 2408 924 2469 Derbices
937 2414 973 2469 ct
987 2408 1174 2481 Tibarencs,
1189 2415 1250 2469 eut
1269 2411 1297 2469 si
1315 2410 1405 2488 quod
1423 2410 1546 2471 animal
1558 2417 1608 2467 280

352 2491 403 2551 his
418 2493 602 2553 immanius.
636 2490 670 2552 Si
683 2490 888 2552 Christianus
902 2497 1036 2552 nonest
1050 2493 1107 2569 qui
1117 2491 1271 2554 dissentit
1284 2512 1305 2553 a
1319 2494 1398 2553 viris
1412 2494 1545 2566 sanctis,

353 2575 475 2635 Paulus
495 2575 648 2635 dissentit
664 2594 685 2635 e
704 2575 812 2647 Petro,
827 2580 862 2635 et
879 2594 900 2634 a
916 2573 1080 2646 Bernaba,
1096 2593 1235 2652 quorum
1255 2574 1352 2636 alteri
1369 2577 1493 2637 restitit
1512 2577 1546 2636 in

352 2658 478 2731 faciem,
492 2658 525 2717 in
536 2657 677 2718 alterum
688 2659 793 2718 iratus
807 2658 872 2719 fuit
885 2656 1195 2736 παροξυσμῷ-ιιιιιιι
1205 2677 1244 2718 66
1255 2658 1358 2719 verbo
1370 2658 1476 2720 Lucas
1494 2665 1547 2719 est

353 2761 440 2803 vsus.
484 2741 648 2802 Dissentit
669 2741 711 2801 ab
733 2740 907 2801 Ambrosio
928 2747 963 2802 et
983 2739 1148 2820 Cypriano
1169 2741 1408 2820 Hieronymus:
1439 2741 1546 2806 eidem

352 2844 426 2885 cum
442 2824 627 2903 Augustino
640 2823 706 2884 fuit
718 2843 785 2884 non
799 2823 918 2903 frigida
932 2824 1092 2885 volitatio.
1136 2824 1181 2885 Et
1195 2826 1268 2902 quis
1282 2831 1333 2885 est
1354 2826 1545 2904 priscorum,
1559 2831 1608 2893 285

352 2927 373 2969 e
387 2926 453 2987 quo
464 2926 530 2969 non
542 2906 656 2969 multis
666 2908 701 2968 in
712 2907 790 2969 locis
801 2906 999 2969 dissentiant
1009 2908 1205 2971 recentiores
1218 2907 1394 2988 Theologil
1427 2907 1546 2976 Nullus

353 2993 453 3071 igitur
467 2992 584 3052 horum
600 2990 785 3052 censebitur
799 2991 916 3070 dignus
930 2990 1108 3053 Christiani
1122 2992 1247 3053 titulo?

395 3073 480 3135 Sunt
509 3076 655 3153 inspersa
683 3073 855 3152 quaedam,
880 3074 1001 3152 quibus
1030 3074 1134 3135 videri
1162 3077 1266 3155 possis
1294 3076 1399 3136 iratus
1424 3075 1547 3136 Moriac

353 3164 494 3230 nostrae,
517 3176 620 3235 quum
640 3176 680 3217 ee
699 3156 828 3217 nullum
847 3156 983 3219 damnet
1007 3158 1165 3231 ordinem,
1187 3158 1245 3219 sed
1269 3158 1439 3219 hominum
1464 3160 1548 3219 vitia

353 3247 466 3313 taxet;
490 3260 548 3301 nec
562 3260 601 3302 ce
616 3241 735 3312 omnia,
747 3240 804 3301 sed
819 3259 858 3302 ee
872 3240 1041 3302 duntaxat
1054 3260 1138 3320 quae
1152 3243 1299 3321 quisque,
1308 3243 1372 3302 nisi
1386 3243 1431 3302 sit
1440 3260 1546 3303 moro·
1560 3261 1610 3308 ²90

353 3325 428 3395 sior,
444 3326 548 3402 possit
567 3342 672 3402 aequo
692 3325 802 3384 animo
821 3325 1000 3384 autetiam
1023 3344 1097 3385 cum
1120 3326 1188 3386 risu
1208 3325 1330 3386 audine.
1374 3324 1547 3391 Interdum

353 3406 434 3467 mihi
451 3406 581 3479 videris,
597 3408 662 3468 ista
682 3407 835 3479 scribens,
850 3426 937 3468 nunc
960 3408 994 3468 in
1015 3408 1113 3480 hunc,
1133 3427 1220 3468 nunc
1242 3410 1277 3468 in
1297 3408 1392 3468 illum
1414 3408 1547 3472 tendere

353 3489 474 3562 oculos,
491 3509 550 3550 nec
570 3508 697 3568 semper
716 3489 759 3550 ad
781 3455 921 3551 euhdem
944 3510 1080 3571 scopum
1099 3456 1236 3570 dirigere
1253 3493 1401 3588 sagittas.
1443 3490 1548 3570 Atqui

353 3573 630 3653 quemadmodum
662 3573 766 3652 magis
793 3578 867 3634 eret
899 3574 1077 3670 ingenuum
1112 3575 1238 3653 aperire
1273 3575 1309 3634 in
1344 3593 1441 3654 quem
1476 3581 1547 3636 tam

353 3658 509 3718 atrociter
523 3653 784 3729 stomachareris,
799 3675 899 3735 quam
914 3658 1040 3718 incerta
1054 3676 1202 3736 vagaque
1221 3658 1405 3737 suspicione
1424 3658 1547 3719 multos
1561 3675 1610 3725 295

353 3742 585 3819 perstringere:
616 3741 666 3800 ite
690 3740 801 3799 senius
826 3746 907 3812 erat,
932 3742 1115 3801 orationem
1137 3740 1200 3801 sibi
1220 3746 1370 3802 constare
1394 3748 1548 3820 certoque

354 3824 466 3884 ordine
483 3823 592 3896 fluere,
607 3842 676 3884 non
693 3829 814 3883 temere
831 3822 918 3884 ferri.
962 3822 1102 3885 Subiicis
1119 3823 1246 3884 haecz‘
1257 3823 1314 3884 Vsi
1329 3830 1416 3896 sunt,
1431 3824 1547 3898 fateor,

353 3908 454 3967 etiam
466 3908 663 3967 sanctissimi
673 3906 736 3966 viri
747 3906 1060 3984 reprehensionibus,
1069 3907 1170 3968 etiam
1179 3907 1331 3986 apostoli,
1342 3913 1377 3968 et
1387 3905 1548 3970 Christus.

354 3989 400 4050 At
412 3997 539 4069 quanta
553 4009 627 4050 cum
643 3989 814 4062 modestia,
824 3996 951 4068 quanta
964 4009 1040 4051 cum
1053 3989 1191 4050 leuitate
1203 3992 1304 4051 etiem
1318 3991 1505 4071 prophanas
1515 3997 1550 4052 et

387 4127 445 4174 262.
464 4125 543 4174 doe:
561 4124 620 4175 aJ.
698 4127 756 4189 263.
774 4123 950 4175 dissentisJ.
1026 4123 1158 4174 etiams:
1176 4123 1248 4174 etJ.
1325 4127 1383 4173 266.
1402 4123 1548 4176 eductum·

353 4206 409 4255 que
416 4190 440 4240 J
442 4229 447 4240 .
525 4194 583 4254 267.
601 4190 679 4256 apud
691 4210 723 4242 a:
741 4191 778 4242 ad
788 4191 812 4241 J
820 4191 927 4254 Decet.
939 4191 971 4241 in
982 4190 1059 4241 Penl.
1138 4204 1197 4254 270.
1215 4189 1404 4241 defaedarunt
1416 4209 1432 4239 a
1440 4189 1548 4253 Duprsb.
1562 4190 1564 4193 ’

353 4258 386 4307 e'n
398 4258 491 4307 Pena:
509 4258 705 4308 deformer-unt
719 4257 750 4310 J.
827 4272 886 4322 279.
903 4256 1238 4322 occesionetamfrigida
1250 4257 1282 4307 J.
1367 4258 1425 4307 281.
1443 4257 1550 4307 sanctia

354 4325 421 4374 viris
432 4324 463 4374 J.
558 4326 615 4375 282.
634 4325 811 4375 dissentita:
829 4324 963 4375 dissensit
973 4323 1004 4374 J.
1092 4325 1150 4386 283.
1168 4325 1283 4374 iritatus
1293 4323 1324 4373 J.
1409 4325 1468 4388 284.
1486 4323 1548 4374 Dia·

354 4392 443 4441 sensit
464 4390 495 4440 J.
597 4393 654 4454 287.
673 4392 774 4441 horum
797 4409 829 4441 a:
847 4407 945 4442 eorum
966 4390 998 4440 J.
1100 4391 1158 4440 288.
1176 4391 1281 4455 quibus
1298 4408 1331 4439 a:
1350 4391 1380 4440 in
1396 4390 1501 4456 quibua
1517 4389 1548 4440 J.

355 4459 412 4516 289.
431 4458 644 4508 hominumaK:
662 4458 801 4508 horumJ.
864 4472 922 4518 ²9⁰·
940 4472 1013 4507 aaa:
1030 4456 1165 4508 tamenJ.
1225 4471 1284 4520 295.
1302 4456 1548 4508 stomacharereJ.

353 4525 497 4707 Ι268.
431 4530 462 4574 et
473 4542 505 4573 a:
524 4525 611 4574 etiam
622 4524 645 4574 J
656 4525 807 4589 11696616
820 4524 896 4576 Perat.
954 4537 1013 4584 299.
1026 4524 1145 4574 lenitate
1157 4524 1245 4574 etiam
1259 4544 1274 4573 α
1289 4524 1396 4588 Deerat.
1408 4525 1440 4574 ia
1452 4524 1548 4575 Pana:

364 4591 514 4641 enitateJ.

388 4759 446 4807 268.
464 4757 595 4807 Tibareni
598 4756 796 4818 ,acDerbices1
809 4756 865 4807 For
878 4756 928 4807 the
978 4762 1034 4821 put
1045 4761 1077 4807 to
1087 4755 1175 4806 death
1186 4760 1251 4806 men
1262 4770 1330 4806 over
1341 4767 1382 4819 70.

355 4826 459 4874 fonncr
474 4839 521 4874 see
537 4825 640 4874 Strabo
656 4837 695 4874 ιι.
713 4837 772 4887 527,
787 4823 842 4874 but
858 4824 893 4874 th
1012 4820 1549 4886 282-3.rest1t1t1nfacrem]Galc.11.

354 4891 393 4941 do
409 4897 461 4941 not
477 4905 553 4940 seem
572 4897 605 4941 tc
626 4891 662 4940 be
683 4889 841 4942 associated
857 4838 928 4940 πίθζ
1011 4890 1069 4952 283.
1088 4889 1251 4952 παροξυσμῷ]
1264 4891 1333 4939 Acts
1347 4903 1386 4952 15.
1398 4902 1440 4950 39.

355 4957 473 5022 cruelty.
514 4957 574 5008 The
597 4957 729 5008 Derbices
752 4957 867 5019 (Strabo
886 4970 926 5007 ιι.
1009 4956 1095 5006 288.·
1087 4971 1215 5021 inspersa
1237 4955 1390 5022 quaedam]
1419 4955 1475 5007 For
1501 4970 1549 5006 ex·

356 4974 927 5089 520,AelienV.H..41)araaaidto
976 5021 1226 5088 amplawlleycq
1446 5071 1448 5076 .
