<?xml version="1.0" encoding="UTF-8"?>
<!DOCTYPE html PUBLIC "-//W3C//DTD XHTML 1.0 Transitional//EN"
    "http://www.w3.org/TR/xhtml1/DTD/xhtml1-transitional.dtd">
<html xmlns="http://www.w3.org/1999/xhtml" xml:lang="en" lang="en">
 <head>
  <title>
</title>
<meta http-equiv="Content-Type" content="text/html;charset=utf-8" />
  <meta name='ocr-system' content='tesseract 3.04.00' />
  <meta name='ocr-capabilities' content='ocr_page ocr_carea ocr_par ocr_line ocrx_word'/>
</head>
<body>
  <div class='ocr_page' id='page_1' title='image "./opusepistolarum02garrgoog_0483.png"; bbox 0 0 4042 5900; ppageno 0'>
   <div class='ocr_carea' id='block_1_1' title="bbox 385 687 1660 4928">
    <p class='ocr_par' dir='ltr' id='par_1_1' title="bbox 385 687 1660 1427">
     <span class='ocr_line' id='line_1_1' title="bbox 386 687 1583 767; baseline -0.001 -19"><span class='ocrx_word' id='word_1_1' title='bbox 386 687 481 767; x_wconf 85' lang='lat'>2615]</span> <span class='ocrx_word' id='word_1_2' title='bbox 776 688 833 751; x_wconf 90' lang='lat' dir='ltr'><strong>TO</strong></span> <span class='ocrx_word' id='word_1_3' title='bbox 854 687 1032 750; x_wconf 86' lang='lat' dir='ltr'><strong>MARTIN</strong></span> <span class='ocrx_word' id='word_1_4' title='bbox 1053 687 1202 751; x_wconf 82' lang='lat' dir='ltr'>BUCER</span> <span class='ocrx_word' id='word_1_5' title='bbox 1522 687 1583 747; x_wconf 82' lang='lat'><strong>447</strong></span> 
     </span>
     <span class='ocr_line' id='line_1_2' title="bbox 1627 786 1652 821; baseline -0.12 0"><span class='ocrx_word' id='word_1_6' title='bbox 1627 786 1639 821; x_wconf 83' lang='lat' dir='ltr'><strong><em>s</em></strong></span> <span class='ocrx_word' id='word_1_7' title='bbox 1646 794 1652 818; x_wconf 67' lang='grc'><strong>,1</strong></span> 
     </span>
     <span class='ocr_line' id='line_1_3' title="bbox 385 820 1660 928; baseline -0.002 -19"><span class='ocrx_word' id='word_1_8' title='bbox 385 863 444 909; x_wconf 90' lang='lat' dir='ltr'><strong>nec</strong></span> <span class='ocrx_word' id='word_1_9' title='bbox 468 847 569 909; x_wconf 88' lang='lat' dir='ltr'><strong>habet</strong></span> <span class='ocrx_word' id='word_1_10' title='bbox 588 867 715 909; x_wconf 90' lang='lat' dir='ltr'><strong>morsus</strong></span> <span class='ocrx_word' id='word_1_11' title='bbox 736 847 904 928; x_wconf 87' lang='lat' dir='ltr'><strong>figuratos,</strong></span> <span class='ocrx_word' id='word_1_12' title='bbox 928 847 985 909; x_wconf 93' lang='lat' dir='ltr'><strong>sed</strong></span> <span class='ocrx_word' id='word_1_13' title='bbox 1006 847 1144 927; x_wconf 80' lang='lat' dir='ltr'><strong>simplex</strong></span> <span class='ocrx_word' id='word_1_14' title='bbox 1165 853 1226 920; x_wconf 87' lang='lat' dir='ltr'><strong>est,</strong></span> <span class='ocrx_word' id='word_1_15' title='bbox 1247 866 1307 908; x_wconf 90' lang='lat' dir='ltr'><strong>nec</strong></span> <span class='ocrx_word' id='word_1_16' title='bbox 1328 845 1393 907; x_wconf 91' lang='lat' dir='ltr'><strong>illic</strong></span> <span class='ocrx_word' id='word_1_17' title='bbox 1415 847 1586 907; x_wconf 86' lang='lat' dir='ltr'><strong>immemor</strong></span> <span class='ocrx_word' id='word_1_18' title='bbox 1615 820 1626 849; x_wconf 43' lang='lat' dir='ltr'><strong>l</strong></span> <span class='ocrx_word' id='word_1_19' title='bbox 1654 829 1660 846; x_wconf 61' lang='lat'><em>&#39;</em></span> 
     </span>
     <span class='ocr_line' id='line_1_4' title="bbox 386 929 1584 1011; baseline -0.001 -20"><span class='ocrx_word' id='word_1_20' title='bbox 386 951 443 992; x_wconf 90' lang='lat' dir='ltr'><strong>sue</strong></span> <span class='ocrx_word' id='word_1_21' title='bbox 458 931 648 1004; x_wconf 79' lang='lat' dir='ltr'><strong>dulcedinis,</strong></span> <span class='ocrx_word' id='word_1_22' title='bbox 663 951 764 1010; x_wconf 92' lang='lat' dir='ltr'><strong>quum</strong></span> <span class='ocrx_word' id='word_1_23' title='bbox 780 932 916 993; x_wconf 77' lang='lat' dir='ltr'><strong>dimicat</strong></span> <span class='ocrx_word' id='word_1_24' title='bbox 929 931 1087 992; x_wconf 90' lang='lat' dir='ltr'><strong>aduersus</strong></span> <span class='ocrx_word' id='word_1_25' title='bbox 1103 931 1263 1011; x_wconf 84' lang='lat' dir='ltr'><strong>professos</strong></span> <span class='ocrx_word' id='word_1_26' title='bbox 1280 929 1399 991; x_wconf 85' lang='lat' dir='ltr'><strong>hostes.</strong></span> <span class='ocrx_word' id='word_1_27' title='bbox 1443 930 1492 991; x_wconf 92' lang='lat' dir='ltr'><strong>De</strong></span> <span class='ocrx_word' id='word_1_28' title='bbox 1510 949 1584 991; x_wconf 90' lang='lat' dir='ltr'><strong>con·</strong></span> 
     </span>
     <span class='ocr_line' id='line_1_5' title="bbox 386 1013 1585 1094; baseline 0 -20"><span class='ocrx_word' id='word_1_29' title='bbox 386 1016 521 1075; x_wconf 88' lang='lat' dir='ltr'><strong>scientia</strong></span> <span class='ocrx_word' id='word_1_30' title='bbox 537 1021 595 1075; x_wconf 90' lang='lat' dir='ltr'><strong>tua</strong></span> <span class='ocrx_word' id='word_1_31' title='bbox 609 1034 667 1094; x_wconf 91' lang='lat' dir='ltr'><strong>per</strong></span> <span class='ocrx_word' id='word_1_32' title='bbox 677 1035 777 1093; x_wconf 92' lang='lat' dir='ltr'><strong>quam</strong></span> <span class='ocrx_word' id='word_1_33' title='bbox 788 1015 923 1087; x_wconf 90' lang='lat' dir='ltr'><strong>deieras,</strong></span> <span class='ocrx_word' id='word_1_34' title='bbox 935 1014 953 1075; x_wconf 82' lang='grc' dir='ltr'>ὁ</span> <span class='ocrx_word' id='word_1_35' title='bbox 961 1014 1212 1093; x_wconf 82' lang='grc' dir='ltr'>καρδιογνώστης</span> <span class='ocrx_word' id='word_1_36' title='bbox 1222 1014 1390 1075; x_wconf 89' lang='lat' dir='ltr'><strong>iudicabit.</strong></span> <span class='ocrx_word' id='word_1_37' title='bbox 1426 1013 1585 1074; x_wconf 75' lang='lat' dir='ltr'><strong>Attamen</strong></span> 
     </span>
     <span class='ocr_line' id='line_1_6' title="bbox 386 1097 1586 1178; baseline 0 -21"><span class='ocrx_word' id='word_1_38' title='bbox 386 1100 443 1176; x_wconf 94' lang='lat' dir='ltr'><strong>qui</strong></span> <span class='ocrx_word' id='word_1_39' title='bbox 461 1104 494 1158; x_wconf 86' lang='lat' dir='ltr'><strong>te</strong></span> <span class='ocrx_word' id='word_1_40' title='bbox 516 1104 638 1158; x_wconf 92' lang='lat' dir='ltr'><strong>norunt</strong></span> <span class='ocrx_word' id='word_1_41' title='bbox 658 1100 814 1171; x_wconf 85' lang='lat' dir='ltr'><strong>cominus,</strong></span> <span class='ocrx_word' id='word_1_42' title='bbox 834 1099 967 1159; x_wconf 92' lang='lat' dir='ltr'><strong>tametsi</strong></span> <span class='ocrx_word' id='word_1_43' title='bbox 984 1097 1180 1178; x_wconf 90' lang='lat' dir='ltr'><strong>profitentur</strong></span> <span class='ocrx_word' id='word_1_44' title='bbox 1198 1098 1311 1158; x_wconf 89' lang='lat' dir='ltr'><strong>eadem</strong></span> <span class='ocrx_word' id='word_1_45' title='bbox 1334 1097 1500 1176; x_wconf 75' lang='lat' dir='ltr'><strong>dogmata,</strong></span> <span class='ocrx_word' id='word_1_46' title='bbox 1519 1116 1586 1157; x_wconf 92' lang='lat' dir='ltr'><strong>non</strong></span> 
     </span>
     <span class='ocr_line' id='line_1_7' title="bbox 386 1180 1633 1261; baseline -0.002 -19"><span class='ocrx_word' id='word_1_47' title='bbox 386 1190 456 1242; x_wconf 87' lang='lat' dir='ltr'><strong>tam</strong></span> <span class='ocrx_word' id='word_1_48' title='bbox 471 1181 639 1259; x_wconf 87' lang='lat' dir='ltr'><strong>magnifice</strong></span> <span class='ocrx_word' id='word_1_49' title='bbox 654 1181 845 1261; x_wconf 90' lang='lat' dir='ltr'><strong>praedicant</strong></span> <span class='ocrx_word' id='word_1_50' title='bbox 855 1182 896 1242; x_wconf 91' lang='lat' dir='ltr'><strong>de</strong></span> <span class='ocrx_word' id='word_1_51' title='bbox 911 1187 970 1242; x_wconf 90' lang='lat' dir='ltr'><strong>tua</strong></span> <span class='ocrx_word' id='word_1_52' title='bbox 984 1182 1183 1260; x_wconf 88' lang='lat' dir='ltr'><strong>synceritate</strong></span> <span class='ocrx_word' id='word_1_53' title='bbox 1192 1200 1292 1259; x_wconf 87' lang='lat' dir='ltr'><strong>quam</strong></span> <span class='ocrx_word' id='word_1_54' title='bbox 1307 1182 1375 1259; x_wconf 90' lang='lat' dir='ltr'><strong>ipse</strong></span> <span class='ocrx_word' id='word_1_55' title='bbox 1389 1180 1584 1241; x_wconf 84' lang='lat' dir='ltr'><strong>testificaris.</strong></span> <span class='ocrx_word' id='word_1_56' title='bbox 1599 1199 1633 1250; x_wconf 79' lang='lat'><strong>50</strong></span> 
     </span>
     <span class='ocr_line' id='line_1_8' title="bbox 387 1263 1585 1345; baseline -0.002 -20"><span class='ocrx_word' id='word_1_57' title='bbox 387 1265 507 1325; x_wconf 78' lang='lat' dir='ltr'><strong>Pectus</strong></span> <span class='ocrx_word' id='word_1_58' title='bbox 523 1265 662 1325; x_wconf 91' lang='lat' dir='ltr'><strong>hominis</strong></span> <span class='ocrx_word' id='word_1_59' title='bbox 676 1265 767 1325; x_wconf 93' lang='lat' dir='ltr'><strong>nulla</strong></span> <span class='ocrx_word' id='word_1_60' title='bbox 780 1285 821 1326; x_wconf 85' lang='lat' dir='ltr'><strong>ex</strong></span> <span class='ocrx_word' id='word_1_61' title='bbox 833 1284 867 1325; x_wconf 90' lang='lat' dir='ltr'><strong>re</strong></span> <span class='ocrx_word' id='word_1_62' title='bbox 878 1266 981 1343; x_wconf 90' lang='lat' dir='ltr'><strong>magis</strong></span> <span class='ocrx_word' id='word_1_63' title='bbox 993 1264 1247 1345; x_wconf 85' lang='lat' dir='ltr'><strong>deprehenditur</strong></span> <span class='ocrx_word' id='word_1_64' title='bbox 1258 1282 1357 1342; x_wconf 89' lang='lat' dir='ltr'><strong>quam</strong></span> <span class='ocrx_word' id='word_1_65' title='bbox 1368 1283 1409 1324; x_wconf 84' lang='lat' dir='ltr'><strong>ex</strong></span> <span class='ocrx_word' id='word_1_66' title='bbox 1420 1263 1507 1325; x_wconf 90' lang='lat' dir='ltr'><strong>stilo.</strong></span> <span class='ocrx_word' id='word_1_67' title='bbox 1544 1263 1585 1324; x_wconf 90' lang='lat' dir='ltr'><strong>In</strong></span> 
     </span>
     <span class='ocr_line' id='line_1_9' title="bbox 386 1347 1290 1427; baseline 0.001 -19"><span class='ocrx_word' id='word_1_68' title='bbox 386 1348 447 1408; x_wconf 91' lang='lat' dir='ltr'><strong>hoc</strong></span> <span class='ocrx_word' id='word_1_69' title='bbox 463 1354 550 1408; x_wconf 85' lang='lat' dir='ltr'><strong>certe</strong></span> <span class='ocrx_word' id='word_1_70' title='bbox 565 1348 696 1427; x_wconf 90' lang='lat' dir='ltr'><strong>speculo</strong></span> <span class='ocrx_word' id='word_1_71' title='bbox 711 1354 744 1408; x_wconf 86' lang='lat' dir='ltr'><strong>te</strong></span> <span class='ocrx_word' id='word_1_72' title='bbox 759 1355 926 1427; x_wconf 86' lang='lat' dir='ltr'><strong>vtcunque</strong></span> <span class='ocrx_word' id='word_1_73' title='bbox 940 1348 1060 1409; x_wconf 85' lang='lat' dir='ltr'><strong>vidisse</strong></span> <span class='ocrx_word' id='word_1_74' title='bbox 1075 1348 1154 1408; x_wconf 93' lang='lat' dir='ltr'><strong>mihi</strong></span> <span class='ocrx_word' id='word_1_75' title='bbox 1169 1347 1290 1409; x_wconf 86' lang='lat' dir='ltr'><strong>videor.</strong></span> 
     </span>
    </p>

    <p class='ocr_par' dir='ltr' id='par_1_2' title="bbox 386 1430 1631 1844">
     <span class='ocr_line' id='line_1_10' title="bbox 427 1430 1584 1511; baseline 0 -20"><span class='ocrx_word' id='word_1_76' title='bbox 427 1431 479 1491; x_wconf 86' lang='lat' dir='ltr'><strong>An</strong></span> <span class='ocrx_word' id='word_1_77' title='bbox 489 1432 661 1492; x_wconf 90' lang='lat' dir='ltr'><strong>destinaris</strong></span> <span class='ocrx_word' id='word_1_78' title='bbox 673 1433 707 1491; x_wconf 93' lang='lat' dir='ltr'><strong>in</strong></span> <span class='ocrx_word' id='word_1_79' title='bbox 718 1452 770 1492; x_wconf 92' lang='lat' dir='ltr'><strong>me</strong></span> <span class='ocrx_word' id='word_1_80' title='bbox 781 1433 945 1492; x_wconf 89' lang='lat' dir='ltr'><strong>concitare</strong></span> <span class='ocrx_word' id='word_1_81' title='bbox 955 1432 1126 1511; x_wconf 83' lang='lat' dir='ltr'><strong>principes,</strong></span> <span class='ocrx_word' id='word_1_82' title='bbox 1138 1430 1239 1491; x_wconf 93' lang='lat' dir='ltr'><strong>nolim</strong></span> <span class='ocrx_word' id='word_1_83' title='bbox 1250 1431 1481 1510; x_wconf 80' lang='lat' dir='ltr'><strong>pronunciare:</strong></span> <span class='ocrx_word' id='word_1_84' title='bbox 1497 1436 1584 1491; x_wconf 89' lang='lat' dir='ltr'><strong>certe</strong></span> 
     </span>
     <span class='ocr_line' id='line_1_11' title="bbox 386 1512 1585 1594; baseline -0.001 -20"><span class='ocrx_word' id='word_1_85' title='bbox 386 1515 420 1574; x_wconf 92' lang='lat' dir='ltr'><strong>in</strong></span> <span class='ocrx_word' id='word_1_86' title='bbox 436 1522 494 1575; x_wconf 90' lang='lat' dir='ltr'><strong>tua</strong></span> <span class='ocrx_word' id='word_1_87' title='bbox 508 1515 658 1594; x_wconf 83' lang='lat' dir='ltr'><strong>apologia</strong></span> <span class='ocrx_word' id='word_1_88' title='bbox 674 1515 797 1576; x_wconf 83' lang='lat' dir='ltr'><strong>multas</strong></span> <span class='ocrx_word' id='word_1_89' title='bbox 812 1535 908 1577; x_wconf 89' lang='lat' dir='ltr'><strong>voces</strong></span> <span class='ocrx_word' id='word_1_90' title='bbox 921 1522 1018 1576; x_wconf 92' lang='lat' dir='ltr'><strong>erant</strong></span> <span class='ocrx_word' id='word_1_91' title='bbox 1032 1534 1116 1593; x_wconf 83' lang='lat' dir='ltr'><strong>quae</strong></span> <span class='ocrx_word' id='word_1_92' title='bbox 1130 1534 1169 1575; x_wconf 93' lang='lat' dir='ltr'><strong>co</strong></span> <span class='ocrx_word' id='word_1_93' title='bbox 1180 1513 1371 1575; x_wconf 89' lang='lat' dir='ltr'><strong>tendebant.</strong></span> <span class='ocrx_word' id='word_1_94' title='bbox 1408 1512 1515 1586; x_wconf 84' lang='lat' dir='ltr'><strong>Quum</strong></span> <span class='ocrx_word' id='word_1_95' title='bbox 1526 1533 1585 1594; x_wconf 91' lang='lat' dir='ltr'><strong>ego</strong></span> 
     </span>
     <span class='ocr_line' id='line_1_12' title="bbox 386 1596 1631 1678; baseline -0.001 -20"><span class='ocrx_word' id='word_1_96' title='bbox 386 1599 584 1677; x_wconf 86' lang='lat' dir='ltr'><strong>scripsissem</strong></span> <span class='ocrx_word' id='word_1_97' title='bbox 600 1598 779 1659; x_wconf 84' lang='lat' dir='ltr'><strong>leuissimos</strong></span> <span class='ocrx_word' id='word_1_98' title='bbox 794 1618 940 1678; x_wconf 92' lang='lat' dir='ltr'><strong>quosque</strong></span> <span class='ocrx_word' id='word_1_99' title='bbox 955 1598 998 1658; x_wconf 88' lang='lat' dir='ltr'><strong>ad</strong></span> <span class='ocrx_word' id='word_1_100' title='bbox 1012 1600 1093 1659; x_wconf 88' lang='lat' dir='ltr'><strong>istas</strong></span> <span class='ocrx_word' id='word_1_101' title='bbox 1108 1605 1214 1658; x_wconf 88' lang='lat' dir='ltr'><strong>sectas</strong></span> <span class='ocrx_word' id='word_1_102' title='bbox 1228 1597 1369 1670; x_wconf 88' lang='lat' dir='ltr'><strong>affluere,</strong></span> <span class='ocrx_word' id='word_1_103' title='bbox 1384 1596 1425 1657; x_wconf 92' lang='lat' dir='ltr'><strong>de</strong></span> <span class='ocrx_word' id='word_1_104' title='bbox 1439 1597 1585 1676; x_wconf 86' lang='lat' dir='ltr'><strong>profugis</strong></span> <span class='ocrx_word' id='word_1_105' title='bbox 1600 1616 1631 1667; x_wconf 81' lang='lat'><strong>55</strong></span> 
     </span>
     <span class='ocr_line' id='line_1_13' title="bbox 386 1678 1585 1760; baseline -0.001 -19"><span class='ocrx_word' id='word_1_106' title='bbox 386 1701 425 1741; x_wconf 91' lang='lat' dir='ltr'><strong>ac</strong></span> <span class='ocrx_word' id='word_1_107' title='bbox 448 1681 585 1741; x_wconf 90' lang='lat' dir='ltr'><strong>sordidis</strong></span> <span class='ocrx_word' id='word_1_108' title='bbox 611 1683 763 1754; x_wconf 84' lang='lat' dir='ltr'><strong>sentiens,</strong></span> <span class='ocrx_word' id='word_1_109' title='bbox 789 1688 848 1742; x_wconf 89' lang='lat' dir='ltr'><strong>tua</strong></span> <span class='ocrx_word' id='word_1_110' title='bbox 872 1681 1023 1760; x_wconf 84' lang='lat' dir='ltr'><strong>apologia</strong></span> <span class='ocrx_word' id='word_1_111' title='bbox 1048 1680 1128 1742; x_wconf 88' lang='lat' dir='ltr'><strong>mihi</strong></span> <span class='ocrx_word' id='word_1_112' title='bbox 1151 1686 1296 1741; x_wconf 86' lang='lat' dir='ltr'><strong>recenset</strong></span> <span class='ocrx_word' id='word_1_113' title='bbox 1320 1686 1372 1741; x_wconf 93' lang='lat' dir='ltr'><strong>tot</strong></span> <span class='ocrx_word' id='word_1_114' title='bbox 1394 1678 1585 1741; x_wconf 78' lang='lat' dir='ltr'><strong>Germanias</strong></span> 
     </span>
     <span class='ocr_line' id='line_1_14' title="bbox 386 1766 960 1844; baseline 0.003 -20"><span class='ocrx_word' id='word_1_115' title='bbox 386 1766 557 1844; x_wconf 89' lang='lat' dir='ltr'><strong>principes,</strong></span> <span class='ocrx_word' id='word_1_116' title='bbox 573 1770 626 1825; x_wconf 94' lang='lat' dir='ltr'><strong>tot</strong></span> <span class='ocrx_word' id='word_1_117' title='bbox 640 1766 784 1844; x_wconf 85' lang='lat' dir='ltr'><strong>egregias</strong></span> <span class='ocrx_word' id='word_1_118' title='bbox 798 1767 960 1826; x_wconf 86' lang='lat' dir='ltr'><strong>ciuitates.</strong></span> 
     </span>
    </p>

    <p class='ocr_par' dir='ltr' id='par_1_3' title="bbox 385 1846 1634 4012">
     <span class='ocr_line' id='line_1_15' title="bbox 429 1846 1585 1927; baseline 0 -20"><span class='ocrx_word' id='word_1_119' title='bbox 429 1848 515 1908; x_wconf 91' lang='lat' dir='ltr'><strong>Illud</strong></span> <span class='ocrx_word' id='word_1_120' title='bbox 538 1855 767 1926; x_wconf 88' lang='lat' dir='ltr'><strong>argumentum</strong></span> <span class='ocrx_word' id='word_1_121' title='bbox 789 1848 878 1927; x_wconf 89' lang='lat' dir='ltr'><strong>quod</strong></span> <span class='ocrx_word' id='word_1_122' title='bbox 899 1848 1018 1921; x_wconf 89' lang='lat' dir='ltr'><strong>adfers,</strong></span> <span class='ocrx_word' id='word_1_123' title='bbox 1038 1849 1200 1927; x_wconf 91' lang='lat' dir='ltr'><strong>principes</strong></span> <span class='ocrx_word' id='word_1_124' title='bbox 1216 1846 1296 1908; x_wconf 93' lang='lat' dir='ltr'><strong>mihi</strong></span> <span class='ocrx_word' id='word_1_125' title='bbox 1313 1848 1359 1908; x_wconf 92' lang='lat' dir='ltr'><strong>sic</strong></span> <span class='ocrx_word' id='word_1_126' title='bbox 1376 1846 1525 1907; x_wconf 90' lang='lat' dir='ltr'><strong>addictos</strong></span> <span class='ocrx_word' id='word_1_127' title='bbox 1547 1852 1585 1907; x_wconf 87' lang='lat' dir='ltr'><strong>vt</strong></span> 
     </span>
     <span class='ocr_line' id='line_1_16' title="bbox 386 1930 1585 2011; baseline -0.002 -19"><span class='ocrx_word' id='word_1_128' title='bbox 386 1950 427 1992; x_wconf 92' lang='lat' dir='ltr'><strong>ne</strong></span> <span class='ocrx_word' id='word_1_129' title='bbox 450 1930 560 1991; x_wconf 88' lang='lat' dir='ltr'><strong>Cicero</strong></span> <span class='ocrx_word' id='word_1_130' title='bbox 583 1932 713 2009; x_wconf 91' lang='lat' dir='ltr'><strong>quidem</strong></span> <span class='ocrx_word' id='word_1_131' title='bbox 738 1934 840 2011; x_wconf 88' lang='lat' dir='ltr'><strong>possit</strong></span> <span class='ocrx_word' id='word_1_132' title='bbox 861 1931 991 1993; x_wconf 91' lang='lat' dir='ltr'><strong>illorum</strong></span> <span class='ocrx_word' id='word_1_133' title='bbox 1013 1933 1140 1992; x_wconf 90' lang='lat' dir='ltr'><strong>animos</strong></span> <span class='ocrx_word' id='word_1_134' title='bbox 1162 1950 1182 1991; x_wconf 90' lang='lat' dir='ltr'><strong>a</strong></span> <span class='ocrx_word' id='word_1_135' title='bbox 1203 1949 1255 1991; x_wconf 93' lang='lat' dir='ltr'><strong>me</strong></span> <span class='ocrx_word' id='word_1_136' title='bbox 1280 1930 1470 2002; x_wconf 88' lang='lat' dir='ltr'><strong>distrahere,</strong></span> <span class='ocrx_word' id='word_1_137' title='bbox 1491 1930 1585 2009; x_wconf 88' lang='lat' dir='ltr'><strong>plane</strong></span> 
     </span>
     <span class='ocr_line' id='line_1_17' title="bbox 386 2013 1633 2095; baseline 0 -22"><span class='ocrx_word' id='word_1_138' title='bbox 386 2013 505 2074; x_wconf 89' lang='lat' dir='ltr'><strong>durum</strong></span> <span class='ocrx_word' id='word_1_139' title='bbox 520 2022 580 2087; x_wconf 89' lang='lat' dir='ltr'><strong>est,</strong></span> <span class='ocrx_word' id='word_1_140' title='bbox 596 2034 636 2074; x_wconf 92' lang='lat' dir='ltr'><strong>ne</strong></span> <span class='ocrx_word' id='word_1_141' title='bbox 651 2015 758 2076; x_wconf 90' lang='lat' dir='ltr'><strong>dicam</strong></span> <span class='ocrx_word' id='word_1_142' title='bbox 775 2015 955 2095; x_wconf 90' lang='lat' dir='ltr'><strong>impudens.</strong></span> <span class='ocrx_word' id='word_1_143' title='bbox 999 2015 1102 2076; x_wconf 92' lang='lat' dir='ltr'><strong>Vnica</strong></span> <span class='ocrx_word' id='word_1_144' title='bbox 1119 2014 1207 2075; x_wconf 87' lang='lat' dir='ltr'><strong>mala</strong></span> <span class='ocrx_word' id='word_1_145' title='bbox 1222 2014 1333 2093; x_wconf 88' lang='lat' dir='ltr'><strong>lingua</strong></span> <span class='ocrx_word' id='word_1_146' title='bbox 1347 2014 1439 2074; x_wconf 89' lang='lat' dir='ltr'><strong>tenui</strong></span> <span class='ocrx_word' id='word_1_147' title='bbox 1453 2032 1586 2074; x_wconf 91' lang='lat' dir='ltr'><strong>susurro</strong></span> <span class='ocrx_word' id='word_1_148' title='bbox 1598 2025 1633 2072; x_wconf 82' lang='lat'><strong>60</strong></span> 
     </span>
     <span class='ocr_line' id='line_1_18' title="bbox 385 2096 1584 2177; baseline 0 -20"><span class='ocrx_word' id='word_1_149' title='bbox 385 2096 420 2157; x_wconf 94' lang='lat' dir='ltr'><strong>id</strong></span> <span class='ocrx_word' id='word_1_150' title='bbox 446 2104 566 2176; x_wconf 87' lang='lat' dir='ltr'><strong>potest,</strong></span> <span class='ocrx_word' id='word_1_151' title='bbox 592 2100 784 2177; x_wconf 89' lang='lat' dir='ltr'><strong>praesertim</strong></span> <span class='ocrx_word' id='word_1_152' title='bbox 806 2098 896 2177; x_wconf 89' lang='lat' dir='ltr'><strong>apud</strong></span> <span class='ocrx_word' id='word_1_153' title='bbox 921 2098 1072 2159; x_wconf 86' lang='lat' dir='ltr'><strong>Cesaram</strong></span> <span class='ocrx_word' id='word_1_154' title='bbox 1093 2104 1128 2159; x_wconf 92' lang='lat' dir='ltr'><strong>et</strong></span> <span class='ocrx_word' id='word_1_155' title='bbox 1150 2098 1301 2158; x_wconf 90' lang='lat' dir='ltr'><strong>iuuenem</strong></span> <span class='ocrx_word' id='word_1_156' title='bbox 1323 2104 1358 2158; x_wconf 91' lang='lat' dir='ltr'><strong>et</strong></span> <span class='ocrx_word' id='word_1_157' title='bbox 1381 2097 1584 2175; x_wconf 90' lang='lat' dir='ltr'><strong>religiosum;</strong></span> 
     </span>
     <span class='ocr_line' id='line_1_19' title="bbox 386 2179 1585 2260; baseline 0.001 -21"><span class='ocrx_word' id='word_1_158' title='bbox 386 2182 529 2240; x_wconf 85' lang='lat' dir='ltr'><strong>maxime</strong></span> <span class='ocrx_word' id='word_1_159' title='bbox 545 2201 647 2259; x_wconf 92' lang='lat' dir='ltr'><strong>quum</strong></span> <span class='ocrx_word' id='word_1_160' title='bbox 662 2183 684 2241; x_wconf 95' lang='lat' dir='ltr'><strong>ii</strong></span> <span class='ocrx_word' id='word_1_161' title='bbox 699 2183 755 2260; x_wconf 95' lang='lat' dir='ltr'><strong>qui</strong></span> <span class='ocrx_word' id='word_1_162' title='bbox 771 2181 850 2242; x_wconf 93' lang='lat' dir='ltr'><strong>mihi</strong></span> <span class='ocrx_word' id='word_1_163' title='bbox 865 2181 950 2243; x_wconf 91' lang='lat' dir='ltr'><strong>male</strong></span> <span class='ocrx_word' id='word_1_164' title='bbox 965 2182 1084 2243; x_wconf 88' lang='lat' dir='ltr'><strong>volunt</strong></span> <span class='ocrx_word' id='word_1_165' title='bbox 1098 2182 1141 2242; x_wconf 90' lang='lat' dir='ltr'><strong>ad</strong></span> <span class='ocrx_word' id='word_1_166' title='bbox 1156 2200 1317 2242; x_wconf 90' lang='lat' dir='ltr'><strong>summam</strong></span> <span class='ocrx_word' id='word_1_167' title='bbox 1332 2180 1528 2260; x_wconf 87' lang='lat' dir='ltr'><strong>dignitatem</strong></span> <span class='ocrx_word' id='word_1_168' title='bbox 1542 2179 1585 2240; x_wconf 87' lang='lat' dir='ltr'><strong>ab</strong></span> 
     </span>
     <span class='ocr_line' id='line_1_20' title="bbox 386 2263 1589 2344; baseline -0.001 -20"><span class='ocrx_word' id='word_1_169' title='bbox 386 2265 465 2343; x_wconf 92' lang='lat' dir='ltr'><strong>ipsis</strong></span> <span class='ocrx_word' id='word_1_170' title='bbox 480 2265 679 2343; x_wconf 91' lang='lat' dir='ltr'><strong>principibus</strong></span> <span class='ocrx_word' id='word_1_171' title='bbox 689 2264 881 2326; x_wconf 88' lang='lat' dir='ltr'><strong>euehantur.</strong></span> <span class='ocrx_word' id='word_1_172' title='bbox 917 2265 1132 2343; x_wconf 81' lang='lat' dir='ltr'><strong>Ale[x]ander</strong></span> <span class='ocrx_word' id='word_1_173' title='bbox 1145 2263 1406 2344; x_wconf 89' lang='lat' dir='ltr'><strong>archiepiscopus</strong></span> <span class='ocrx_word' id='word_1_174' title='bbox 1419 2270 1471 2324; x_wconf 89' lang='lat' dir='ltr'><strong>est</strong></span> <span class='ocrx_word' id='word_1_175' title='bbox 1482 2263 1589 2339; x_wconf 76' lang='lat' dir='ltr'><strong>Brun,</strong></span> 
     </span>
     <span class='ocr_line' id='line_1_21' title="bbox 387 2346 1584 2428; baseline -0.001 -21"><span class='ocrx_word' id='word_1_176' title='bbox 387 2347 533 2419; x_wconf 89' lang='lat' dir='ltr'><strong>dusinus,</strong></span> <span class='ocrx_word' id='word_1_177' title='bbox 550 2349 750 2408; x_wconf 89' lang='lat' dir='ltr'><strong>nuncetiam</strong></span> <span class='ocrx_word' id='word_1_178' title='bbox 766 2349 893 2428; x_wconf 90' lang='lat' dir='ltr'><strong>legatus</strong></span> <span class='ocrx_word' id='word_1_179' title='bbox 912 2347 1122 2427; x_wconf 88' lang='lat' dir='ltr'><strong>apostolicus.</strong></span> <span class='ocrx_word' id='word_1_180' title='bbox 1165 2347 1340 2408; x_wconf 81' lang='lat' dir='ltr'><strong>Eduardus</strong></span> <span class='ocrx_word' id='word_1_181' title='bbox 1360 2347 1444 2408; x_wconf 89' lang='lat' dir='ltr'><strong>Leus</strong></span> <span class='ocrx_word' id='word_1_182' title='bbox 1463 2346 1584 2407; x_wconf 87' lang='lat' dir='ltr'><strong>archie-</strong></span> 
     </span>
     <span class='ocr_line' id='line_1_22' title="bbox 386 2429 1632 2512; baseline 0 -23"><span class='ocrx_word' id='word_1_183' title='bbox 386 2431 538 2509; x_wconf 90' lang='lat' dir='ltr'><strong>piscopus</strong></span> <span class='ocrx_word' id='word_1_184' title='bbox 566 2437 616 2492; x_wconf 92' lang='lat' dir='ltr'><strong>est</strong></span> <span class='ocrx_word' id='word_1_185' title='bbox 641 2432 863 2504; x_wconf 88' lang='lat' dir='ltr'><strong>Eboracensis,</strong></span> <span class='ocrx_word' id='word_1_186' title='bbox 889 2433 1012 2512; x_wconf 89' lang='lat' dir='ltr'><strong>primas</strong></span> <span class='ocrx_word' id='word_1_187' title='bbox 1034 2432 1180 2511; x_wconf 85' lang='lat' dir='ltr'><strong>Angliae.</strong></span> <span class='ocrx_word' id='word_1_188' title='bbox 1206 2429 1393 2492; x_wconf 87' lang='lat' dir='ltr'><strong>Standicius</strong></span> <span class='ocrx_word' id='word_1_189' title='bbox 1416 2431 1481 2490; x_wconf 90' lang='lat' dir='ltr'><strong>iam</strong></span> <span class='ocrx_word' id='word_1_190' title='bbox 1508 2429 1584 2490; x_wconf 90' lang='lat' dir='ltr'><strong>olim</strong></span> <span class='ocrx_word' id='word_1_191' title='bbox 1598 2443 1632 2502; x_wconf 82' lang='lat'><strong>65</strong></span> 
     </span>
     <span class='ocr_line' id='line_1_23' title="bbox 386 2513 1585 2594; baseline 0 -20"><span class='ocrx_word' id='word_1_192' title='bbox 386 2514 557 2592; x_wconf 91' lang='lat' dir='ltr'><strong>episcopus</strong></span> <span class='ocrx_word' id='word_1_193' title='bbox 568 2520 619 2575; x_wconf 88' lang='lat' dir='ltr'><strong>eat</strong></span> <span class='ocrx_word' id='word_1_194' title='bbox 633 2515 666 2575; x_wconf 90' lang='lat' dir='ltr'><strong>in</strong></span> <span class='ocrx_word' id='word_1_195' title='bbox 679 2515 755 2575; x_wconf 90' lang='lat' dir='ltr'><strong>aula</strong></span> <span class='ocrx_word' id='word_1_196' title='bbox 769 2516 941 2594; x_wconf 86' lang='lat' dir='ltr'><strong>gratiosus.</strong></span> <span class='ocrx_word' id='word_1_197' title='bbox 978 2515 1136 2576; x_wconf 90' lang='lat' dir='ltr'><strong>Albertus</strong></span> <span class='ocrx_word' id='word_1_198' title='bbox 1151 2516 1239 2587; x_wconf 89' lang='lat' dir='ltr'><strong>Pius,</strong></span> <span class='ocrx_word' id='word_1_199' title='bbox 1251 2533 1353 2593; x_wconf 91' lang='lat' dir='ltr'><strong>quum</strong></span> <span class='ocrx_word' id='word_1_200' title='bbox 1368 2513 1448 2574; x_wconf 92' lang='lat' dir='ltr'><strong>mihi</strong></span> <span class='ocrx_word' id='word_1_201' title='bbox 1460 2514 1585 2574; x_wconf 87' lang='lat' dir='ltr'><strong>Romae</strong></span> 
     </span>
     <span class='ocr_line' id='line_1_24' title="bbox 387 2596 1584 2676; baseline 0 -20"><span class='ocrx_word' id='word_1_202' title='bbox 387 2596 430 2657; x_wconf 89' lang='lat' dir='ltr'><strong>ad</strong></span> <span class='ocrx_word' id='word_1_203' title='bbox 445 2598 632 2658; x_wconf 88' lang='lat' dir='ltr'><strong>satietatem</strong></span> <span class='ocrx_word' id='word_1_204' title='bbox 647 2618 750 2676; x_wconf 90' lang='lat' dir='ltr'><strong>vsque</strong></span> <span class='ocrx_word' id='word_1_205' title='bbox 764 2599 990 2671; x_wconf 82' lang='lat' dir='ltr'><strong>attrectasset,</strong></span> <span class='ocrx_word' id='word_1_206' title='bbox 1004 2606 1041 2660; x_wconf 94' lang='lat' dir='ltr'><strong>et</strong></span> <span class='ocrx_word' id='word_1_207' title='bbox 1054 2597 1177 2659; x_wconf 89' lang='lat' dir='ltr'><strong>Gallias</strong></span> <span class='ocrx_word' id='word_1_208' title='bbox 1194 2598 1308 2659; x_wconf 85' lang='lat' dir='ltr'><strong>iniecit</strong></span> <span class='ocrx_word' id='word_1_209' title='bbox 1321 2598 1389 2658; x_wconf 90' lang='lat' dir='ltr'><strong>suis</strong></span> <span class='ocrx_word' id='word_1_210' title='bbox 1403 2597 1584 2676; x_wconf 88' lang='lat' dir='ltr'><strong>sycophan-</strong></span> 
     </span>
     <span class='ocr_line' id='line_1_25' title="bbox 387 2680 1585 2765; baseline 0.001 -26"><span class='ocrx_word' id='word_1_211' title='bbox 387 2681 452 2741; x_wconf 77' lang='lat' dir='ltr'><strong>tiis.</strong></span> <span class='ocrx_word' id='word_1_212' title='bbox 490 2681 589 2759; x_wconf 87' lang='lat' dir='ltr'><strong>Regia</strong></span> <span class='ocrx_word' id='word_1_213' title='bbox 604 2680 719 2760; x_wconf 84' lang='lat' dir='ltr'><strong>Anglie</strong></span> <span class='ocrx_word' id='word_1_214' title='bbox 734 2681 908 2743; x_wconf 90' lang='lat' dir='ltr'><strong>candorem</strong></span> <span class='ocrx_word' id='word_1_215' title='bbox 920 2684 1001 2743; x_wconf 89' lang='lat' dir='ltr'><strong>satis</strong></span> <span class='ocrx_word' id='word_1_216' title='bbox 1016 2682 1122 2765; x_wconf 77' lang='lat' dir='ltr'><strong>habeo</strong></span> <span class='ocrx_word' id='word_1_217' title='bbox 1136 2687 1354 2761; x_wconf 90' lang='lat' dir='ltr'><strong>perspectum,</strong></span> <span class='ocrx_word' id='word_1_218' title='bbox 1369 2680 1507 2741; x_wconf 90' lang='lat' dir='ltr'><strong>aliorum</strong></span> <span class='ocrx_word' id='word_1_219' title='bbox 1519 2698 1585 2740; x_wconf 93' lang='lat' dir='ltr'><strong>non</strong></span> 
     </span>
     <span class='ocr_line' id='line_1_26' title="bbox 388 2762 1585 2845; baseline 0.002 -23"><span class='ocrx_word' id='word_1_220' title='bbox 388 2764 478 2823; x_wconf 91' lang='lat' dir='ltr'><strong>item.</strong></span> <span class='ocrx_word' id='word_1_221' title='bbox 515 2762 732 2837; x_wconf 83' lang='lat' dir='ltr'><strong>Quidinmeis</strong></span> <span class='ocrx_word' id='word_1_222' title='bbox 741 2766 888 2845; x_wconf 90' lang='lat' dir='ltr'><strong>epistolis</strong></span> <span class='ocrx_word' id='word_1_223' title='bbox 899 2766 1014 2838; x_wconf 88' lang='lat' dir='ltr'><strong>lateat,</strong></span> <span class='ocrx_word' id='word_1_224' title='bbox 1024 2767 1142 2827; x_wconf 88' lang='lat' dir='ltr'><strong>nescio.</strong></span> <span class='ocrx_word' id='word_1_225' title='bbox 1179 2765 1290 2825; x_wconf 86' lang='lat' dir='ltr'><strong>Etiam</strong></span> <span class='ocrx_word' id='word_1_226' title='bbox 1301 2764 1382 2824; x_wconf 89' lang='lat' dir='ltr'><strong>bene</strong></span> <span class='ocrx_word' id='word_1_227' title='bbox 1391 2763 1481 2824; x_wconf 92' lang='lat' dir='ltr'><strong>dicta</strong></span> <span class='ocrx_word' id='word_1_228' title='bbox 1490 2763 1585 2824; x_wconf 87' lang='lat' dir='ltr'><strong>iacile</strong></span> 
     </span>
     <span class='ocr_line' id='line_1_27' title="bbox 387 2846 1633 2926; baseline 0.001 -21"><span class='ocrx_word' id='word_1_229' title='bbox 387 2848 571 2926; x_wconf 90' lang='lat' dir='ltr'><strong>principum</strong></span> <span class='ocrx_word' id='word_1_230' title='bbox 585 2849 713 2908; x_wconf 90' lang='lat' dir='ltr'><strong>animos</strong></span> <span class='ocrx_word' id='word_1_231' title='bbox 728 2849 852 2921; x_wconf 90' lang='lat' dir='ltr'><strong>iritent,</strong></span> <span class='ocrx_word' id='word_1_232' title='bbox 867 2850 894 2909; x_wconf 92' lang='lat' dir='ltr'><strong>si</strong></span> <span class='ocrx_word' id='word_1_233' title='bbox 909 2848 1044 2909; x_wconf 87' lang='lat' dir='ltr'><strong>accedat</strong></span> <span class='ocrx_word' id='word_1_234' title='bbox 1059 2848 1240 2910; x_wconf 90' lang='lat' dir='ltr'><strong>maleuolus</strong></span> <span class='ocrx_word' id='word_1_235' title='bbox 1254 2855 1289 2909; x_wconf 90' lang='lat' dir='ltr'><strong>et</strong></span> <span class='ocrx_word' id='word_1_236' title='bbox 1303 2846 1472 2926; x_wconf 90' lang='lat' dir='ltr'><strong>improbus</strong></span> <span class='ocrx_word' id='word_1_237' title='bbox 1487 2848 1584 2906; x_wconf 85' lang='lat' dir='ltr'><strong>inter-</strong></span> <span class='ocrx_word' id='word_1_238' title='bbox 1600 2871 1633 2921; x_wconf 87' lang='lat'><strong>70</strong></span> 
     </span>
     <span class='ocr_line' id='line_1_28' title="bbox 387 2929 1587 3012; baseline 0 -22"><span class='ocrx_word' id='word_1_239' title='bbox 387 2949 470 3010; x_wconf 92' lang='lat' dir='ltr'><strong>pres.</strong></span> <span class='ocrx_word' id='word_1_240' title='bbox 515 2931 616 2993; x_wconf 91' lang='lat' dir='ltr'><strong>Porro</strong></span> <span class='ocrx_word' id='word_1_241' title='bbox 635 2952 737 3011; x_wconf 92' lang='lat' dir='ltr'><strong>quum</strong></span> <span class='ocrx_word' id='word_1_242' title='bbox 758 2931 838 2993; x_wconf 92' lang='lat' dir='ltr'><strong>nihil</strong></span> <span class='ocrx_word' id='word_1_243' title='bbox 861 2934 905 2993; x_wconf 90' lang='lat' dir='ltr'><strong>sit</strong></span> <span class='ocrx_word' id='word_1_244' title='bbox 924 2932 1115 2994; x_wconf 90' lang='lat' dir='ltr'><strong>illiberalius</strong></span> <span class='ocrx_word' id='word_1_245' title='bbox 1132 2952 1231 3012; x_wconf 88' lang='lat' dir='ltr'><strong>quam</strong></span> <span class='ocrx_word' id='word_1_246' title='bbox 1252 2952 1292 2993; x_wconf 92' lang='lat' dir='ltr'><strong>ea</strong></span> <span class='ocrx_word' id='word_1_247' title='bbox 1314 2951 1377 3010; x_wconf 94' lang='lat' dir='ltr'><strong>que</strong></span> <span class='ocrx_word' id='word_1_248' title='bbox 1400 2929 1587 3010; x_wconf 88' lang='lat' dir='ltr'><strong>tranquillis</strong></span> 
     </span>
     <span class='ocr_line' id='line_1_29' title="bbox 388 3014 1585 3097; baseline 0 -23"><span class='ocrx_word' id='word_1_249' title='bbox 388 3014 486 3075; x_wconf 92' lang='lat' dir='ltr'><strong>rebus</strong></span> <span class='ocrx_word' id='word_1_250' title='bbox 506 3015 559 3075; x_wconf 88' lang='lat' dir='ltr'><strong>vel</strong></span> <span class='ocrx_word' id='word_1_251' title='bbox 574 3017 645 3076; x_wconf 92' lang='lat' dir='ltr'><strong>ioco</strong></span> <span class='ocrx_word' id='word_1_252' title='bbox 660 3015 713 3076; x_wconf 87' lang='lat' dir='ltr'><strong>vel</strong></span> <span class='ocrx_word' id='word_1_253' title='bbox 728 3018 812 3077; x_wconf 91' lang='lat' dir='ltr'><strong>serio</strong></span> <span class='ocrx_word' id='word_1_254' title='bbox 829 3017 920 3076; x_wconf 90' lang='lat' dir='ltr'><strong>dicta</strong></span> <span class='ocrx_word' id='word_1_255' title='bbox 936 3019 1123 3097; x_wconf 88' lang='lat' dir='ltr'><strong>scriptaque</strong></span> <span class='ocrx_word' id='word_1_256' title='bbox 1143 3016 1279 3077; x_wconf 90' lang='lat' dir='ltr'><strong>suntad</strong></span> <span class='ocrx_word' id='word_1_257' title='bbox 1293 3016 1415 3075; x_wconf 89' lang='lat' dir='ltr'><strong>amicos</strong></span> <span class='ocrx_word' id='word_1_258' title='bbox 1430 3014 1481 3076; x_wconf 92' lang='lat' dir='ltr'><strong>his</strong></span> <span class='ocrx_word' id='word_1_259' title='bbox 1495 3014 1585 3074; x_wconf 84' lang='lat' dir='ltr'><strong>exul-</strong></span> 
     </span>
     <span class='ocr_line' id='line_1_30' title="bbox 387 3097 1585 3178; baseline 0 -21"><span class='ocrx_word' id='word_1_260' title='bbox 387 3099 597 3159; x_wconf 88' lang='lat' dir='ltr'><strong>ceratissimis</strong></span> <span class='ocrx_word' id='word_1_261' title='bbox 612 3099 814 3178; x_wconf 88' lang='lat' dir='ltr'><strong>temporibus</strong></span> <span class='ocrx_word' id='word_1_262' title='bbox 830 3100 903 3160; x_wconf 91' lang='lat' dir='ltr'><strong>hinc</strong></span> <span class='ocrx_word' id='word_1_263' title='bbox 918 3105 1020 3178; x_wconf 91' lang='lat' dir='ltr'><strong>atque</strong></span> <span class='ocrx_word' id='word_1_264' title='bbox 1035 3099 1112 3161; x_wconf 94' lang='lat' dir='ltr'><strong>hinc</strong></span> <span class='ocrx_word' id='word_1_265' title='bbox 1126 3099 1297 3178; x_wconf 88' lang='lat' dir='ltr'><strong>decerpere</strong></span> <span class='ocrx_word' id='word_1_266' title='bbox 1310 3104 1411 3176; x_wconf 91' lang='lat' dir='ltr'><strong>atque</strong></span> <span class='ocrx_word' id='word_1_267' title='bbox 1422 3097 1585 3176; x_wconf 87' lang='lat' dir='ltr'><strong>euulgare,</strong></span> 
     </span>
     <span class='ocr_line' id='line_1_31' title="bbox 387 3180 1585 3262; baseline 0 -21"><span class='ocrx_word' id='word_1_268' title='bbox 387 3200 454 3241; x_wconf 90' lang='lat' dir='ltr'><strong>non</strong></span> <span class='ocrx_word' id='word_1_269' title='bbox 468 3189 540 3242; x_wconf 87' lang='lat' dir='ltr'><strong>erat</strong></span> <span class='ocrx_word' id='word_1_270' title='bbox 554 3183 640 3242; x_wconf 92' lang='lat' dir='ltr'><strong>istuc</strong></span> <span class='ocrx_word' id='word_1_271' title='bbox 655 3182 735 3242; x_wconf 92' lang='lat' dir='ltr'><strong>mihi</strong></span> <span class='ocrx_word' id='word_1_272' title='bbox 745 3202 765 3242; x_wconf 89' lang='lat' dir='ltr'><strong>a</strong></span> <span class='ocrx_word' id='word_1_273' title='bbox 779 3183 883 3255; x_wconf 88' lang='lat' dir='ltr'><strong>vobis,</strong></span> <span class='ocrx_word' id='word_1_274' title='bbox 895 3185 953 3262; x_wconf 90' lang='lat' dir='ltr'><strong>qui</strong></span> <span class='ocrx_word' id='word_1_275' title='bbox 966 3185 1201 3261; x_wconf 86' lang='lat' dir='ltr'><strong>synceritatem</strong></span> <span class='ocrx_word' id='word_1_276' title='bbox 1212 3182 1443 3261; x_wconf 89' lang='lat' dir='ltr'><strong>Euangelicam</strong></span> <span class='ocrx_word' id='word_1_277' title='bbox 1455 3180 1585 3261; x_wconf 88' lang='lat' dir='ltr'><strong>profite-</strong></span> 
     </span>
     <span class='ocr_line' id='line_1_32' title="bbox 387 3264 1633 3344; baseline 0.001 -20"><span class='ocrx_word' id='word_1_278' title='bbox 387 3265 478 3336; x_wconf 92' lang='lat' dir='ltr'><strong>mini,</strong></span> <span class='ocrx_word' id='word_1_279' title='bbox 494 3264 724 3338; x_wconf 87' lang='lat' dir='ltr'><strong>metuendum;</strong></span> <span class='ocrx_word' id='word_1_280' title='bbox 746 3284 936 3344; x_wconf 90' lang='lat' dir='ltr'><strong>quanquam</strong></span> <span class='ocrx_word' id='word_1_281' title='bbox 950 3266 993 3327; x_wconf 94' lang='lat' dir='ltr'><strong>ab</strong></span> <span class='ocrx_word' id='word_1_282' title='bbox 1008 3267 1070 3327; x_wconf 92' lang='lat' dir='ltr'><strong>hac</strong></span> <span class='ocrx_word' id='word_1_283' title='bbox 1086 3273 1166 3327; x_wconf 88' lang='lat' dir='ltr'><strong>nota</strong></span> <span class='ocrx_word' id='word_1_284' title='bbox 1181 3285 1247 3326; x_wconf 93' lang='lat' dir='ltr'><strong>non</strong></span> <span class='ocrx_word' id='word_1_285' title='bbox 1265 3267 1314 3325; x_wconf 90' lang='lat' dir='ltr'><strong>ita</strong></span> <span class='ocrx_word' id='word_1_286' title='bbox 1331 3265 1474 3326; x_wconf 94' lang='lat' dir='ltr'><strong>multum</strong></span> <span class='ocrx_word' id='word_1_287' title='bbox 1491 3264 1587 3325; x_wconf 91' lang='lat' dir='ltr'><strong>abest</strong></span> <span class='ocrx_word' id='word_1_288' title='bbox 1600 3288 1633 3339; x_wconf 83' lang='lat'><strong>75</strong></span> 
     </span>
     <span class='ocr_line' id='line_1_33' title="bbox 388 3347 1585 3422; baseline 0 -15"><span class='ocrx_word' id='word_1_289' title='bbox 388 3354 497 3408; x_wconf 86' lang='lat' dir='ltr'><strong>vester</strong></span> <span class='ocrx_word' id='word_1_290' title='bbox 512 3350 574 3409; x_wconf 89' lang='lat' dir='ltr'><strong>iste</strong></span> <span class='ocrx_word' id='word_1_291' title='bbox 588 3347 809 3422; x_wconf 86' lang='lat' dir='ltr'><strong>Sebastianus,</strong></span> <span class='ocrx_word' id='word_1_292' title='bbox 824 3351 893 3410; x_wconf 91' lang='lat' dir='ltr'><strong>siue</strong></span> <span class='ocrx_word' id='word_1_293' title='bbox 908 3349 956 3410; x_wconf 93' lang='lat' dir='ltr'><strong>illi</strong></span> <span class='ocrx_word' id='word_1_294' title='bbox 973 3349 1119 3410; x_wconf 88' lang='lat' dir='ltr'><strong>stultitia</strong></span> <span class='ocrx_word' id='word_1_295' title='bbox 1138 3351 1207 3410; x_wconf 89' lang='lat' dir='ltr'><strong>siue</strong></span> <span class='ocrx_word' id='word_1_296' title='bbox 1227 3349 1356 3409; x_wconf 88' lang='lat' dir='ltr'><strong>malicia</strong></span> <span class='ocrx_word' id='word_1_297' title='bbox 1375 3348 1440 3408; x_wconf 83' lang='lat' dir='ltr'><strong>luit</strong></span> <span class='ocrx_word' id='word_1_298' title='bbox 1459 3349 1493 3408; x_wconf 93' lang='lat' dir='ltr'><strong>in</strong></span> <span class='ocrx_word' id='word_1_299' title='bbox 1511 3366 1585 3408; x_wconf 92' lang='lat' dir='ltr'><strong>con-</strong></span> 
     </span>
     <span class='ocr_line' id='line_1_34' title="bbox 387 3430 1587 3511; baseline 0.002 -21"><span class='ocrx_word' id='word_1_300' title='bbox 387 3430 470 3493; x_wconf 90' lang='lat' dir='ltr'><strong>silio.</strong></span> <span class='ocrx_word' id='word_1_301' title='bbox 513 3430 592 3504; x_wconf 80' lang='lat' dir='ltr'><strong>Quis</strong></span> <span class='ocrx_word' id='word_1_302' title='bbox 614 3452 759 3510; x_wconf 87' lang='lat' dir='ltr'><strong>vnquam</strong></span> <span class='ocrx_word' id='word_1_303' title='bbox 785 3432 848 3493; x_wconf 92' lang='lat' dir='ltr'><strong>huc</strong></span> <span class='ocrx_word' id='word_1_304' title='bbox 871 3453 923 3495; x_wconf 93' lang='lat' dir='ltr'><strong>me</strong></span> <span class='ocrx_word' id='word_1_305' title='bbox 946 3432 1113 3494; x_wconf 88' lang='lat' dir='ltr'><strong>lacessiuit</strong></span> <span class='ocrx_word' id='word_1_306' title='bbox 1137 3438 1177 3493; x_wconf 83' lang='lat' dir='ltr'><strong>vt</strong></span> <span class='ocrx_word' id='word_1_307' title='bbox 1199 3432 1288 3511; x_wconf 91' lang='lat' dir='ltr'><strong>quod</strong></span> <span class='ocrx_word' id='word_1_308' title='bbox 1313 3433 1347 3491; x_wconf 92' lang='lat' dir='ltr'><strong>in</strong></span> <span class='ocrx_word' id='word_1_309' title='bbox 1371 3431 1587 3492; x_wconf 82' lang='lat' dir='ltr'><strong>familiaribus</strong></span> 
     </span>
     <span class='ocr_line' id='line_1_35' title="bbox 388 3514 1586 3595; baseline 0 -21"><span class='ocrx_word' id='word_1_310' title='bbox 388 3514 558 3595; x_wconf 85' lang='lat' dir='ltr'><strong>colloquiis</strong></span> <span class='ocrx_word' id='word_1_311' title='bbox 579 3515 705 3577; x_wconf 92' lang='lat' dir='ltr'><strong>dictum</strong></span> <span class='ocrx_word' id='word_1_312' title='bbox 727 3522 823 3589; x_wconf 90' lang='lat' dir='ltr'><strong>esset,</strong></span> <span class='ocrx_word' id='word_1_313' title='bbox 845 3524 880 3578; x_wconf 91' lang='lat' dir='ltr'><strong>et</strong></span> <span class='ocrx_word' id='word_1_314' title='bbox 905 3518 1070 3577; x_wconf 87' lang='lat' dir='ltr'><strong>amiciciae</strong></span> <span class='ocrx_word' id='word_1_315' title='bbox 1096 3515 1214 3577; x_wconf 87' lang='lat' dir='ltr'><strong>fiducia</strong></span> <span class='ocrx_word' id='word_1_316' title='bbox 1235 3515 1432 3594; x_wconf 90' lang='lat' dir='ltr'><strong>depositum,</strong></span> <span class='ocrx_word' id='word_1_317' title='bbox 1454 3515 1586 3575; x_wconf 91' lang='lat' dir='ltr'><strong>inimico</strong></span> 
     </span>
     <span class='ocr_line' id='line_1_36' title="bbox 388 3597 1586 3678; baseline 0.001 -21"><span class='ocrx_word' id='word_1_318' title='bbox 388 3597 583 3659; x_wconf 83' lang='lat' dir='ltr'><strong>obiecerim?</strong></span> <span class='ocrx_word' id='word_1_319' title='bbox 625 3599 672 3660; x_wconf 87' lang='lat' dir='ltr'><strong>At</strong></span> <span class='ocrx_word' id='word_1_320' title='bbox 700 3601 737 3672; x_wconf 90' lang='lat' dir='ltr'><strong>si,</strong></span> <span class='ocrx_word' id='word_1_321' title='bbox 765 3601 894 3678; x_wconf 86' lang='lat' dir='ltr'><strong>quoties</strong></span> <span class='ocrx_word' id='word_1_322' title='bbox 922 3601 969 3660; x_wconf 90' lang='lat' dir='ltr'><strong>ais</strong></span> <span class='ocrx_word' id='word_1_323' title='bbox 999 3607 1088 3672; x_wconf 90' lang='lat' dir='ltr'><strong>‘n0s,</strong></span> <span class='ocrx_word' id='word_1_324' title='bbox 1118 3600 1206 3671; x_wconf 89' lang='lat' dir='ltr'><strong>ncs’,</strong></span> <span class='ocrx_word' id='word_1_325' title='bbox 1236 3598 1411 3678; x_wconf 85' lang='lat' dir='ltr'><strong>respondes</strong></span> <span class='ocrx_word' id='word_1_326' title='bbox 1440 3599 1586 3659; x_wconf 89' lang='lat' dir='ltr'><strong>omnium</strong></span> 
     </span>
     <span class='ocr_line' id='line_1_37' title="bbox 387 3681 1634 3762; baseline 0 -20"><span class='ocrx_word' id='word_1_327' title='bbox 387 3683 530 3754; x_wconf 89' lang='lat' dir='ltr'><strong>nomine,</strong></span> <span class='ocrx_word' id='word_1_328' title='bbox 546 3701 673 3761; x_wconf 90' lang='lat' dir='ltr'><strong>possem</strong></span> <span class='ocrx_word' id='word_1_329' title='bbox 688 3682 749 3743; x_wconf 90' lang='lat' dir='ltr'><strong>tibi</strong></span> <span class='ocrx_word' id='word_1_330' title='bbox 764 3683 867 3762; x_wconf 93' lang='lat' dir='ltr'><strong>digito</strong></span> <span class='ocrx_word' id='word_1_331' title='bbox 881 3682 1053 3744; x_wconf 88' lang='lat' dir='ltr'><strong>ostendere</strong></span> <span class='ocrx_word' id='word_1_332' title='bbox 1063 3684 1120 3761; x_wconf 93' lang='lat' dir='ltr'><strong>qui</strong></span> <span class='ocrx_word' id='word_1_333' title='bbox 1131 3683 1216 3743; x_wconf 90' lang='lat' dir='ltr'><strong>clam</strong></span> <span class='ocrx_word' id='word_1_334' title='bbox 1227 3683 1266 3743; x_wconf 88' lang='lat' dir='ltr'><strong>iis</strong></span> <span class='ocrx_word' id='word_1_335' title='bbox 1277 3701 1340 3760; x_wconf 91' lang='lat' dir='ltr'><strong>que</strong></span> <span class='ocrx_word' id='word_1_336' title='bbox 1352 3700 1409 3761; x_wconf 91' lang='lat' dir='ltr'><strong>per</strong></span> <span class='ocrx_word' id='word_1_337' title='bbox 1419 3681 1586 3741; x_wconf 83' lang='lat' dir='ltr'><strong>familiari-</strong></span> <span class='ocrx_word' id='word_1_338' title='bbox 1601 3693 1634 3742; x_wconf 88' lang='lat'><strong>80</strong></span> 
     </span>
     <span class='ocr_line' id='line_1_38' title="bbox 389 3764 1586 3845; baseline 0 -20"><span class='ocrx_word' id='word_1_339' title='bbox 389 3771 493 3825; x_wconf 87' lang='lat' dir='ltr'><strong>tatem</strong></span> <span class='ocrx_word' id='word_1_340' title='bbox 509 3772 740 3845; x_wconf 91' lang='lat' dir='ltr'><strong>cognouerant,</strong></span> <span class='ocrx_word' id='word_1_341' title='bbox 755 3773 929 3827; x_wconf 91' lang='lat' dir='ltr'><strong>armarunt</strong></span> <span class='ocrx_word' id='word_1_342' title='bbox 942 3768 976 3826; x_wconf 93' lang='lat' dir='ltr'><strong>in</strong></span> <span class='ocrx_word' id='word_1_343' title='bbox 996 3786 1048 3827; x_wconf 93' lang='lat' dir='ltr'><strong>me</strong></span> <span class='ocrx_word' id='word_1_344' title='bbox 1068 3765 1225 3845; x_wconf 88' lang='lat' dir='ltr'><strong>capitales</strong></span> <span class='ocrx_word' id='word_1_345' title='bbox 1247 3766 1367 3826; x_wconf 90' lang='lat' dir='ltr'><strong>hostes.</strong></span> <span class='ocrx_word' id='word_1_346' title='bbox 1412 3765 1513 3825; x_wconf 90' lang='lat' dir='ltr'><strong>Porro</strong></span> <span class='ocrx_word' id='word_1_347' title='bbox 1535 3764 1586 3825; x_wconf 91' lang='lat' dir='ltr'><strong>hic</strong></span> 
     </span>
     <span class='ocr_line' id='line_1_39' title="bbox 389 3847 1586 3928; baseline 0 -20"><span class='ocrx_word' id='word_1_348' title='bbox 389 3867 497 3908; x_wconf 87' lang='lat' dir='ltr'><strong>sermo</strong></span> <span class='ocrx_word' id='word_1_349' title='bbox 512 3856 589 3909; x_wconf 91' lang='lat' dir='ltr'><strong>tuus</strong></span> <span class='ocrx_word' id='word_1_350' title='bbox 609 3854 696 3909; x_wconf 88' lang='lat' dir='ltr'><strong>tecte</strong></span> <span class='ocrx_word' id='word_1_351' title='bbox 716 3851 861 3910; x_wconf 88' lang='lat' dir='ltr'><strong>minitari</strong></span> <span class='ocrx_word' id='word_1_352' title='bbox 879 3850 1020 3922; x_wconf 87' lang='lat' dir='ltr'><strong>videtur,</strong></span> <span class='ocrx_word' id='word_1_353' title='bbox 1036 3856 1075 3910; x_wconf 88' lang='lat' dir='ltr'><strong>vt</strong></span> <span class='ocrx_word' id='word_1_354' title='bbox 1092 3850 1174 3910; x_wconf 90' lang='lat' dir='ltr'><strong>alias</strong></span> <span class='ocrx_word' id='word_1_355' title='bbox 1194 3850 1383 3928; x_wconf 88' lang='lat' dir='ltr'><strong>frequenter</strong></span> <span class='ocrx_word' id='word_1_356' title='bbox 1402 3854 1480 3909; x_wconf 91' lang='lat' dir='ltr'><strong>tuae</strong></span> <span class='ocrx_word' id='word_1_357' title='bbox 1495 3847 1586 3909; x_wconf 89' lang='lat' dir='ltr'><strong>blan·</strong></span> 
     </span>
     <span class='ocr_line' id='line_1_40' title="bbox 388 3931 1230 4012; baseline 0.001 -20"><span class='ocrx_word' id='word_1_358' title='bbox 388 3931 493 3992; x_wconf 88' lang='lat' dir='ltr'><strong>diciae</strong></span> <span class='ocrx_word' id='word_1_359' title='bbox 507 3931 631 4010; x_wconf 89' lang='lat' dir='ltr'><strong>aliquid</strong></span> <span class='ocrx_word' id='word_1_360' title='bbox 646 3939 764 4012; x_wconf 91' lang='lat' dir='ltr'><strong>tegunt</strong></span> <span class='ocrx_word' id='word_1_361' title='bbox 778 3933 831 3994; x_wconf 89' lang='lat' dir='ltr'><strong>vel</strong></span> <span class='ocrx_word' id='word_1_362' title='bbox 846 3952 974 3994; x_wconf 88' lang='lat' dir='ltr'><strong>morsus</strong></span> <span class='ocrx_word' id='word_1_363' title='bbox 988 3932 1042 3994; x_wconf 85' lang='lat' dir='ltr'><strong>vel</strong></span> <span class='ocrx_word' id='word_1_364' title='bbox 1057 3934 1230 3994; x_wconf 88' lang='lat' dir='ltr'><strong>minarum.</strong></span> 
     </span>
    </p>

    <p class='ocr_par' dir='ltr' id='par_1_4' title="bbox 387 4014 1635 4928">
     <span class='ocr_line' id='line_1_41' title="bbox 432 4014 1587 4095; baseline 0 -21"><span class='ocrx_word' id='word_1_365' title='bbox 432 4014 503 4075; x_wconf 90' lang='lat' dir='ltr'><strong>Iam</strong></span> <span class='ocrx_word' id='word_1_366' title='bbox 526 4017 616 4093; x_wconf 92' lang='lat' dir='ltr'><strong>quod</strong></span> <span class='ocrx_word' id='word_1_367' title='bbox 640 4017 713 4076; x_wconf 91' lang='lat' dir='ltr'><strong>istic</strong></span> <span class='ocrx_word' id='word_1_368' title='bbox 736 4016 897 4095; x_wconf 87' lang='lat' dir='ltr'><strong>polliceris</strong></span> <span class='ocrx_word' id='word_1_369' title='bbox 919 4015 1000 4077; x_wconf 92' lang='lat' dir='ltr'><strong>mihi</strong></span> <span class='ocrx_word' id='word_1_370' title='bbox 1021 4018 1223 4078; x_wconf 90' lang='lat' dir='ltr'><strong>tutissimum</strong></span> <span class='ocrx_word' id='word_1_371' title='bbox 1244 4015 1438 4094; x_wconf 86' lang='lat' dir='ltr'><strong>perfugium,</strong></span> <span class='ocrx_word' id='word_1_372' title='bbox 1461 4014 1587 4093; x_wconf 92' lang='lat' dir='ltr'><strong>siquid</strong></span> 
     </span>
     <span class='ocr_line' id='line_1_42' title="bbox 388 4098 1634 4178; baseline -0.001 -19"><span class='ocrx_word' id='word_1_373' title='bbox 388 4098 584 4159; x_wconf 88' lang='lat' dir='ltr'><strong>discriminis</strong></span> <span class='ocrx_word' id='word_1_374' title='bbox 598 4099 787 4178; x_wconf 90' lang='lat' dir='ltr'><strong>impendeat</strong></span> <span class='ocrx_word' id='word_1_375' title='bbox 801 4100 844 4160; x_wconf 92' lang='lat' dir='ltr'><strong>ab</strong></span> <span class='ocrx_word' id='word_1_376' title='bbox 862 4101 1010 4173; x_wconf 91' lang='lat' dir='ltr'><strong>inimicis,</strong></span> <span class='ocrx_word' id='word_1_377' title='bbox 1031 4107 1070 4161; x_wconf 88' lang='lat' dir='ltr'><strong>vt</strong></span> <span class='ocrx_word' id='word_1_378' title='bbox 1091 4099 1186 4161; x_wconf 84' lang='lat' dir='ltr'><strong>facile</strong></span> <span class='ocrx_word' id='word_1_379' title='bbox 1203 4099 1300 4160; x_wconf 92' lang='lat' dir='ltr'><strong>credo</strong></span> <span class='ocrx_word' id='word_1_380' title='bbox 1314 4118 1355 4159; x_wconf 90' lang='lat' dir='ltr'><strong>ex</strong></span> <span class='ocrx_word' id='word_1_381' title='bbox 1372 4100 1483 4160; x_wconf 92' lang='lat' dir='ltr'><strong>animo</strong></span> <span class='ocrx_word' id='word_1_382' title='bbox 1497 4098 1588 4176; x_wconf 92' lang='lat' dir='ltr'><strong>loqui</strong></span> <span class='ocrx_word' id='word_1_383' title='bbox 1601 4109 1634 4170; x_wconf 80' lang='lat'><strong>85</strong></span> 
     </span>
     <span class='ocr_line' id='line_1_43' title="bbox 387 4181 1588 4263; baseline 0 -22"><span class='ocrx_word' id='word_1_384' title='bbox 387 4187 433 4253; x_wconf 83' lang='lat' dir='ltr'><strong>te,</strong></span> <span class='ocrx_word' id='word_1_385' title='bbox 449 4182 497 4242; x_wconf 90' lang='lat' dir='ltr'><strong>ita</strong></span> <span class='ocrx_word' id='word_1_386' title='bbox 512 4181 653 4242; x_wconf 91' lang='lat' dir='ltr'><strong>demiror</strong></span> <span class='ocrx_word' id='word_1_387' title='bbox 667 4185 694 4243; x_wconf 90' lang='lat' dir='ltr'><strong>si</strong></span> <span class='ocrx_word' id='word_1_388' title='bbox 709 4183 797 4261; x_wconf 93' lang='lat' dir='ltr'><strong>quod</strong></span> <span class='ocrx_word' id='word_1_389' title='bbox 811 4185 978 4263; x_wconf 87' lang='lat' dir='ltr'><strong>promittis</strong></span> <span class='ocrx_word' id='word_1_390' title='bbox 998 4189 1146 4261; x_wconf 88' lang='lat' dir='ltr'><strong>prestare</strong></span> <span class='ocrx_word' id='word_1_391' title='bbox 1166 4182 1293 4244; x_wconf 85' lang='lat' dir='ltr'><strong>valeas:</strong></span> <span class='ocrx_word' id='word_1_392' title='bbox 1316 4201 1506 4261; x_wconf 89' lang='lat' dir='ltr'><strong>quanquam</strong></span> <span class='ocrx_word' id='word_1_393' title='bbox 1521 4200 1588 4241; x_wconf 93' lang='lat' dir='ltr'><strong>non</strong></span> 
     </span>
     <span class='ocr_line' id='line_1_44' title="bbox 388 4264 1587 4346; baseline 0 -22"><span class='ocrx_word' id='word_1_394' title='bbox 388 4283 441 4325; x_wconf 91' lang='lat' dir='ltr'><strong>me</strong></span> <span class='ocrx_word' id='word_1_395' title='bbox 464 4264 550 4343; x_wconf 85' lang='lat' dir='ltr'><strong>fugit</strong></span> <span class='ocrx_word' id='word_1_396' title='bbox 572 4273 665 4326; x_wconf 90' lang='lat' dir='ltr'><strong>tuam</strong></span> <span class='ocrx_word' id='word_1_397' title='bbox 685 4267 901 4327; x_wconf 87' lang='lat' dir='ltr'><strong>autoritatem</strong></span> <span class='ocrx_word' id='word_1_398' title='bbox 924 4268 958 4327; x_wconf 93' lang='lat' dir='ltr'><strong>in</strong></span> <span class='ocrx_word' id='word_1_399' title='bbox 979 4267 1044 4327; x_wconf 89' lang='lat' dir='ltr'><strong>ista</strong></span> <span class='ocrx_word' id='word_1_400' title='bbox 1066 4266 1234 4346; x_wconf 89' lang='lat' dir='ltr'><strong>republica</strong></span> <span class='ocrx_word' id='word_1_401' title='bbox 1254 4266 1376 4345; x_wconf 89' lang='lat' dir='ltr'><strong>pollere</strong></span> <span class='ocrx_word' id='word_1_402' title='bbox 1398 4265 1587 4344; x_wconf 90' lang='lat' dir='ltr'><strong>plurimum.</strong></span> 
     </span>
     <span class='ocr_line' id='line_1_45' title="bbox 387 4347 1589 4430; baseline 0.001 -22"><span class='ocrx_word' id='word_1_403' title='bbox 387 4347 438 4408; x_wconf 91' lang='lat' dir='ltr'><strong>De</strong></span> <span class='ocrx_word' id='word_1_404' title='bbox 453 4348 588 4410; x_wconf 88' lang='lat' dir='ltr'><strong>ciuitate</strong></span> <span class='ocrx_word' id='word_1_405' title='bbox 603 4349 774 4411; x_wconf 86' lang='lat' dir='ltr'><strong>Basilienai</strong></span> <span class='ocrx_word' id='word_1_406' title='bbox 794 4350 897 4410; x_wconf 88' lang='lat' dir='ltr'><strong>videri</strong></span> <span class='ocrx_word' id='word_1_407' title='bbox 916 4351 1038 4429; x_wconf 89' lang='lat' dir='ltr'><strong>possim</strong></span> <span class='ocrx_word' id='word_1_408' title='bbox 1058 4349 1206 4412; x_wconf 91' lang='lat' dir='ltr'><strong>nonnihil</strong></span> <span class='ocrx_word' id='word_1_409' title='bbox 1220 4350 1428 4430; x_wconf 87' lang='lat' dir='ltr'><strong>promeritus,</strong></span> <span class='ocrx_word' id='word_1_410' title='bbox 1444 4348 1497 4408; x_wconf 88' lang='lat' dir='ltr'><strong>vel</strong></span> <span class='ocrx_word' id='word_1_411' title='bbox 1516 4349 1589 4427; x_wconf 91' lang='lat' dir='ltr'><strong>ipso</strong></span> 
     </span>
     <span class='ocr_line' id='line_1_46' title="bbox 387 4429 1588 4512; baseline 0 -21"><span class='ocrx_word' id='word_1_412' title='bbox 387 4429 641 4510; x_wconf 88' lang='lat' dir='ltr'><strong>Oecolampadio</strong></span> <span class='ocrx_word' id='word_1_413' title='bbox 660 4439 755 4506; x_wconf 87' lang='lat' dir='ltr'><strong>teste,</strong></span> <span class='ocrx_word' id='word_1_414' title='bbox 770 4452 872 4512; x_wconf 91' lang='lat' dir='ltr'><strong>quum</strong></span> <span class='ocrx_word' id='word_1_415' title='bbox 892 4435 927 4494; x_wconf 91' lang='lat' dir='ltr'><strong>in</strong></span> <span class='ocrx_word' id='word_1_416' title='bbox 944 4440 1089 4494; x_wconf 87' lang='lat' dir='ltr'><strong>vestram</strong></span> <span class='ocrx_word' id='word_1_417' title='bbox 1104 4432 1186 4494; x_wconf 94' lang='lat' dir='ltr'><strong>nihil</strong></span> <span class='ocrx_word' id='word_1_418' title='bbox 1206 4434 1301 4494; x_wconf 89' lang='lat' dir='ltr'><strong>officii</strong></span> <span class='ocrx_word' id='word_1_419' title='bbox 1318 4431 1532 4504; x_wconf 68' lang='lat' dir='ltr'><strong>contulerim</strong></span> <span class='ocrx_word' id='word_1_420' title='bbox 1553 4437 1588 4492; x_wconf 92' lang='lat' dir='ltr'><strong>et</strong></span> 
     </span>
     <span class='ocr_line' id='line_1_47' title="bbox 389 4513 1635 4595; baseline 0 -21"><span class='ocrx_word' id='word_1_421' title='bbox 389 4521 502 4575; x_wconf 88' lang='lat' dir='ltr'><strong>tamen</strong></span> <span class='ocrx_word' id='word_1_422' title='bbox 527 4515 584 4576; x_wconf 87' lang='lat' dir='ltr'><strong>illa</strong></span> <span class='ocrx_word' id='word_1_423' title='bbox 609 4535 759 4578; x_wconf 90' lang='lat' dir='ltr'><strong>recusare</strong></span> <span class='ocrx_word' id='word_1_424' title='bbox 783 4517 923 4589; x_wconf 89' lang='lat' dir='ltr'><strong>videtur,</strong></span> <span class='ocrx_word' id='word_1_425' title='bbox 948 4518 975 4578; x_wconf 94' lang='lat' dir='ltr'><strong>si</strong></span> <span class='ocrx_word' id='word_1_426' title='bbox 998 4517 1098 4577; x_wconf 87' lang='lat' dir='ltr'><strong>velim</strong></span> <span class='ocrx_word' id='word_1_427' title='bbox 1123 4516 1176 4577; x_wconf 90' lang='lat' dir='ltr'><strong>vel</strong></span> <span class='ocrx_word' id='word_1_428' title='bbox 1200 4517 1244 4578; x_wconf 90' lang='lat' dir='ltr'><strong>ad</strong></span> <span class='ocrx_word' id='word_1_429' title='bbox 1269 4523 1400 4595; x_wconf 89' lang='lat' dir='ltr'><strong>tempus</strong></span> <span class='ocrx_word' id='word_1_430' title='bbox 1421 4513 1588 4575; x_wconf 89' lang='lat' dir='ltr'><strong>interdum</strong></span> <span class='ocrx_word' id='word_1_431' title='bbox 1601 4538 1635 4585; x_wconf 84' lang='lat'><strong>90</strong></span> 
     </span>
     <span class='ocr_line' id='line_1_48' title="bbox 387 4596 1588 4679; baseline 0.001 -21"><span class='ocrx_word' id='word_1_432' title='bbox 387 4597 501 4659; x_wconf 86' lang='lat' dir='ltr'><strong>adesse</strong></span> <span class='ocrx_word' id='word_1_433' title='bbox 516 4598 686 4673; x_wconf 86' lang='lat' dir='ltr'><strong>Frobenio‚</strong></span> <span class='ocrx_word' id='word_1_434' title='bbox 702 4619 803 4678; x_wconf 92' lang='lat' dir='ltr'><strong>quum</strong></span> <span class='ocrx_word' id='word_1_435' title='bbox 819 4619 869 4661; x_wconf 88' lang='lat' dir='ltr'><strong>res</strong></span> <span class='ocrx_word' id='word_1_436' title='bbox 887 4599 1046 4679; x_wconf 88' lang='lat' dir='ltr'><strong>postulat.</strong></span> <span class='ocrx_word' id='word_1_437' title='bbox 1089 4599 1194 4673; x_wconf 90' lang='lat' dir='ltr'><strong>Adde,</strong></span> <span class='ocrx_word' id='word_1_438' title='bbox 1212 4601 1281 4661; x_wconf 91' lang='lat' dir='ltr'><strong>siis</strong></span> <span class='ocrx_word' id='word_1_439' title='bbox 1301 4617 1408 4659; x_wconf 92' lang='lat' dir='ltr'><strong>rerum</strong></span> <span class='ocrx_word' id='word_1_440' title='bbox 1423 4596 1588 4659; x_wconf 89' lang='lat' dir='ltr'><strong>tumultus</strong></span> 
     </span>
     <span class='ocr_line' id='line_1_49' title="bbox 387 4682 1586 4760; baseline 0.001 -20"><span class='ocrx_word' id='word_1_441' title='bbox 387 4682 539 4742; x_wconf 86' lang='lat' dir='ltr'><strong>extiterit</strong></span> <span class='ocrx_word' id='word_1_442' title='bbox 556 4701 652 4760; x_wconf 89' lang='lat' dir='ltr'><strong>quem</strong></span> <span class='ocrx_word' id='word_1_443' title='bbox 670 4683 879 4755; x_wconf 88' lang='lat' dir='ltr'><strong>timebamus,</strong></span> <span class='ocrx_word' id='word_1_444' title='bbox 894 4703 952 4744; x_wconf 92' lang='lat' dir='ltr'><strong>nec</strong></span> <span class='ocrx_word' id='word_1_445' title='bbox 970 4682 1079 4744; x_wconf 88' lang='lat' dir='ltr'><strong>adhuc</strong></span> <span class='ocrx_word' id='word_1_446' title='bbox 1098 4685 1212 4744; x_wconf 92' lang='lat' dir='ltr'><strong>timere</strong></span> <span class='ocrx_word' id='word_1_447' title='bbox 1230 4683 1394 4754; x_wconf 92' lang='lat' dir='ltr'><strong>desiimus,</strong></span> <span class='ocrx_word' id='word_1_448' title='bbox 1414 4700 1494 4742; x_wconf 91' lang='lat' dir='ltr'><strong>num</strong></span> <span class='ocrx_word' id='word_1_449' title='bbox 1512 4700 1586 4742; x_wconf 90' lang='lat' dir='ltr'><strong>con·</strong></span> 
     </span>
     <span class='ocr_line' id='line_1_50' title="bbox 388 4763 1587 4846; baseline -0.001 -21"><span class='ocrx_word' id='word_1_450' title='bbox 388 4765 484 4825; x_wconf 92' lang='lat' dir='ltr'><strong>tinuo</strong></span> <span class='ocrx_word' id='word_1_451' title='bbox 499 4770 594 4826; x_wconf 92' lang='lat' dir='ltr'><strong>tutus</strong></span> <span class='ocrx_word' id='word_1_452' title='bbox 609 4772 695 4827; x_wconf 88' lang='lat' dir='ltr'><strong>esset</strong></span> <span class='ocrx_word' id='word_1_453' title='bbox 710 4768 766 4845; x_wconf 93' lang='lat' dir='ltr'><strong>qui</strong></span> <span class='ocrx_word' id='word_1_454' title='bbox 781 4768 901 4827; x_wconf 88' lang='lat' dir='ltr'><strong>vestris</strong></span> <span class='ocrx_word' id='word_1_455' title='bbox 916 4767 1088 4828; x_wconf 88' lang='lat' dir='ltr'><strong>moenibus</strong></span> <span class='ocrx_word' id='word_1_456' title='bbox 1103 4768 1310 4846; x_wconf 76' lang='lat' dir='ltr'><strong>cingeretur?</strong></span> <span class='ocrx_word' id='word_1_457' title='bbox 1347 4764 1431 4826; x_wconf 87' lang='lat' dir='ltr'><strong>Mira</strong></span> <span class='ocrx_word' id='word_1_458' title='bbox 1446 4763 1587 4843; x_wconf 89' lang='lat' dir='ltr'><strong>quedam</strong></span> 
     </span>
     <span class='ocr_line' id='line_1_51' title="bbox 387 4847 1587 4928; baseline 0.001 -21"><span class='ocrx_word' id='word_1_459' title='bbox 387 4847 489 4908; x_wconf 81' lang='lat' dir='ltr'><strong>fuerit</strong></span> <span class='ocrx_word' id='word_1_460' title='bbox 504 4848 701 4922; x_wconf 89' lang='lat' dir='ltr'><strong>humanitas,</strong></span> <span class='ocrx_word' id='word_1_461' title='bbox 717 4851 745 4910; x_wconf 92' lang='lat' dir='ltr'><strong>si</strong></span> <span class='ocrx_word' id='word_1_462' title='bbox 760 4850 802 4910; x_wconf 90' lang='lat' dir='ltr'><strong>ab</strong></span> <span class='ocrx_word' id='word_1_463' title='bbox 817 4852 856 4911; x_wconf 90' lang='lat' dir='ltr'><strong>iis</strong></span> <span class='ocrx_word' id='word_1_464' title='bbox 870 4869 933 4928; x_wconf 91' lang='lat' dir='ltr'><strong>que</strong></span> <span class='ocrx_word' id='word_1_465' title='bbox 948 4869 1007 4912; x_wconf 90' lang='lat' dir='ltr'><strong>vos</strong></span> <span class='ocrx_word' id='word_1_466' title='bbox 1023 4849 1148 4910; x_wconf 91' lang='lat' dir='ltr'><strong>docetis</strong></span> <span class='ocrx_word' id='word_1_467' title='bbox 1163 4850 1420 4921; x_wconf 90' lang='lat' dir='ltr'><strong>dissentientem,</strong></span> <span class='ocrx_word' id='word_1_468' title='bbox 1436 4849 1502 4909; x_wconf 92' lang='lat' dir='ltr'><strong>imo</strong></span> <span class='ocrx_word' id='word_1_469' title='bbox 1521 4866 1587 4908; x_wconf 91' lang='lat' dir='ltr'><strong>non</strong></span> 
     </span>
    </p>
   </div>
   <div class='ocr_carea' id='block_1_2' title="bbox 387 4981 1586 5117">
    <p class='ocr_par' dir='ltr' id='par_1_5' title="bbox 387 4981 1586 5117">
     <span class='ocr_line' id='line_1_52' title="bbox 423 4981 1586 5062; baseline 0 -30"><span class='ocrx_word' id='word_1_470' title='bbox 423 4984 464 5046; x_wconf 86' lang='lat'><strong>48.</strong></span> <span class='ocrx_word' id='word_1_471' title='bbox 484 4982 697 5048; x_wconf 74' lang='grc' dir='ltr'>καρδιογνώστης]</span> <span class='ocrx_word' id='word_1_472' title='bbox 728 4984 771 5034; x_wconf 78' lang='lat' dir='ltr'><strong>Cf.</strong></span> <span class='ocrx_word' id='word_1_473' title='bbox 801 4984 857 5050; x_wconf 77' lang='lat' dir='ltr'><strong>Ep.</strong></span> <span class='ocrx_word' id='word_1_474' title='bbox 886 4998 961 5050; x_wconf 80' lang='lat'>2443·</span> <span class='ocrx_word' id='word_1_475' title='bbox 1047 4983 1303 5062; x_wconf 33' lang='lat' dir='ltr'><strong>76..Sabastianus]</strong></span> <span class='ocrx_word' id='word_1_476' title='bbox 1323 4983 1445 5042; x_wconf 66' lang='lat' dir='ltr'><strong>Francln</strong></span> <span class='ocrx_word' id='word_1_477' title='bbox 1465 4997 1512 5032; x_wconf 84' lang='lat' dir='ltr'><strong>see</strong></span> <span class='ocrx_word' id='word_1_478' title='bbox 1531 4981 1586 5049; x_wconf 83' lang='lat' dir='ltr'><strong>Ep.</strong></span> 
     </span>
     <span class='ocr_line' id='line_1_53' title="bbox 387 5051 1196 5117; baseline 0.001 -17"><span class='ocrx_word' id='word_1_479' title='bbox 387 5053 468 5114; x_wconf 86' lang='lat' dir='ltr'><strong>276n.</strong></span> <span class='ocrx_word' id='word_1_480' title='bbox 1013 5051 1196 5117; x_wconf 77' lang='lat' dir='ltr'><strong>2441mtr0d.</strong></span> 
     </span>
    </p>
   </div>
   <div class='ocr_carea' id='block_1_3' title="bbox 0 0 2029 5900">
    <p class='ocr_par' dir='ltr' id='par_1_6' title="bbox 0 0 2029 5900">
     <span class='ocr_line' id='line_1_54' title="bbox 0 0 2029 5900; baseline 0 0"><span class='ocrx_word' id='word_1_481' title='bbox 0 0 2029 5900; x_wconf 95' lang='lat' dir='ltr'><strong> </strong></span> 
     </span>
    </p>
   </div>
  </div>
 </body>
</html>
