4042 5900
430 644 472 705 cc
757 640 955 703 uermes
977 640 1033 702 or
1054 638 1260 703 cessuros
1538 641 1633 719 [1530

431 804 540 883 poium
557 802 605 863 18.
621 802 673 863 die
694 801 825 880 augusti
847 802 1007 880 scriptae;
1030 800 1092 861 hoc
1113 799 1249 861 exhibui
1270 799 1423 879 Reginae.
1468 798 1549 861 Non
1569 799 1632 860 dis-

431 885 548 966 plicuit
568 885 740 958 diuineei0,
762 885 904 946 maxime
930 903 1008 945 vero
1030 883 1156 964 placuit
1181 883 1362 944 consilium.
1416 881 1458 943 Id
1481 882 1576 962 quod
1601 884 1634 943 in

385 977 418 1038 85
431 969 549 1030 htteris
564 968 607 1028 ad
620 988 673 1029 me
687 968 793 1028 missis
806 968 854 1028 illi
869 968 1069 1040 commisisti,
1081 967 1180 1028 faciet
1194 965 1401 1046 perlibenter.
1436 964 1570 1027 Rumor
1582 973 1632 1026 est

431 1072 490 1113 nos
505 1053 539 1112 in
554 1051 770 1113 Brabanoiam
790 1052 966 1112 transferre
980 1050 1198 1123 domicilium;
1221 1052 1249 1109 si
1262 1050 1297 1110 id
1312 1050 1435 1110 cercius
1457 1067 1634 1128 agnouere,

433 1135 495 1196 tibi
510 1134 706 1213 significabo.
751 1135 912 1195 Dominus
927 1140 961 1196 te
975 1140 1085 1195 seruet
1104 1133 1300 1194 incolumem
1321 1134 1356 1193 in
1370 1132 1634 1194 consolacionem

432 1218 613 1280 multorum
643 1218 813 1290 bonorum,
846 1218 975 1279 domine
1008 1224 1043 1278 et
1074 1219 1177 1277 amice
1211 1218 1246 1277 in
1274 1215 1403 1277 Christo
1432 1215 1633 1277 charissime.

474 1302 642 1381 Augustae
654 1302 895 1363 Vindelicorum
911 1319 927 1361 1
944 1302 1005 1362 Die
1020 1299 1171 1362 Octobris
1186 1300 1282 1361 Anno
1297 1299 1420 1360 domini
1437 1313 1532 1375 1530.

386 1404 420 1451 90
510 1384 655 1446 Litteras
669 1384 765 1445 hasce
780 1390 856 1464 post
870 1404 983 1446 earum
1236 1383 1375 1444 loannes
1389 1381 1595 1443 Henclrellus

538 1469 711 1529 leccionem
728 1468 872 1529 Volcano
887 1469 1067 1529 committe.
1341 1470 1419 1527 tuus
1433 1485 1475 1526 ex
1491 1466 1614 1527 anime.

674 1725 952 1812 ²³⁹⁰·232123932m
999 1725 1052 1789 Το
1069 1722 1388 1789 N1cnoms0m11.

472 1854 645 1925 Esterhazy
657 1854 721 1908 MS.
736 1871 767 1925 p.
783 1868 836 1920 2²5
852 1858 901 1923 (a).
1385 1852 1548 1923 Freiburg.

473 1928 537 1984 OE.
552 1930 598 1995 89.
1333 1942 1351 1998 7
1364 1927 1500 1983 October
1515 1941 1600 1997 1530.

472 2004 504 2058 J.
511 2004 680 2150 {1394114}
695 2021 725 2075 p.
743 2017 813 2075 1⁰4²
832 2003 872 2057 N.
883 2020 914 2074 p.
928 2017 1017 2070 1025:
1038 2004 1136 2058 Lond.
1150 2003 1234 2059 xxvi.
1246 2017 1300 2073 27:

472 2212 626 2257 EBASMVS
641 2200 868 2257 Rornanhmvs
883 2213 916 2256 N.
934 2211 1022 2257 OLAO
1037 2213 1228 2257 marimo
1244 2213 1378 2269 ALBBN„
1393 2211 1607 2258 succusano

860 2296 903 2339 ΕΤ
918 2296 1131 2341 ΟΟΝΒΙΗΔΒῙΟ
1146 2297 1216 2342 ΒΜ.

479 2405 558 2466 Non
581 2405 735 2465 mediocri
756 2404 836 2465 mihi
859 2403 978 2466 solatio
998 2412 1060 2478 est,
1082 2407 1128 2465 mi
1149 2405 1293 2478 Nicolae,
1315 2404 1405 2484 quod
1431 2404 1493 2466 hoc
1517 2403 1638 2477 seculo,

438 2489 527 2567 quod
544 2487 640 2549 nobis
659 2488 804 2566 vndique
824 2494 878 2549 tot
896 2489 1002 2567 gignit
1024 2488 1193 2550 hominum
1214 2495 1379 2569 portenta,
1394 2507 1528 2567 quoque
1547 2486 1638 2560 fides,

438 2573 583 2633 charitas
597 2577 632 2632 et
650 2572 839 2632 humanitas
858 2591 925 2632 non
947 2572 1046 2633 modo
1065 2573 1164 2651 friget
1185 2573 1403 2633 verumetiam
1424 2590 1561 2652 prorsus
1583 2591 1637 2633 ex-

439 2656 545 2716 tincta
577 2655 773 2735 sepultaque
805 2655 948 2728 videtur,
979 2658 1189 2735 reperiuntur
1222 2655 1331 2717 adhuc
1360 2654 1472 2733 aliqua
1505 2655 1638 2734 ingenia

410 2757 577 2818 5syncera
601 2738 823 2816 candidaque:
853 2739 940 2800 vnde
968 2757 1042 2818 spes
1065 2745 1117 2799 est
1140 2739 1317 2817 aliquando
1342 2739 1411 2800 lore
1434 2744 1474 2798 vt
1499 2756 1639 2799 aureum

440 2822 523 2883 illud
557 2841 659 2900 genus
688 2821 877 2882 mortalium
908 2821 1083 2902 ζωπυρηθῇ.
1141 2822 1277 2902 Aliquot
1306 2823 1429 2883 amicos
1457 2821 1562 2882 habui
1594 2822 1640 2881 sio

439 2905 590 2968 addictos
606 2906 805 2984 iunctosque,
822 2912 861 2967 vt
880 2905 933 2967 vel
954 2906 1044 2968 vitae
1064 2925 1142 2968 suae
1163 2905 1335 2986 dispendio
1356 2906 1437 2967 meis
1458 2903 1640 2967 commodis

439 2989 623 3051 consulturi
638 2989 829 3050 viderentur
845 2990 872 3050 si
888 3009 939 3051 res
954 2992 1003 3051 ita
1023 2991 1164 3063 tulisset,
1181 3009 1263 3070 quos
1282 3009 1370 3051 nunc
1393 2989 1505 3070 patior
1526 2988 1640 3050 hostes

440 3073 615 3153 plusquam
644 3073 812 3151 capitales,
837 3073 984 3152 adeoque
1013 3074 1183 3135 desierunt
1212 3093 1281 3135 esse
1307 3073 1405 3134 amici
1427 3079 1467 3133 vt
1489 3072 1641 3133 homines

395 3186 426 3221 ιο
439 3158 541 3217 etiam
555 3175 624 3216 esse
640 3157 805 3217 desierint.
837 3156 938 3218 Nulla
952 3159 1111 3236 pristinae
1127 3158 1383 3229 consuetudinis,
1399 3155 1492 3216 nulla
1507 3157 1640 3216 merito·

440 3259 512 3301 rum
528 3241 694 3312 memoria,
707 3240 800 3300 nulla
811 3240 886 3300 fidei
902 3241 1024 3319 religio,
1035 3241 1145 3301 nullus
1156 3241 1373 3302 humanitatis
1382 3258 1497 3300 sensus
1505 3243 1642 3300 reuocat

440 3324 512 3384 illos
532 3343 553 3383 a
572 3322 748 3383 maleficiis.
793 3322 883 3396 Quae
905 3343 957 3383 res
978 3332 1017 3384 vt
1040 3324 1121 3384 mihi
1143 3329 1271 3385 veteres
1292 3324 1414 3383 amicos
1435 3323 1492 3400 qui
1518 3323 1553 3383 in
1578 3320 1642 3383 fide

439 3408 664 3486 perstiterunt,
681 3406 790 3466 reddit
805 3406 989 3468 chariores:
1013 3409 1062 3468 ita
1076 3427 1191 3481 nouos,
1208 3409 1235 3468 si
1257 3409 1315 3486 qui
1332 3406 1521 3486 obtingunt,
1538 3406 1639 3467 maio·

440 3509 508 3551 rem
523 3490 557 3550 in
571 3490 705 3550 modum
722 3490 940 3551 commendet.

397 3599 427 3648 15
481 3573 566 3652 Ipse,
583 3573 721 3651 simplici
736 3579 836 3633 natus
852 3575 991 3652 ingenio,
1004 3573 1150 3635 delector
1165 3574 1312 3635 candidis
1327 3573 1452 3645 amicis,
1462 3570 1596 3650 qualem
1607 3576 1643 3632 te

441 3676 511 3718 esse
537 3663 610 3717 tum
632 3677 672 3716 ex
699 3657 819 3718 litteris
845 3658 922 3730 tuis,
938 3664 1012 3718 tum
1037 3677 1079 3719 ex
1104 3657 1230 3731 Quirini
1256 3657 1320 3717 mei
1345 3655 1536 3716 narratione
1560 3653 1642 3716 mihi

441 3740 555 3801 videor
570 3740 695 3819 liquido
716 3740 978 3820 deprehendisse,
995 3748 1035 3802 vt
1054 3742 1121 3802 tuis
1141 3740 1356 3813 munusculis,
1372 3739 1495 3816 alioqui
1510 3737 1642 3818 lepidis·

442 3825 532 3885 simis
547 3824 692 3903 mihique
707 3825 909 3902 gratissimis,
926 3825 1007 3885 nihil
1022 3825 1123 3886 luerit
1138 3845 1229 3904 opus.
1275 3823 1425 3884 Penitius
1444 3823 1643 3901 impressum

442 3914 494 3968 est
505 3908 615 3968 animo
630 3925 703 3967 meo
718 3905 814 3967 Olahi
829 3906 1065 3968 simulachrum
1080 3927 1179 3986 quam
1192 3915 1231 3969 vt
1242 3907 1318 3968 inde
1332 3906 1438 3986 possit
1452 3903 1570 3966 reuelli
1583 3909 1645 3965 aut

397 4017 430 4053 20
443 3989 584 4052 aboleri:
611 4009 770 4069 perquam
789 3996 886 4068 grata
905 3997 1018 4052 tamen
1037 3991 1103 4052 luit
1124 3993 1189 4052 ista
1210 3998 1270 4052 tua
1293 4007 1498 4069 superuacua
1524 3986 1644 4049 sollici·

443 4073 535 4145 tudo,
548 4074 668 4152 quippe
683 4092 782 4151 quem
797 4073 944 4152 intelligo
959 4074 1002 4136 ab
1018 4076 1139 4136 amoris
1154 4073 1362 4135 abundantia
1373 4070 1546 4152 proficisci.
1569 4069 1644 4132 Hoc

443 4175 573 4235 quoque
588 4156 771 4235 voluptatis
786 4157 914 4218 adferet
929 4158 1010 4218 mihi
1024 4158 1169 4219 cocleare
1190 4163 1288 4219 tuum
1306 4176 1344 4218 ac
1362 4155 1537 4228 fuscinula,
1554 4152 1646 4234 quod

442 4240 504 4301 hac
524 4246 613 4300 certe
632 4240 760 4300 ratione
779 4239 953 4301 Nicolaum
976 4260 1086 4302 meum
1109 4241 1283 4302 habiturus
1307 4259 1380 4301 sum
1403 4239 1590 4311 conuiuam,
1606 4256 1647 4299 ac

444 4322 583 4385 subinde
597 4322 710 4383 licebit
724 4324 872 4384 amiculis
887 4324 1012 4386 dicere:
1036 4325 1101 4385 Hic
1115 4329 1167 4385 est
1181 4324 1236 4385 ille
1252 4343 1344 4385 meus
1360 4322 1493 4396 Olahus,
1509 4320 1647 4400 quando

397 4432 430 4481 ²5
444 4406 603 4484 reliquam
619 4406 709 4466 vitae
723 4407 993 4469 consuetudinem
1009 4408 1105 4470 nobis
1121 4409 1268 4469 inuidere
1282 4408 1364 4469 fata.

486 4488 582 4551 Libet
596 4494 709 4551 autem
725 4490 896 4569 utriusque
913 4491 1066 4553 felicitati
1086 4492 1268 4573 gratulari:
1291 4499 1379 4564 tuae,
1397 4489 1450 4550 cui
1468 4488 1647 4568 eontigerit

478 4599 553 4649 2392.
571 4601 613 4649 86.
631 4598 784 4648 babreneia
794 4597 859 4648 MS.
988 4601 1064 4652 2393.
1082 4615 1140 4651 rrr.
1158 4620 1192 4651 a:
1210 4612 1294 4650 snas.
1306 4613 1372 4650 sor.
1384 4611 1513 4649 machao
1524 4604 1647 4647 nonno

445 4677 859 4716 numerusnumerous
871 4677 1054 4719 sacerrimo
1065 4681 1089 4718 s.
1101 4668 1124 4718 J
1136 4669 1262 4729 (uanus
1275 4702 1282 4715 .
1296 4703 1302 4715 .
1318 4703 1324 4716 .
1336 4677 1520 4716 sacamsaro
1531 4680 1585 4716 om.
1595 4658 1648 4721 N.)

446 4748 471 4783 2.
482 4747 596 4798 quoque
603 4731 634 4782 J.
644 4749 651 4781 z
663 4746 720 4781 om.
730 4750 755 4781 a.
790 4748 815 4797 4.
829 4750 861 4782 a:
873 4732 982 4799 aliquot
989 4735 1020 4786 J.
1062 4738 1088 4786 6.
1107 4732 1428 4797 (wwpqdfiscripeimnst
1448 4729 1647 4796 ζωπυρείσθωιι.

448 4797 791 4861 15.amicisa:snimisJ.
837 4801 1018 4853 toartibiJ.

480 4915 1020 4978 2³92.85.1itteriesdme]Notextane.
1107 4916 1182 4967 2³9³.
1206 4931 1248 4966 22.
1266 4914 1418 4976 fuscinula]
1447 4915 1527 4966 lcrk:
1561 4915 1646 4984 Vulg.

514 4982 565 5044 illi]
577 4999 614 5034 sc.
626 4983 760 5048 Reginae.
1073 4983 1191 5034 Exodus
1202 4996 1243 5045 27.
1257 4998 1280 5045 3.
