4042 5900
282 678 377 757 2619]
534 675 590 738 ΤΟ
611 674 817 739 AMBROSE
839 677 868 738 A
889 674 1225 738 GUMPPENBERG
1418 677 1476 737 461

282 856 399 934 meque
413 841 555 917 patrono
569 839 629 897 tuo
649 854 792 908 excuses,
807 835 899 896 cuius
920 834 1131 915 amplitudini
1149 834 1397 897 commendatus
1411 854 1480 897 esse

280 940 411 1064 culldne
422 1002 505 1064 vale.
542 1002 691 1082 Friburgi
703 1001 868 1082 Brisgoiae
878 1019 910 1063 v.
921 1002 973 1064 die
988 1001 1110 1075 Martii,
1122 1019 1209 1063 anno
1223 1021 1244 1063 a
1258 1000 1389 1063 Christo
1400 1007 1481 1065 nato

282 1103 464 1148 uoxxxn.

564 1429 723 1495 ποθ2620.
770 1429 822 1494 To
846 1429 1020 1495 Eusenos
1045 1428 1194 1495 Some.

320 1542 438 1597 British
452 1542 593 1597 Museum
607 1541 671 1596 MS.
686 1541 767 1596 Add.
782 1542 885 1610 38512,
899 1540 921 1596 i.
936 1543 982 1595 68.
1244 1541 1403 1614 Freiburg.

1204 1629 1222 1685 7
1234 1617 1344 1673 March
1359 1632 1440 1687 1532.

540 1744 598 1805 [An
608 1743 727 1809 original
737 1744 832 1801 letter,
844 1745 1006 1809 autograph
1018 1744 1216 1810 throughout]

322 1834 354 1897 S.
371 1835 406 1898 P.
422 1834 540 1897 Caesar
553 1841 605 1895 est
619 1835 653 1895 in
667 1832 841 1896 Germania
855 1834 913 1896 sed
927 1835 1007 1913 quid
1018 1841 1097 1915 agat
1107 1836 1227 1897 mirum
1239 1841 1290 1897 est
1300 1836 1476 1898 silentium.

278 1918 433 1999 Suspicor
453 1917 580 1979 nullum
597 1917 748 1979 futurum
768 1937 838 1979 esse
859 1917 1043 1981 concilium.
1087 1918 1238 1980 Pontifici
1263 1937 1329 1981 non
1346 1918 1478 1999 placent

278 2002 435 2073 concilia;
455 2020 515 2074 res,
527 2002 561 2062 ni
575 2000 681 2074 fallor,
692 2000 779 2063 ferro
789 2006 928 2081 geretur.
965 2001 1128 2064 Dominus
1138 2002 1196 2064 det
1207 2002 1330 2064 bonum
1340 2003 1476 2065 exitum.

321 2086 371 2145 Dc
393 2104 521 2145 summa
542 2104 643 2163 quam
664 2083 809 2145 habebut
831 2084 949 2146 Petrus
966 2085 1122 2165 Aegidius
1140 2084 1210 2147 fieri
1229 2090 1341 2165 potest
1357 2091 1397 2147 vt
1411 2105 1476 2147 me·

280 2169 384 2229 moria
403 2187 455 2228 me
473 2167 578 2241 fallat,
599 2173 763 2246 quantum
781 2173 894 2229 tamen
913 2169 1056 2241 memini,
1078 2167 1218 2248 epistola
1238 2168 1325 2229 illius
1345 2173 1380 2230 et
1402 2185 1506 2248 syn-5

278 2250 405 2331 grapha
432 2252 627 2312 estimarent
654 2270 728 2311 eam
756 2256 889 2312 centum
917 2255 953 2312 et
981 2251 1215 2331 septemdecim
1244 2251 1374 2313 florenis
1402 2271 1477 2314 cum

277 2334 406 2413 aliquot
420 2334 593 2413 stupueris.
637 2334 682 2394 Et
696 2332 765 2395 fieri
779 2339 900 2413 potest,
915 2339 954 2395 vt
973 2354 1015 2396 ex
1035 2339 1167 2396 mutata
1181 2341 1332 2396 monetae
1346 2336 1475 2397 estima-

277 2418 369 2479 tione
384 2417 587 2478 decreuerint
601 2416 714 2478 floreni
729 2417 804 2479 duo.
848 2415 913 2478 Sed
927 2417 977 2478 his
992 2417 1122 2478 damnis
1135 2419 1275 2479 assueui.

320 2500 479 2561 DcPetro
489 2499 639 2561 Barbirio
648 2499 802 2579 theologo
813 2502 893 2561 satis
904 2500 1060 2561 admirari
1068 2520 1134 2562 non
1142 2520 1293 2581 possum;
1313 2502 1475 2563 necintel-

279 2584 344 2664 ligo
357 2583 486 2645 litteras
500 2583 597 2655 illius,
612 2582 695 2644 adeo
709 2583 862 2664 perplexe
876 2583 1066 2663 loquuntur.
1492 2603 1524 2639 10

321 2667 507 2729 Ludouicus
535 2687 556 2727 a
584 2665 699 2727 Castro
726 2668 830 2728 nescit
858 2667 945 2729 vnde
974 2667 1094 2729 debeat
1122 2673 1243 2748 petere.
1298 2669 1478 2748 Episcopus

280 2751 444 2812 Rodiensis
460 2749 543 2811 nibil
565 2750 646 2810 mihi
665 2749 773 2822 debet,
791 2770 896 2829 neque
915 2752 1075 2831 promisit.
1118 2751 1388 2832 Archiepiscopus
1404 2772 1476 2832 pro·

279 2836 415 2895 miserat
440 2853 474 2894 se
500 2833 656 2895 daturum
682 2834 854 2913 pecuniam
879 2835 967 2896 intra
995 2841 1120 2914 septem
1146 2835 1224 2896 dies.
1268 2836 1313 2897 Et
1337 2834 1477 2897 fortasse

278 2918 418 2998 pecunia
432 2923 484 2979 est
497 2918 533 2978 in
546 2916 698 2979 manibus
713 2921 862 2979 actorum
876 2916 973 2992 illius,
988 2918 1047 2981 sed
1060 2938 1131 2980 eam
1143 2924 1296 2999 premunt
1307 2924 1477 2999 sperantes

279 3008 421 3063 mortem
437 3001 571 3063 domini.
615 3000 770 3080 Harpyee
785 3007 874 3074 sunt,
889 3007 949 3063 aut
963 3003 991 3062 si
1005 3003 1086 3081 quid
1101 3003 1222 3082 harpiis
1237 3003 1397 3082 rapacius.
1492 3021 1523 3070 15

323 3084 480 3145 Mandaui
505 3084 707 3162 Hieronymo
732 3084 894 3146 Frobenio
915 3090 955 3146 vt
979 3086 1116 3165 recipiat
1138 3085 1227 3164 quod
1250 3085 1478 3147 numerabitur

279 3167 520 3229 Franciordiae.
571 3165 644 3228 Soio
672 3167 734 3229 tibi
763 3168 937 3231 molestum
965 3187 1035 3229 esse
1064 3169 1114 3229 bis
1142 3170 1278 3230 minutis
1307 3168 1478 3230 summulis

279 3252 441 3331 occupari,
467 3255 599 3311 assueto
624 3251 809 3314 maioribus.
852 3250 917 3313 Sed
941 3253 1036 3313 iuxta
1061 3251 1201 3313 Paulum
1226 3253 1337 3314 omnia
1362 3253 1478 3314 suffert

278 3335 433 3396 ebaritas.

322 3418 514 3498 Expectabo
525 3417 666 3479 reditum
677 3417 828 3478 Frobenii
837 3437 857 3478 a
866 3419 1030 3479 nundinis.
1066 3416 1100 3478 Si
1109 3417 1190 3479 nibil
1199 3419 1263 3480 erit
1271 3420 1407 3480 missum
1418 3438 1477 3481 nec
1491 3439 1524 3476 20

280 3502 323 3563 ab
337 3501 597 3581 Archiepiscopo,
612 3520 671 3562 neo
686 3520 706 3560 a
720 3500 888 3575 Montioio,
904 3502 961 3580 qui
975 3501 1094 3562 litteris
1108 3502 1174 3562 suis
1189 3503 1340 3581 promisit
1353 3508 1477 3564 certem

279 3604 452 3729 ffirpmam,
463 3585 614 3645 emittam
628 3583 769 3645 alterum
784 3603 802 3645 e
817 3583 949 3645 famulis
964 3585 998 3645 in
1012 3584 1174 3664 Angliam,
1185 3590 1225 3646 vt
1239 3585 1339 3647 semel
1358 3586 1400 3646 ab
1420 3585 1478 3647 illa

345 3687 405 3729 rer.

323 3751 473 3812 Reuocor
487 3751 521 3811 in
532 3750 756 3823 Brabentiam‚
768 3750 825 3811 sed
836 3751 902 3812 tria
912 3755 1034 3824 metuo,
1046 3752 1188 3831 primum
1198 3771 1240 3813 ne
1249 3752 1477 3831 corpusculum

280 3834 341 3895 hoc
364 3853 430 3895 non
450 3835 536 3896 ferat
557 3835 623 3895 iem
643 3835 768 3896 coelum
790 3835 876 3895 istuc
897 3834 1053 3915 frigidum
1074 3854 1112 3896 ac
1132 3841 1317 3907 ventosum,
1339 3835 1415 3897 dein
1436 3854 1478 3898 ne
1491 3856 1523 3906 ²5

279 3918 438 3979 aduersus
455 3917 690 3979 monachorum
711 3917 812 3978 turias
829 3918 910 3978 satis
928 3917 1040 3979 valeat
1057 3918 1202 3997 Reginae
1219 3918 1342 3980 Mariae
1361 3917 1476 3994 fauor;

279 4007 447 4081 postremo
470 4020 511 4062 ne
534 4020 586 4061 me
611 4000 687 4061 aula
709 4000 860 4080 perimat,
886 4020 989 4079 quum
1019 4000 1071 4061 hic
1097 4002 1130 4061 in
1159 4000 1311 4063 cubiculo
1339 4002 1478 4065 latitans

278 4104 374 4163 aegre
388 4085 492 4145 vitam
507 4088 611 4145 tuear.

321 4167 477 4247 Theologi
488 4186 547 4247 pro
556 4168 676 4247 quibus
687 4169 767 4228 steti
777 4166 878 4229 talem
891 4168 1037 4229 referunt
1047 4168 1187 4247 gratiam
1198 4173 1236 4228 vt
1246 4187 1298 4229 me
1309 4169 1477 4249 poeniteat

279 4250 384 4312 vllum
399 4251 565 4330 scripsisse
579 4251 718 4313 verbum
737 4250 895 4312 aduersus
914 4251 1106 4313 Luteranos.
1149 4250 1301 4313 Censuris
1315 4252 1477 4332 respondi,
1490 4273 1523 4323 ³0

278 4335 335 4395 sed
352 4333 621 4407 moderatissime,
636 4352 694 4395 nec
709 4334 743 4395 id
757 4335 826 4395 sine
840 4334 984 4396 consilio.
1021 4333 1146 4396 Libello
1161 4334 1337 4414 plusquam
1351 4334 1478 4397 famoso

278 4416 1177 4581 tlulffttlttifutttt:ttti'tttflfflltt
1190 4417 1299 4562 titt
1313 4418 1477 4564 ullu

321 4584 409 4645 Bene
424 4582 507 4656 vale,
522 4582 639 4645 Schete
652 4584 849 4645 charissime.

321 4667 471 4746 Friburgi
486 4668 626 4747 septimo
640 4666 692 4728 die
707 4666 827 4728 Martii.
843 4666 1110 4729 annoaOhristo
1123 4672 1212 4729 nato.
1231 4680 1321 4744 1532.
1490 4689 1522 4738 35

880 4751 1037 4812 Erasmus
1051 4751 1129 4812 Rot.
1145 4757 1224 4812 tuus
1238 4769 1311 4812 mea
1325 4769 1434 4812 manu.

321 4858 515 4921 Honorabili
529 4859 609 4919 viro.
625 4857 665 4920 D.
681 4858 819 4920 Erasmo
833 4856 954 4921 Scheto
966 4859 1171 4939 negotiatori.
1212 4859 1428 4939 Antwerpiae.

278 5042 353 5092 2620.
372 5056 414 5105 ³⁰·
433 5039 577 5106 respondi]
589 5038 677 5105 Early
687 5040 717 5090 in
731 5052 803 5104 1532,
816 5040 886 5091 with
898 5040 948 5092 the
959 5040 1173 5102 Μοναὶοηω,
1185 5056 1232 5093 see
1243 5041 1298 5107 Ep.
1311 5054 1385 5104 2579.
1397 5054 1460 5105 5⁷¹¹·
