4042 5900
308 683 402 762 2545]
585 677 709 742 mou
730 677 996 742 enarremus
1017 677 1228 742 Arcnmn
1438 680 1505 741 scr.

308 845 494 902 verteretur
507 841 541 900 in
556 839 675 901 vitium
690 858 764 900 mea
774 838 921 912 audacia,
934 857 1033 918 quom
1044 858 1105 919 ego
1115 838 1205 902 rudis
1215 839 1323 901 adhuc
1334 858 1503 901 musarum

308 923 416 986 cultor
441 929 476 984 et
500 924 642 1002 primum
668 923 725 982 vix
749 928 883 1001 gustum
911 942 1024 983 earum
1054 922 1188 996 habens,
1214 924 1270 1001 qui
1295 942 1426 1003 quoque
1450 922 1504 983 τὸν
1516 918 1533 997 5'

308 1007 456 1068 Αἴσωπον
478 1002 549 1067 οὐδὲ
572 1004 747 1085 πεπάτηκα,
770 1007 843 1066 viro
865 1007 1011 1067 omnium
1029 1024 1111 1084 quos
1128 1005 1178 1067 sol
1199 1006 1284 1067 vidit
1305 1007 1504 1080 doctissimo,

309 1098 409 1169 etque
434 1095 487 1151 tot
514 1088 637 1150 sedulis
665 1094 826 1168 occupato
847 1087 1141 1163 lucubrationibus,
1166 1089 1354 1170 obstrepere
1379 1091 1505 1152 naeniis

309 1174 397 1235 hisce
419 1174 499 1234 meis
519 1192 619 1234 ausus
640 1171 776 1233 fuerim:
803 1171 880 1233 licet
901 1172 1007 1251 pudor
1025 1171 1121 1233 facile
1140 1173 1317 1246 adnuisset,
1332 1174 1367 1234 ni
1386 1174 1505 1253 ingenii

310 1257 505 1320 defecissent
519 1257 621 1328 nerui,
637 1256 694 1334 qui
708 1256 776 1317 stili
789 1256 930 1335 gretiam
944 1255 1123 1318 admodum
1137 1256 1336 1317 desiderant.

351 1340 415 1402 Sed
439 1359 533 1401 amor
555 1340 590 1399 in
613 1344 647 1399 te
672 1358 764 1400 meus
788 1338 847 1399 hec
872 1337 1007 1400 tandem
1034 1340 1144 1402 omnis
1168 1339 1304 1413 disiecit,
1328 1360 1444 1419 meque
1466 1360 1507 1402 eo
1521 1364 1552 1401 10

311 1424 435 1502 redegit
457 1429 496 1484 vt
517 1423 601 1484 citra
622 1441 751 1484 omnem
778 1422 937 1502 pudorem
962 1422 1006 1483 ad
1027 1428 1121 1484 tuam
1143 1424 1398 1503 prest<entiam>
1418 1443 1506 1485 nunc

312 1505 495 1568 scriberem.
540 1506 680 1567 Proinde
698 1506 726 1565 si
743 1504 802 1566 hcc
819 1525 893 1566 mea
909 1506 1084 1566 temeraria
1097 1506 1235 1568 audatia
1248 1512 1344 1568 tuum
1358 1507 1506 1568 doctissi-

312 1610 402 1652 mum
411 1588 561 1670 palatum
570 1589 751 1662 offenderit,
764 1608 822 1650 oro
830 1607 888 1668 per
897 1588 1009 1650 Musas
1018 1594 1057 1650 vt
1066 1590 1170 1651 emori
1179 1590 1214 1650 in
1222 1596 1256 1651 te
1268 1609 1341 1651 meo
1349 1590 1506 1668 ad(s>cri·

313 1673 390 1735 bas:
413 1674 467 1734 cui
481 1692 533 1734 mc
547 1673 581 1733 in
595 1691 740 1733 amorem
754 1678 789 1732 ct
802 1672 943 1752 gratiam
957 1672 1060 1734 etiam
1073 1679 1175 1752 atque
1188 1674 1290 1735 etiam
1304 1674 1506 1737 commendo.

355 1756 434 1818 Vale
448 1756 625 1817 Nestoreos
639 1756 673 1815 in
687 1774 800 1816 annos.
1522 1777 1554 1829 15

355 1838 502 1901 Besileec
517 1855 557 1919 19
571 1836 752 1919 Septembr.
768 1838 866 1899 Anno
879 1837 1013 1901 Domini
1030 1851 1120 1915 1531.
1483 1859 1485 1864 ·

1047 1920 1084 1983 Τ.
1101 1920 1137 1983 Ρ.
1152 1921 1384 1985 deditissimus.

1079 2003 1262 2067 Stanislaus
1276 2006 1467 2086 Aycblerus.

355 2114 554 2175 Doctissimo
567 2113 639 2176 viro
653 2112 788 2176 domino
801 2111 940 2175 Erasmo
954 2111 1212 2177 Rotberodamo.

567 2379 667 2440 2546.
714 2372 821 2440 Fron
837 2373 1026 2442 Bomaon
1041 2374 1259 2442 Annuuscn.

355 2513 447 2569 Baslc
459 2511 524 2568 MS.
538 2511 571 2567 0.
586 2511 658 2566 VI⁸.
672 2524 719 2581 73.
734 2514 799 2584 246.
1234 2513 1336 2569 Basia.

1112 2601 1150 2642 20
1162 2587 1375 2660 (September)
1392 2604 1474 2659 1531.

350 2715 407 2776 [An
423 2714 584 2779 autograph
601 2713 795 2779 rough-drait3
815 2728 862 2763 see
882 2713 937 2779 Ep.
958 2726 1024 2778 2542
1045 2714 1150 2764 introd.
1185 2714 1245 2766 The
1261 2722 1394 2767 contenta
1413 2718 1443 2767 oi
1462 2717 1513 2767 tbe

317 2783 403 2833 letter
412 2782 496 2831 make
507 2781 666 2831 Bomiccc's
677 2780 745 2831 date
756 2779 864 2845 plainly
874 2780 1053 2845 impossible;
1071 2781 1121 2831 the
1133 2782 1261 2847 simplest
1272 2784 1426 2834 correction
1442 2785 1467 2834 is
1482 2790 1514 2836 to

317 2864 441 2914 suppose
452 2848 519 2897 that
529 2848 565 2897 hc
577 2853 665 2897 wrote
676 2847 835 2911 Septembr.
850 2847 889 2911 by
900 2847 1023 2898 mistake
1035 2847 1079 2898 ior
1096 2847 1210 2899 Octobr.
1245 2849 1306 2899 The
1321 2857 1469 2901 sentences
1483 2851 1514 2901 in

318 2931 419 2982 square
431 2914 563 2965 brackets
575 2913 662 2965 stand
673 2913 772 2965 erased
783 2914 813 2964 in
825 2913 875 2964 the
887 2913 947 2976 rra]

360 3031 391 3094 S.
407 3032 443 3093 P.
486 3030 638 3092 Nobilem
653 3029 818 3108 quendam
833 3049 874 3091 cx
888 3029 1079 3091 consiliariis
1093 3032 1188 3110 regiis
1203 3051 1294 3093 socer
1304 3052 1379 3094 cum
1390 3033 1516 3094 familia

319 3116 461 3195 hospitio
480 3115 644 3193 tantisper
662 3113 742 3175 dum
762 3111 898 3174 domum
917 3113 1114 3175 conduceret
1132 3116 1245 3195 paucis
1264 3114 1384 3178 abhinc
1401 3115 1517 3178 dicbus

319 3203 499 3278 acceperat.
542 3196 663 3258 Verum
685 3216 803 3277 parum
824 3197 1003 3276 auspicato.
1046 3197 1133 3259 Nam
1155 3217 1195 3258 eo
1217 3217 1284 3277 quo
1305 3206 1443 3261 venerat
1463 3200 1516 3261 dic

319 3288 419 3343 noctu
431 3300 497 3341 vna
510 3300 552 3341 ex
566 3279 696 3341 filiabus
710 3279 825 3342 morbo
840 3287 991 3360 correpta
1004 3281 1094 3343 intra
1108 3281 1256 3343 triduum
1270 3284 1377 3362 periit.
1420 3283 1517 3345 Nunc

320 3385 410 3509 {pcedr
425 3382 554 3506 quoqpie
569 3363 813 3507 &ffliffln
835 3365 892 3442 qui
902 3368 1015 3461 tamen
1030 3363 1406 3510 nihssrdntiqumieldbbet
1417 3383 1546 3511 qrgalprs

405 3468 423 3508 e
452 3467 506 3509 om
573 3466 612 3507 ce
624 3466 645 3507 a
680 3467 691 3507 1
816 3466 893 3508 uam
917 3466 1037 3508 mmum
1070 3467 1107 3509 ce
1141 3466 1242 3508 rorem
1358 3468 1420 3523 cre,
1497 3469 1518 3511 o

321 3532 537 3610 Krotzingcm
549 3549 651 3608 vsque
666 3531 774 3603 misso,
790 3464 818 3590 dli
832 3465 918 3592 ford
933 3531 996 3591 itcr
1010 3529 1127 3591 fuisses
1142 3532 1317 3610 ingressus.
1362 3532 1415 3610 [Id
1429 3534 1518 3612 quod

321 3635 360 3676 eo
374 3615 427 3676 die
442 3633 508 3692 quo
521 3612 704 3674 cononicus
719 3632 814 3674 suam
827 3612 987 3675 familiam
1002 3613 1193 3675 adfuturam
1209 3614 1361 3694 dixerat]

364 3699 403 3758 In
421 3697 554 3776 negocio
571 3716 644 3758 meo
661 3697 843 3757 etiamnum
863 3696 1043 3776 amplietur
1063 3698 1216 3778 cognitio.
1259 3698 1393 3760 Vtinam
1414 3699 1517 3761 cbari-

323 3787 428 3842 tetem
445 3780 666 3841 Christianam
683 3780 872 3853 exaudiant,
887 3797 972 3858 quae
985 3799 1052 3841 non
1068 3783 1176 3859 querit
1191 3800 1274 3860 quae
1289 3801 1349 3843 sua
1364 3788 1443 3844 sunt
1462 3783 1520 3845 sed
1533 3801 1565 3839 ιο

322 3866 453 3945 paciens
465 3870 499 3925 et
510 3863 651 3942 benigne
662 3869 722 3936 cst,
734 3864 845 3925 omnia
855 3863 989 3924 credens
1000 3870 1035 3925 et
1046 3884 1190 3944 sperans.
1233 3863 1519 3944 Conquerebamur

324 3948 401 4008 olim
416 3946 652 4025 Babylonicam
667 3945 729 4007 sub
744 3945 903 4009 Pontifice
916 3948 1121 4009 seruitutem.
1164 3947 1261 4009 Nunc
1272 3949 1299 4010 si
1315 3950 1363 4009 ita
1373 3955 1519 4029 pergent,

323 4031 417 4091 liberi
428 4030 551 4091 scilicet
559 4030 689 4091 erimus.
727 4029 820 4108 [Heri
831 4029 874 4090 ad
885 4035 918 4090 te
927 4030 1003 4091 dedi
1011 4030 1150 4104 litteras,
1161 4049 1244 4110 quas
1255 4038 1338 4112 puto
1348 4034 1519 4113 accepisse.

323 4115 487 4175 Futurum
508 4132 603 4192 spero
621 4117 661 4173 vt
681 4132 741 4174 vos
761 4111 853 4174 breui
872 4114 1036 4191 inuisam]
1081 4113 1192 4175 Velius
1211 4122 1287 4176 tuas
1306 4115 1459 4190 reddidit,
1477 4116 1521 4177 ad

324 4217 406 4276 quas
421 4197 491 4258 heri
506 4195 667 4276 respondi.
1536 4216 1567 4267 15

368 4297 406 4340 12
421 4278 488 4340 Cal.
506 4278 706 4358 tScptembr.
724 4291 815 4355 1531.

329 4391 622 4491 'suffossum
671 4430 677 4442 ·
745 4429 899 4495 1111471.
983 4445 1008 4491 9.
1028 4430 1257 4496 vmm...13.
1275 4432 1521 4500 erimuosoeup.

359 4498 434 4547 2546.
454 4510 477 4560 7.
497 4497 696 4563 Krotzingam]
774 4497 898 4562 tuingen,
949 4498 1016 4561 2538
1028 4497 1133 4548 introd.

325 4564 463 4696 &gibbi-'g
465 4668 470 4680 Ι
479 4563 607 4614 between
640 4563 813 4629 Neucnburg
840 4563 898 4614 and
984 4563 1427 4632 14.Velim]seenp.2543.1n.
