4042 5900
329 668 424 748 2443]
685 663 924 728 rossooro
946 664 1172 728 succurro
1461 669 1519 730 161

329 852 422 895 amor
450 833 531 895 mihi
558 832 736 913 imposuit;
769 832 922 894 videbam
951 833 1110 894 honorem
1139 833 1209 894 sine
1242 853 1395 895 curarum
1423 854 1520 896 onere

330 917 450 996 suscipi
474 916 606 996 gerique
631 936 698 979 non
721 935 825 997 posse.
869 916 921 978 Ad
943 916 1139 995 dignitatem
1160 936 1234 978 eam
1258 918 1520 997 consequendam

330 1001 433 1079 magis
447 1000 517 1079 ipse
531 1000 611 1061 mihi
626 1000 716 1061 defui
733 1019 832 1079 quam
851 999 996 1061 fortuna.
1040 998 1103 1061 Sed
1117 1001 1233 1062 eodem
1247 1002 1359 1063 auimo
1372 1020 1439 1080 quo
1452 1002 1521 1082 fugi

330 1083 536 1162 dignitatem,
558 1090 594 1144 et
617 1083 724 1145 famae
749 1083 922 1145 celebritas
947 1088 1020 1144 erat
1047 1082 1212 1163 fugienda.
1255 1084 1354 1146 Hunc
1378 1103 1521 1146 errorem
1536 1114 1585 1163 130

330 1186 441 1228 meum
462 1186 534 1228 sero
555 1168 627 1246 cepi
647 1168 776 1239 sentire,
798 1166 953 1227 nimirum
974 1167 1167 1246 corpusculo
1188 1168 1233 1228 sic
1255 1167 1375 1229 affecto
1395 1173 1434 1228 vt
1454 1169 1521 1230 iam

330 1269 390 1311 nec
411 1249 507 1311 aulae
527 1250 692 1323 colendae,
714 1250 757 1311 ad
778 1269 878 1330 quam
899 1248 1027 1310 fueram
1048 1255 1243 1329 pertractus,
1261 1270 1321 1312 nec
1338 1250 1397 1311 vlli
1414 1250 1520 1331 splen·

331 1333 427 1395 didae
440 1333 604 1395 functioni
613 1352 674 1413 par
688 1352 758 1395 esse
772 1338 892 1412 posset.
921 1332 1032 1411 Atque
1042 1334 1174 1395 interim
1187 1334 1302 1395 extitit
1315 1334 1375 1395 hec
1389 1333 1522 1396 ecclesie

332 1422 513 1496 tempestas
534 1436 619 1495 quae
640 1435 750 1478 meum
771 1422 873 1496 caput
894 1416 992 1496 plane
1020 1436 1169 1479 mersura
1192 1417 1312 1490 iuerat,
1335 1418 1398 1478 nisi
1419 1436 1522 1496 quum

332 1500 472 1561 aliorum
497 1501 679 1579 principum
704 1507 778 1561 tum
804 1518 882 1560 vero
905 1500 1049 1560 maxime
1074 1498 1183 1562 Caroli
1203 1500 1329 1562 Cesaris
1353 1501 1449 1563 iauor
1470 1520 1522 1562 me
1537 1527 1584 1579 135

330 1583 443 1662 aliqua
456 1602 498 1644 ex
512 1589 607 1663 parte
621 1583 833 1644 suhleuasset.
858 1581 945 1643 Nam
959 1582 1021 1644 hoc
1036 1582 1206 1645 hominum
1220 1603 1332 1663 genus,
1347 1585 1375 1645 si
1389 1585 1523 1664 quando

331 1668 454 1746 ceperit
467 1667 619 1739 insanire,
633 1684 693 1727 nec
707 1665 833 1728 Cesaris
846 1685 906 1727 neo
920 1667 1039 1727 summi
1056 1666 1220 1745 pontificis
1236 1667 1417 1729 autoritate
1430 1686 1521 1747 pror·

332 1769 388 1811 sus
408 1750 602 1811 deterretur.
645 1749 707 1810 His
730 1749 827 1811 rebus
846 1749 973 1811 iactum
993 1756 1046 1810 est
1066 1756 1106 1811 vt
1127 1750 1207 1811 dum
1225 1752 1381 1830 pristinos
1401 1751 1521 1825 hostes,

331 1853 413 1912 quos
424 1834 567 1894 excitate
581 1833 671 1913 apud
685 1839 851 1895 nostrates
864 1852 938 1894 mea
948 1833 1165 1913 potissimum,
1175 1839 1215 1895 vt
1228 1833 1291 1895 sibi
1305 1834 1438 1913 quidem
1451 1853 1521 1914 per-

332 1916 482 1990 suadent,
498 1936 598 1996 opera
611 1917 696 1978 bone
711 1916 842 1978 litterae
859 1917 894 1976 in
908 1935 960 1977 me
973 1917 1172 1989 excitarunt,
1187 1917 1383 1997 placatiores
1402 1917 1523 1980 habere
1537 1945 1586 1996 140

332 2019 399 2062 nou
413 2019 555 2079 possum,
570 2006 605 2061 et
619 2000 776 2062 aduersus
790 1999 973 2061 studiorum
988 2001 1154 2062 communi
1167 2000 1277 2062 iedera
1290 2001 1372 2062 mihi
1393 2002 1523 2064 iunctos

332 2083 375 2145 ob
397 2084 558 2144 innouata
578 2083 735 2163 dogmata
755 2083 932 2163 protrudor
953 2084 988 2144 in
1013 2082 1179 2156 harenam,
1206 2085 1361 2164 vtrinque
1385 2083 1522 2165 lapidet,

331 2167 520 2244 etquidem
544 2167 687 2247 impune,
709 2173 826 2247 vtpote
850 2186 910 2228 nec
932 2165 1107 2228 excellenti
1131 2167 1282 2228 doctrina
1306 2186 1365 2229 nec
1390 2167 1524 2229 fortune

333 2250 504 2330 splendore
525 2269 584 2311 nec
606 2249 674 2311 vlla
695 2251 875 2311 autoritate
896 2251 1053 2322 munitus,
1075 2250 1180 2311 tutior
1200 2250 1370 2329 aliquanto
1391 2249 1524 2312 iuturus

333 2332 386 2407 (de
403 2334 547 2394 externis
563 2334 691 2412 loquor)
707 2335 734 2394 si
752 2333 805 2395 vel
824 2334 858 2394 in
878 2338 986 2394 castra
1000 2351 1161 2394 nouorum
1175 2333 1367 2412 dogmatum
1381 2353 1434 2395 me
1448 2353 1523 2395 con·
1538 2360 1586 2412 145

333 2416 490 2489 tulissem,
506 2416 557 2477 vel
572 2417 666 2478 aulae
680 2417 878 2497 mancipium
889 2435 959 2477 esse
970 2417 1214 2477 sustinuissem:
1237 2436 1408 2495 equorum
1419 2416 1524 2479 altero

333 2499 512 2560 reuocabat
528 2501 644 2580 pietas,
660 2499 703 2560 ab
720 2499 825 2561 altero
845 2501 966 2580 partim
985 2500 1099 2578 genius
1116 2519 1217 2572 meus,
1232 2501 1353 2579 partim
1368 2500 1525 2562 valetudo

334 2582 533 2644 retrahebat.
578 2584 773 2662 Priusquam
802 2583 860 2644 hec
888 2584 1078 2662 opinionum
1107 2583 1298 2662 digladiatio
1325 2589 1524 2657 nasceretur,

333 2685 423 2727 eram
448 2666 536 2746 apud
563 2666 763 2727 humanioris
787 2666 974 2728 litterature
999 2672 1126 2745 mystas
1147 2667 1409 2746 gratiosissimus,
1431 2686 1523 2747 prae·

333 2751 446 2811 sertim
466 2751 499 2810 in
520 2748 820 2828 Germaniamque
838 2749 899 2811 hoc
919 2768 985 2810 vno
1005 2749 1166 2829 praesidio
1183 2749 1263 2810 mihi
1285 2751 1366 2811 satis
1387 2749 1525 2811 videbar
1539 2775 1587 2825 150

333 2834 498 2894 munitus:
523 2852 610 2894 nunc
631 2832 739 2894 nullos
759 2832 827 2894 iere
848 2832 953 2893 habco
975 2832 1164 2894 infensiores
1184 2832 1295 2894 hostes
1316 2852 1417 2911 quam
1441 2852 1524 2912 quos

334 2917 424 2997 prius
445 2915 605 2978 habebam
632 2917 805 2978 acerrimos
830 2922 1098 2997 propugnatores.
1142 2915 1197 2977 Ita
1221 2917 1341 2990 euenit,
1368 2921 1406 2978 vt
1432 2915 1526 2979 velut

334 3001 434 3061 humo
455 3020 570 3080 repens
591 3000 823 3062 animalculum
845 3000 941 3062 molle
962 3006 998 3061 et
1019 3001 1150 3073 inerme,
1165 3019 1232 3062 non
1253 2999 1359 3062 solum
1377 3000 1523 3075 canibus,

334 3082 455 3157 suibus,
476 3085 566 3164 picis,
588 3084 703 3158 cornis,
723 3084 872 3163 graculis,
892 3083 1060 3164 aspidibus
1078 3102 1117 3145 ac
1138 3084 1267 3163 viperis,
1288 3102 1403 3145 verum
1424 3085 1525 3145 etiam

334 3168 452 3246 vespis,
472 3168 639 3228 cimicibus
656 3187 694 3228 ao
714 3166 875 3248 pulicibus
894 3168 1063 3246 expositus
1083 3186 1196 3227 essem.
1239 3166 1285 3227 Et
1306 3168 1364 3246 qui
1385 3168 1471 3228 inter
1491 3186 1588 3245 se155

334 3248 478 3328 ἅσπόνδῳ
503 3249 630 3329 πολέμῳ
654 3250 936 3322 conflictabantur,
960 3250 1003 3310 ad
1028 3267 1082 3310 me
1106 3249 1316 3311 lacerandum
1339 3250 1524 3324 concordes,

335 3335 422 3394 socia
441 3353 532 3394 arma
551 3333 740 3413 iungebant.
783 3333 852 3395 Nec
869 3333 1046 3395 defuerunt
1065 3332 1151 3406 Itali,
1168 3334 1225 3412 qui
1239 3332 1389 3395 Cesaram
1404 3339 1524 3395 totam·

335 3436 399 3495 que
418 3415 543 3477 Cesaris
564 3418 675 3478 aulam
696 3418 730 3478 in
751 3437 860 3478 meum
882 3418 1020 3478 exitium
1042 3417 1210 3488 iritarent;
1233 3422 1268 3478 et
1286 3423 1525 3497 persuaserant,

335 3501 397 3560 nisi
419 3499 605 3561 litterarum
627 3501 788 3580 praesidio
810 3501 972 3579 aequioris
997 3499 1107 3560 iudicii
1129 3501 1291 3580 principes
1312 3520 1524 3562 reuocassem.

335 3582 531 3661 Quanquam
547 3583 703 3645 aduersus
718 3585 899 3645 cinctorum
914 3583 1147 3645 distinctorum
1166 3603 1205 3644 ac
1220 3583 1431 3663 palliatorum
1445 3584 1525 3664 pha·
1541 3597 1590 3646 160

335 3666 456 3746 langes,
481 3685 541 3727 nec
564 3665 662 3728 Cesar
686 3687 745 3729 nec
774 3667 922 3747 pontifex
950 3666 1043 3728 valet
1071 3686 1258 3745 quenquam
1287 3666 1385 3747 plane
1413 3673 1526 3730 tutum

334 3749 477 3810 reddere.

377 3832 464 3906 Quid
491 3832 657 3895 iacerem?
698 3834 813 3913 Equus
841 3854 876 3895 se
901 3839 1016 3895 tuetur
1039 3832 1192 3908 calcibus,
1218 3833 1308 3895 cauis
1333 3834 1441 3907 dente,
1467 3833 1527 3894 bos

335 3916 497 3990 cornibus,
523 3917 652 3996 hystrix
678 3918 788 3997 spinis,
813 3937 892 3998 apes
920 3917 1050 3990 eculeis,
1075 3936 1173 3978 narce
1201 3936 1338 3990 veneno,
1367 3916 1527 3978 columbis

335 4000 496 4080 praesidio
510 4006 562 4061 est
575 4000 709 4062 volandi
723 4002 916 4081 pernicitas:
939 4000 1020 4062 mihi
1033 3999 1114 4061 nihil
1128 4005 1201 4061 erat
1211 4007 1342 4080 praeter
1352 4000 1526 4074 calamum,
1542 4016 1590 4078 165

336 4103 433 4161 quem
455 4103 582 4163 semper
603 4090 754 4163 optaram
776 4090 815 4144 vt
839 4091 999 4165 perpetuo
1023 4085 1232 4145 incruentum
1258 4083 1377 4145 habere
1403 4084 1526 4146 liceret.

336 4166 408 4227 Hoc
429 4169 584 4245 quoniam
601 4166 680 4228 istis
697 4172 853 4247 negatum
870 4175 931 4239 est,
946 4166 990 4228 ed
1008 4167 1043 4228 id
1062 4166 1152 4246 quod
1165 4172 1238 4229 erat
1251 4168 1437 4247 proximum
1452 4186 1527 4229 con·

335 4249 422 4329 iugi:
445 4250 496 4310 his
514 4256 646 4311 tantum
665 4250 827 4331 respondi,
845 4252 902 4329 qui
923 4250 1100 4312 violentius
1118 4250 1289 4328 urgebant,
1304 4270 1325 4310 a
1342 4250 1529 4312 nominibus

336 4333 475 4395 libenter
488 4334 633 4394 abstinui
644 4355 651 4406 ;
673 4352 715 4394 no
728 4353 825 4413 quem
840 4333 986 4395 ordinem
997 4334 1137 4394 lederem
1147 4333 1261 4394 sedulo
1271 4335 1354 4407 caui,
1366 4352 1528 4413 nusquam

337 4435 402 4476 non
421 4416 620 4477 moderatior
638 4417 835 4490 lacessente3
858 4419 892 4477 in
911 4436 1049 4490 summa,
1064 4416 1180 4497 clypeo
1200 4419 1304 4496 magis
1318 4423 1592 4496 vtemquam170

336 4499 465 4577 gledio;
488 4498 598 4561 Sutori
619 4500 816 4580 respondens
836 4518 903 4562 non
924 4501 997 4562 aliis
1016 4506 1159 4574 tantum,
1174 4500 1231 4561 sed
1251 4501 1395 4574 etmihi,
1415 4500 1529 4561 videor

336 4581 379 4642 ab
394 4583 522 4661 ingenio
536 4602 609 4644 meo
623 4583 770 4645 nonnihil
784 4583 940 4645 recedere.
983 4583 1052 4645 Nec
1066 4585 1152 4645 enim
1166 4583 1223 4645 illo
1238 4585 1410 4662 quisquam
1429 4584 1463 4644 in
1476 4601 1529 4644 me

336 4666 465 4745 scripsit
486 4666 649 4728 indoctius
670 4673 730 4728 aut
751 4668 974 4748 impotentius,
989 4685 1092 4747 quum
1112 4672 1198 4728 esset
1217 4686 1259 4728 ex
1280 4666 1432 4747 theologo
1453 4664 1527 4728 Sor-

372 4788 427 4838 139.
445 4776 570 4826 excitate
585 4775 667 4828 MR:
684 4782 834 4828 muscatae
851 4777 889 4827 K.
936 4775 1052 4844 quidem
1070 4776 1134 4827 add.
1154 4775 1186 4827 J.
1256 4788 1312 4838 150.
1329 4781 1451 4842 vtraque
1466 4781 1530 4827 ante

336 4841 487 4892 Germania
508 4843 628 4894 addit.
682 4856 739 4907 151.
756 4843 816 4895 iere
834 4844 898 4896 add.
916 4842 948 4895 J.
1000 4841 1358 4906 153.etinermeaddd.
1411 4843 1530 4894 canibus

335 4907 588 4960 Mszeamelur.
658 4910 871 4962 161.valeatJ.

744 5040 801 5092 157.
818 5027 897 5090 Itali]
909 5042 961 5092 ag.
974 5023 1125 5079 Aleander.

369 5138 447 5189 452·9
920 5126 947 5171 Μ
