4042 5900
387 663 482 743 2615]
777 664 832 727 ΤΟ
853 663 1029 728 MARTIN
1053 664 1200 728 BUCER
1521 666 1582 726 457

342 799 353 864 ¹
385 831 465 886 ante
479 826 575 885 annis
589 824 741 886 habuisse
755 826 995 898 commercium,
1010 826 1131 887 minuit
1144 824 1231 885 illius
1246 826 1469 886 autoritatem.
1507 823 1583 885 Non

339 899 350 948 ¹
387 908 453 969 iam
467 907 602 987 disputo
615 927 716 987 quam
730 909 795 969 ista
808 908 892 969 fiant
906 914 1015 970 recta:
1038 908 1079 969 de
1094 908 1184 988 vulgi
1203 907 1325 969 iudicio
1340 907 1467 987 loquor.
1510 907 1583 968 Iam

339 991 349 1034 l
385 992 512 1071 generis
527 992 647 1052 vicium
662 992 783 1053 nemini
797 991 931 1053 deberet
944 1011 1013 1053 esse
1027 991 1166 1071 probro;
1189 991 1246 1052 sed
1261 997 1373 1053 tamen
1389 1010 1429 1053 ex
1449 990 1584 1052 fortuna

339 1079 347 1122 ¹
387 1074 486 1154 vulgo
506 1076 608 1153 magis
626 1076 824 1137 estimantur
842 1075 991 1137 homines
1010 1094 1111 1154 quam
1129 1094 1171 1137 ex
1190 1075 1292 1136 animi
1306 1075 1399 1137 bonis
1418 1094 1457 1135 ac
1477 1072 1582 1136 malis.
1595 1082 1645 1146 485

339 1165 344 1205 ¹
386 1156 482 1219 Nunc
497 1157 629 1237 plurimi
644 1159 770 1219 suntin
784 1159 848 1219 ista
863 1157 1040 1220 sodalitate
1054 1160 1111 1237 qui
1122 1157 1341 1220 secerdotium
1351 1177 1389 1219 ac
1401 1156 1582 1219 monachis·

339 1252 341 1285 *
386 1259 477 1302 mum
487 1241 750 1320 abiecerunt,qui
759 1247 874 1302 contra
883 1260 1088 1304 communem
1097 1242 1267 1303 hominum
1276 1260 1408 1303 sensum
1416 1240 1584 1302 duxerunt

387 1343 515 1398 uxores,
527 1326 585 1403 qui
596 1326 681 1386 vicio
691 1326 816 1404 generis
830 1325 996 1399 leduntur‚
1007 1324 1147 1404 denique
1162 1344 1302 1404 quorum
1317 1325 1388 1385 vita
1398 1343 1465 1386 non
1476 1323 1582 1386 solum

386 1413 542 1469 anteacta
556 1427 670 1469 verum
684 1410 786 1469 etiam
800 1427 933 1489 presens
947 1416 1007 1470 aut
1027 1409 1113 1470 veris
1129 1415 1189 1470 aut
1207 1408 1436 1469 verisimilibus
1455 1406 1583 1488 probris

386 1489 529 1552 obnoxia
553 1499 613 1552 est.
656 1491 809 1552 Arbitror
833 1498 867 1553 te
892 1492 933 1553 de
958 1491 1163 1572 Wolphango
1183 1491 1323 1553 audisse.
1367 1490 1517 1552 Christus
1537 1491 1583 1552 sic
1596 1514 1646 1564 49⁰

386 1574 561 1653 abrogauit
576 1574 678 1654 legem
693 1575 880 1649 Mosaicam,
892 1582 931 1636 vt
945 1577 1014 1656 ipse
1028 1595 1101 1636 eam
1116 1580 1263 1636 seruaret
1276 1575 1419 1648 interim,
1434 1592 1475 1635 ne
1489 1593 1583 1635 snam

387 1677 519 1718 oausam
543 1677 638 1737 agere
664 1658 840 1720 videretur.
884 1659 968 1720 Erat
990 1663 1027 1720 et
1051 1658 1133 1719 illud
1158 1657 1350 1731 curandum,
1373 1663 1412 1719 vt
1432 1658 1490 1737 qui
1514 1676 1584 1718 sese

386 1742 442 1801 isti
468 1747 576 1802 sectae
601 1742 817 1822 adiungerent
838 1743 883 1804 sic
905 1743 1117 1804 instituerent
1138 1743 1243 1802 vitam
1264 1748 1304 1802 vt
1324 1760 1437 1802 omnes
1457 1741 1582 1821 experi-

387 1830 502 1885 rentur
527 1824 600 1885 illos
625 1832 659 1886 et
684 1824 832 1887 meliores
861 1825 1008 1887 redditos
1030 1831 1065 1886 et
1090 1825 1132 1886 ad
1158 1844 1288 1885 omnem
1314 1823 1584 1885 consuetudinem

387 1907 631 1970 commodiores.
675 1908 765 1969 Nihil
779 1915 893 1970 eutem
906 1928 1020 1970 eorum
1035 1927 1099 1988 que
1114 1914 1205 1969 recta
1218 1915 1315 1968 erant
1331 1908 1479 1987 oportuit
1497 1906 1582 1968 labe·
1596 1930 1646 1983 495

385 1991 515 2064 iactari,
531 1991 588 2051 sed
603 2011 688 2070 quae
703 2011 768 2053 non
789 1993 933 2054 multum
953 1992 1119 2054 officerent
1133 1993 1260 2072 pietati,
1278 1991 1367 2070 quod
1387 2009 1489 2070 genus
1506 1995 1585 2051 sunt

386 2094 466 2136 vaus
491 2076 670 2154 imaginum
691 2081 726 2136 et
747 2077 913 2138 inuocatio
934 2075 1096 2149 diuorum,
1118 2076 1331 2155 praestiterat
1352 2073 1500 2153 relinqui.
1543 2073 1584 2134 In

386 2159 503 2219 ceteris
531 2159 612 2219 item
641 2159 730 2237 quod
758 2165 829 2220 erat
857 2159 1099 2239 superstitionis
1127 2156 1354 2237 corrigendum
1378 2163 1461 2231 erat,
1486 2156 1584 2236 idque

387 2241 560 2321 paulatim,
572 2247 607 2302 et
622 2243 830 2322 persuasione
842 2244 945 2340 magis
955 2261 1056 2322 quam
1071 2244 1114 2303 vi.
1144 2241 1240 2303 Nunc
1252 2260 1303 2302 res
1315 2242 1349 2301 in
1363 2259 1438 2301 eum
1449 2239 1584 2302 redacta

386 2332 438 2385 est
453 2324 561 2386 locum
577 2331 615 2385 vt
629 2324 711 2386 nihil
722 2327 864 2423 supersit
874 2326 938 2387 nisi
948 2344 1149 2406 comprecari
1140 2324 1258 2386 deum
1270 2329 1309 2384 vt
1320 2323 1404 2385 hano
1415 2323 1584 2384 hominum
1598 2351 1648 2401 5⁰⁰

387 2406 571 2485 δυσβουλίαν
596 2410 741 2470 vertet
732 2427 767 2469 ιιι
793 2408 916 2470 bonum
940 2410 1078 2470 exitum
1122 2407 1218 2482 Quod
1238 2408 1282 2469 ad
1303 2427 1355 2469 me
1377 2408 1510 2480 attinet,
1525 2424 1586 2486 ego

386 2489 478 2552 nullo
493 2498 594 2564 metu,
609 2492 701 2553 nulla
715 2512 772 2573 spe
787 2492 933 2554 adducar
948 2500 987 2554 vt
1000 2491 1156 2572 profitear
1176 2490 1216 2552 de
1233 2490 1386 2570 religione
1403 2509 1488 2570 quae
1505 2489 1585 2550 mihi

386 2592 545 2653 persuasa
553 2578 656 2653 <ncn>
668 2582 755 2637 sunt
799 2576 977 2638 Persuasus
987 2576 1076 2637 vltro
1084 2575 1455 2637 concederemmcastra
1463 2578 1584 2634 vestra

387 2656 441 2718 Ab
455 2657 506 2718 his
524 2678 601 2719 vero
619 2678 679 2738 pro
701 2659 821 2737 quibus
839 2659 960 2721 dimico
979 2655 1051 2720 tam
1068 2659 1157 2720 male
1178 2658 1320 2719 refertur
1336 2658 1443 2737 gratia
1460 2663 1499 2718 vt
1518 2674 1585 2717 non

389 2740 486 2802 modo
502 2741 639 2820 posthac
651 2741 732 2802 nihil
744 2744 927 2822 scripturus
941 2743 1014 2816 sim,
1027 2744 1055 2802 si
1066 2742 1164 2803 modo
1174 2761 1231 2820 per
1242 2761 1301 2802 vos
1312 2741 1420 2813 liceat,
1432 2746 1471 2800 vt
1484 2740 1585 2801 etiam
1599 2768 1648 2818 505

388 2825 537 2904 peniteat
558 2825 611 2885 vel
633 2824 771 2886 verbum
792 2827 965 2906 scripsisse.
1010 2824 1083 2899 Qua
1102 2825 1280 2886 virulentia
1296 2823 1518 2885 debacchatus
1534 2828 1586 2885 est

388 2909 422 2969 in
444 2927 495 2969 me
513 2907 637 2982 Bedda,
658 2908 756 2988 idque
773 2928 840 2971 non
859 2910 969 2984 semel,
984 2929 1051 2990 qua
1069 2907 1178 2982 Sutor,
1194 2908 1270 2970 dein
1290 2908 1377 2970 Pius.
1414 2907 1492 2969 Mox
1511 2925 1584 2986 pro-

389 2991 521 3053 dierunt
534 2992 676 3054 Censura
692 2990 887 3054 Serbonicae
906 2995 1077 3073 insigniter
1095 2992 1245 3054 stolidae.
1275 2991 1438 3054 Successit
1457 2990 1586 3051 libellus

388 3075 466 3136 licto
486 3075 587 3136 titulo
604 3077 649 3138 sic
672 3076 817 3155 vndique
838 3082 968 3138 scatens
984 3077 1139 3139 conuiciis
1158 3074 1331 3137 furialibus
1349 3095 1388 3135 ao
1410 3073 1587 3136 mendaciis

389 3159 680 3238 impudentissimis
698 3166 737 3220 vt
753 3159 865 3221 nullus
884 3159 1018 3222 Orestes
1037 3159 1143 3221 dicere
1162 3160 1268 3238 possit
1285 3159 1460 3231 insaniora,
1476 3156 1587 3219 nullus
1600 3186 1650 3236 510

388 3260 501 3302 scurra
529 3244 633 3323 magis
662 3242 819 3304 scurrilia.
863 3242 1025 3316 Quoniam
1054 3242 1184 3304 libellus
1212 3242 1323 3323 palam
1353 3241 1499 3302 famosus
1524 3247 1585 3313 est,

388 3325 545 3405 Theolcgi
566 3326 785 3400 dissimulant,
803 3327 861 3389 sed
881 3327 1034 3388 additum
1051 3332 1103 3387 est
1122 3344 1241 3387 nomen
1260 3325 1369 3387 Baliui
1388 3324 1587 3397 Parisiensis,

387 3427 486 3488 quem
501 3408 550 3469 illi
564 3416 686 3471 vocant
700 3410 978 3472 locumtenentem
992 3408 1205 3472 criminalem.
1249 3409 1282 3469 Is
1296 3428 1331 3470 se
1345 3407 1426 3469 mihi
1440 3413 1586 3480 excusat,

387 3491 446 3552 sed
474 3491 594 3554 fucate.
638 3493 773 3554 Autoris
802 3494 948 3574 phrasim
977 3500 1048 3554 tam
1077 3493 1155 3553 noui
1184 3511 1284 3572 quem
1313 3491 1440 3553 faciem.
1491 3489 1588 3551 Tales

387 3574 555 3653 apostolos
569 3575 664 3637 nobis
679 3595 765 3637 nunc
784 3578 890 3638 mittit
908 3576 1025 3638 Roma.
1070 3576 1243 3637 Publicum
1260 3576 1372 3636 odium
1391 3576 1426 3635 in
1444 3594 1504 3635 vos
1521 3592 1649 3652 n0n515

387 3677 473 3737 gero,
500 3660 562 3719 nisi
588 3664 627 3719 tu
652 3678 765 3739 perges
790 3679 854 3738 que
882 3662 916 3720 in
944 3658 1111 3740 improbos
1134 3659 1226 3720 dicta
1249 3659 1393 3720 suntad
1418 3659 1588 3719 vninersos

387 3741 592 3820 detorquere.
636 3742 685 3803 De
700 3748 735 3803 te
749 3744 963 3822 suspitionem
978 3743 1082 3824 posui,
1098 3749 1186 3803 certe
1200 3741 1289 3821 quod
1300 3741 1343 3802 ad
1354 3740 1587 3803 Chronicorum

387 3843 471 3904 opus
492 3826 624 3887 attinet.
668 3824 813 3886 Tametsi
837 3846 896 3888 nec
920 3827 963 3888 de
984 3832 1044 3888 tua
1066 3845 1125 3887 nec
1146 3825 1187 3886 de
1208 3824 1377 3906 Capitonis
1397 3825 1588 3904 integritate

388 3912 460 3968 tam
484 3908 653 4006 magnifice
678 3909 785 3970 sentio
806 3915 845 3969 vt
867 3909 951 3971 hano
974 3909 1155 3970 animulam
1179 3910 1241 3969 sim
1266 3909 1300 3968 in
1322 3907 1419 3969 fidem
1442 3913 1587 3969 vestram

386 3993 628 4054 commissurus.
658 3992 761 4054 Video
776 3993 869 4054 vobis
884 4012 966 4073 opus
979 4012 1050 4054 esse
1064 3993 1208 4054 cordatis
1223 4011 1261 4053 ac
1275 3991 1425 4052 felicibus
1435 3989 1587 4063 consiliis,
1600 4019 1651 4070 520

387 4094 472 4154 quae
487 4095 603 4155 precor
617 4082 657 4137 vt
670 4075 820 4138 Christus
834 4076 929 4139 vobis
943 4077 1119 4138 omnibus
1110 4076 1269 4156 inspirare
1283 4074 1445 4154 dignetur.
1476 4039 1588 4134 Effudi

385 4160 422 4220 in
437 4160 546 4220 sinum
565 4166 661 4221 tuum
682 4166 790 4221 totum
810 4167 926 4241 motus
941 4179 1059 4222 meum.
1104 4158 1167 4221 Tui
1181 4158 1332 4220 candoris
1351 4159 1415 4219 erit
1434 4155 1585 4237 simplici-

387 4247 494 4304 tatem
509 4262 617 4304 meam
632 4244 666 4304 in
681 4242 802 4305 bonam
816 4245 1028 4324 interpretari
1042 4249 1181 4324 partem.

431 4326 519 4388 Vale.
557 4326 699 4389 Postrid.
715 4326 782 4388 Cal.
798 4326 945 4390 Martias.
963 4341 1053 4405 1532.

584 4475 642 4524 515.
662 4462 936 4527 nobismipeimas:
954 4462 1100 4522 noema
1119 4461 1311 4527 stuprose
1325 4475 1366 4525 33.

421 4607 479 4658 49ο
498 4594 688 4661 Wolphangc]
733 4595 789 4648 For
835 4595 962 4663 Cepito’s
1012 4595 1198 4661 gerboredo,
1209 4594 1323 4660 sesEp.
1335 4595 1411 4657 2564.
1423 4605 1469 4642 an.

386 4661 650 4728 marriageaeeEp
663 4666 739 4725 2613.
752 4666 815 4728 64n.
1046 4675 1103 4724 512.
1122 4661 1216 4712 Baliui
1234 4659 1458 4721 ParisiensisJJ.
1477 4657 1584 4717 iterim

422 4729 513 4791 508-9.
532 4728 644 4780 libellus
666 4729 734 4780 ficto
756 4729 854 4791 titulo]
877 4729 960 4780 Scali-
1012 4727 1125 4794 seeIlp
1138 4741 1211 4793 2577
