4042 5900
295 687 389 766 ²471]

548 926 648 987 2471.
696 920 804 986 Feou
827 920 1004 987 Ausnosn
1028 921 1235 988 annccs.

332 1050 487 1122 Pelsrgus,
502 1050 638 1105 Bellerie
650 1050 686 1105 ἕο.
702 1049 753 1105 13⁸.
1206 1052 1398 1123 (Freiburg.)

1106 1132 1149 1192 (c.
1162 1126 1272 1181 March
1284 1128 1338 1181 fin.
1355 1134 1454 1196 1531.)

328 1244 400 1304 [The
421 1244 591 1295 indicatione
613 1244 643 1294 oi
665 1243 734 1294 date
756 1259 804 1294 are
827 1244 867 1303 (a)
892 1243 942 1294 the
965 1244 1106 1294 reference
1129 1251 1161 1294 to
1183 1245 1234 1296 the
1256 1246 1493 1310 Apcpbtbegmctc

294 1310 446 1376 published
462 1310 586 1361 towerds
601 1311 652 1361 the
668 1310 724 1360 end
739 1310 769 1360 oi
783 1310 879 1361 March
896 1325 976 1374 15313
996 1311 1033 1370 (b)
1046 1311 1096 1360 the
1108 1311 1168 1361 lect
1179 1312 1264 1362 that
1256 1328 1286 1362 rn
1297 1312 1347 1361 the
1358 1312 1491 1370 Bellors'o,

295 1378 325 1427 of
336 1378 428 1428 which
443 1378 494 1427 the
507 1384 706 1442 arrangement
720 1393 737 1427 a
759 1392 842 1442 pears
857 1377 887 1427 in
901 1377 1015 1442 general
1028 1383 1061 1428 to
1072 1378 1108 1426 be
1119 1378 1333 1443 chronological,
1346 1379 1396 1428 tbe
1407 1378 1492 1429 letter

295 1444 428 1509 precedes
445 1444 545 1494 letters
561 1444 592 1494 ol
611 1458 685 1508 153²·
765 1459 780 1493 e
800 1443 886 1495 letter
905 1450 1036 1509 suggests
1056 1459 1134 1496 some
1153 1445 1276 1495 interval
1296 1445 1425 1495 between
1441 1445 1492 1495 tbe

295 1459 454 1561 pHeilbronn
473 1526 586 1561 sermon
604 1511 682 1571 (Dec.
704 1512 748 1570 26)
768 1510 826 1561 and
846 1510 989 1575 Pelergus’
1010 1512 1155 1561 narrative
1176 1512 1207 1561 oi
1229 1512 1262 1562 it.
1297 1511 1353 1562 For
1372 1512 1493 1561 another

295 1593 408 1629 sermon
419 1578 567 1643 attacking
579 1579 629 1629 tha
640 1584 813 1628 correctness
824 1578 855 1628 ol
866 1577 1011 1629 Erasmus’
1024 1578 1195 1628 translation
1206 1593 1253 1628 see
1264 1578 1319 1644 Ep.
1332 1578 1420 1640 2516.]

560 1716 749 1761 AMBROSIVS
764 1715 937 1760 Putamvs
953 1715 1075 1761 EBASM.
1092 1716 1164 1761 SVO.
1200 1716 1226 1760 8.

337 1809 528 1869 Excussae
542 1808 879 1889 Apophtbegmetum,
895 1808 984 1887 quod
1004 1827 1107 1869 vnum
1128 1808 1190 1869 tibi
1208 1813 1290 1881 erat,
1311 1827 1393 1887 puer
1415 1814 1494 1870 tuus

296 1892 424 1952 iuuenis
439 1911 517 1953 sene
532 1892 651 1954 doctus
665 1891 725 1953 abs
740 1898 774 1954 te
789 1891 871 1953 mihi
885 1890 1019 1952 obtulit.
1063 1891 1158 1965 Quod
1167 1891 1299 1970 quidem
1309 1890 1492 1953 literarium

295 1995 416 2036 munus
431 1995 498 2036 non
513 1982 625 2055 potest
639 1994 706 2035 non
720 1994 790 2035 esse
804 1975 1046 2054 gratissimum:
1062 1982 1097 2036 et
1111 1975 1201 2054 quod
1211 1974 1346 2036 euidens
1361 1976 1405 2036 sit
1415 1980 1494 2036 tuae

295 2078 373 2138 erge
388 2077 440 2119 me
456 2058 705 2120 beneuolentiae
719 2063 962 2137 argumentum,
977 2063 1012 2119 et
1027 2058 1116 2137 quod
1131 2077 1213 2139 opus
1228 2060 1335 2137 ipsum
1351 2078 1430 2119 sane
1450 2059 1494 2119 sit

296 2143 437 2221 elegans,
467 2142 620 2221 lectuque
649 2141 931 2214 iucundissimum,
961 2141 1115 2220 quodque
1140 2143 1212 2222 ipsa
1240 2142 1341 2203 etiam
1364 2141 1522 2207 vtilitess

296 2225 515 2287 commendet.
560 2225 715 2304 Ingratus
739 2225 842 2286 videri
868 2244 997 2303 queem,
1021 2226 1056 2285 ni
1076 2226 1162 2305 greti
1183 2226 1285 2286 animi
1305 2224 1493 2304 symbolum

296 2309 476 2370 reddidero.
531 2308 651 2387 Iteque
680 2328 782 2387 quum
812 2307 902 2369 aliud
931 2327 999 2368 non
1028 2315 1185 2388 suppetet
1214 2313 1311 2387 (quae
1340 2328 1414 2369 mea
1442 2315 1494 2370 est

296 2393 466 2467 tenuitas),
490 2392 579 2471 quod
604 2411 706 2452 vnum
730 2391 836 2452 habeo
858 2393 968 2465 mitto,
990 2410 1106 2453 verum
1128 2392 1303 2472 plusquam
1328 2391 1494 2453 leuidense

296 2475 538 2536 munusculum.
593 2474 721 2535 Fabula
749 2481 817 2547 est3
847 2474 984 2536 ridicula
1013 2475 1145 2553 quidem
1175 2475 1241 2547 ille,
1267 2474 1325 2536 sed
1349 2494 1434 2553 quse
1458 2476 1493 2535 in

297 2578 441 2639 pugnem
475 2565 645 2620 cruentam
679 2558 812 2619 abitura
844 2558 963 2631 lueret,
994 2559 1029 2619 ni
1058 2564 1257 2638 spectatores
1286 2558 1494 2619 diremissent
1509 2582 1540 2616 ιο

296 2642 399 2703 litem.
443 2642 526 2702 Eam
549 2640 849 2721 Tregiccmaediem
866 2643 946 2703 scire
969 2648 1029 2702 tue
1048 2661 1178 2720 quoque
1192 2641 1302 2702 refert.
1346 2642 1386 2702 In
1402 2642 1492 2720 oppi-

296 2726 376 2787 dulo
398 2745 465 2786 non
486 2727 535 2787 ite
556 2725 650 2804 longe
671 2724 713 2784 eb
735 2723 931 2804 Helprinnia
952 2724 1188 2785 Ilbanciscanus
1213 2725 1347 2802 quidam
1367 2726 1492 2785 concio-

296 2816 435 2870 neturus
451 2810 485 2869 in
500 2809 552 2869 die
566 2809 623 2887 qui
638 2807 677 2868 D.
694 2805 862 2886 Stephano
881 2827 972 2869 secer
990 2815 1072 2880 erat,
1095 2814 1283 2887 suggestum
1305 2808 1494 2868 conscendit

296 2891 552 3037 illillldtnnll.
572 2891 720 3036 {litii
727 2891 1494 3053 {initiet..iltltltlllnllltt
1509 2997 1539 3046 1⁵

296 3059 556 3138 semigraeculus,
586 3057 642 3117 sed
671 3058 809 3118 Eresmo
838 3058 945 3119 multo
968 3059 1137 3130 oculatior,
1161 3065 1200 3119 vt
1229 3058 1286 3137 qui
1310 3057 1431 3119 viderit
1459 3059 1494 3118 in

296 3141 427 3204 Graecis
442 3141 531 3221 quod
545 3147 580 3202 te
595 3147 682 3202 certe
696 3140 867 3202 fefellerat.
904 3142 937 3202 Is
951 3142 1066 3202 audito
1081 3142 1227 3202 themate
1241 3141 1494 3203 Francisccnum

298 3230 350 3299 (vt
364 3232 435 3286 eret
457 3223 748 3300 iactantiunoulus)
768 3225 876 3285 verbis
896 3224 1071 3305 plusquam
1093 3226 1224 3304 tragicis
1245 3224 1402 3297 adoritur,
1425 3224 1494 3285 fore

297 3310 476 3370 aestimans
497 3314 536 3369 vt
556 3308 651 3369 illum
672 3308 798 3369 inuidia
815 3309 955 3387 odioque
976 3308 1090 3389 populi
1109 3308 1324 3388 degrauatum
1339 3314 1494 3388 suggestu

298 3393 499 3454 deturbaret.
537 3392 681 3470 Vterque
691 3393 815 3471 egregie
830 3391 953 3453 vooclis
963 3399 1045 3454 eret.
1082 3391 1540 3471 Vociferanturintemplozo

298 3477 387 3537 vltro
407 3477 554 3554 citroque
571 3474 703 3536 fortiter
720 3481 756 3536 et
773 3474 874 3553 (quod
889 3475 1022 3550 dicitur)
1038 3475 1081 3537 ad
1098 3476 1213 3549 renim,
1231 3494 1334 3554 vsque
1354 3475 1438 3535 edeo
1454 3480 1494 3535 vt

299 3559 401 3639 aliqui
421 3579 439 3620 e
461 3559 701 3638 spectatoribus
722 3559 819 3619 veriti
841 3559 917 3619 sint.
960 3558 1047 3620 Nam
1067 3559 1201 3620 omnino
1222 3564 1294 3619 erat
1313 3557 1493 3638 periculum

298 3651 338 3704 vt
364 3642 480 3722 templi
505 3643 648 3714 testudo,
675 3661 759 3720 quae
780 3643 846 3702 iam
872 3642 972 3702 semel
992 3649 1028 3703 et
1049 3642 1170 3702 iterum
1191 3641 1302 3702 sedito
1326 3660 1494 3702 murmure

298 3728 369 3787 visa
382 3734 433 3787 est
448 3726 565 3786 minari
580 3727 717 3798 ruinam,
733 3744 844 3786 omnes
859 3725 994 3786 tandem
1008 3724 1169 3805 perderet.

340 3808 426 3883 Quid
450 3811 496 3869 rei
521 3815 593 3869 erat
618 3809 767 3886 inquies?
811 3808 1017 3870 Lutheranue
1039 3809 1254 3869 Franciscano
1276 3808 1397 3869 crimen
1419 3807 1539 3875 falsics

298 3894 454 3964 intentet,
466 3892 565 3970 idque
576 3893 784 3953 commissum
794 3892 828 3951 in
839 3910 947 3952 sacras
963 3891 1091 3953 literas:
1110 3889 1241 3952 Graecis
1255 3911 1325 3952 esse
1336 3889 1494 3968 Στέφανος

298 3975 332 4035 δὲ
346 3975 465 4054 πλήρης
479 3974 623 4047 πίστεως,
638 3994 706 4036 non
715 3974 835 4054 πλήρης
844 3973 979 4054 χάριτος.
1017 3975 1252 4035 Francisccnus
1262 3993 1364 4053 quum
1373 3974 1493 4036 Graece

299 4061 445 4131 nesciret,
462 4059 551 4137 quod
569 4078 671 4119 vnum
691 4059 802 4138 potuit
821 4057 934 4118 thema
947 4077 1043 4119 suum
1063 4064 1196 4119 strenue
1213 4058 1379 4131 tuebatur,
1395 4058 1494 4136 idque

299 4144 480 4204 autoritate
502 4142 630 4203 Erasmi
652 4141 773 4202 Graece
795 4140 984 4202 doctissimi.
1029 4141 1137 4220 Negat
1153 4141 1376 4214 Ecclesiastes,
1394 4141 1492 4201 Fran-

299 4228 445 4286 oiscanus
460 4225 591 4286 fortiter
605 4225 779 4286 edseuerat
792 4225 841 4285 ita
855 4244 889 4285 se
905 4224 1033 4286 habere.
1056 4225 1187 4286 Diceres
1201 4225 1396 4304 gladiatores
1407 4242 1493 4285 com·
1507 4243 1541 4292 30

299 4310 422 4369 missos.
466 4309 552 4370 Nem
567 4309 737 4369 minimum
755 4307 873 4381 abluit,
888 4309 969 4386 quin
989 4308 1034 4369 ad
1049 4327 1165 4369 manus
1184 4314 1322 4369 ventum
1336 4308 1444 4380 fuerit,
1459 4308 1494 4367 ni

298 4397 498 4471 spectatores
527 4410 669 4471 pugnam
698 4391 913 4452 diremiseent.
957 4391 1021 4453 Sed
1046 4391 1133 4452 hunc
1158 4392 1341 4452 tumultum
1365 4391 1495 4471 excepit

298 4477 455 4554 strepitus
470 4476 557 4535 iuris.
601 4475 687 4535 Nem
701 4476 758 4553 qui
773 4475 879 4535 laesus
893 4480 974 4547 erat,
989 4494 1081 4536 reum
1101 4476 1135 4535 in
1155 4476 1206 4536 ius
1220 4479 1328 4536 vocat.
1372 4473 1435 4547 Qui
1454 4473 1495 4534 de

299 4578 397 4619 causa
412 4559 573 4638 cognituri
589 4562 693 4631 erant,
709 4557 783 4638 plus
797 4557 898 4619 Metti
912 4576 1013 4636 quam
1028 4558 1130 4619 Musis
1144 4558 1318 4620 debebant.
1351 4558 1495 4618 Accusat

426 4680 467 4730 27.
487 4668 690 4718 Franciscanus
700 4667 812 4732 scripsit
823 4667 857 4718 P.
869 4667 899 4718 8.
913 4667 1010 4718 Alter:
1029 4667 1223 4718 Francisoenis
1234 4667 1365 4717 Bellaria.

332 4838 389 4895 8·9·
408 4834 562 4896 leuidense]
574 4835 629 4886 Cic.
642 4835 721 4886 Fam.
734 4849 759 4895 9.
775 4849 814 4885 12.
828 4849 852 4884 2.
921 4833 1082 4894 Greekhas,
1092 4834 1165 4885 lrom
1172 4834 1356 4884 inferiorisss.
1360 4831 1493 4894 ,numam

334 4917 373 4950 12.
393 4901 572 4965 Helprinnia]
607 4901 766 4952 Heilbronn
802 4917 871 4951 near
921 4901 1234 4964 brsgretsaiollowsthe
1242 4900 1372 4966 Vulgata
1381 4900 1493 4950 render·

298 4969 452 5032 stuttgart
921 4965 1091 5032 ingxc'psrcs,
1103 4967 1495 5035 thercedlngolalltbebest·

335 5050 373 5098 14.
392 5035 495 5099 gretia]
520 5037 640 5085 Actae.
664 5035 690 5085 8.
725 5033 870 5086 Erasmus‘
921 5048 983 5085 uss.

330 5145 408 5196 4529
866 5129 890 5176 Β
