4042 5900
514 672 574 733 170
839 665 1038 730 narrans
1059 663 1340 729 cruensuus
1612 665 1706 743 [1531

512 829 679 901 inuidiam,
702 833 815 888 tamen
835 826 942 900 isthic,
965 832 1005 887 vt
1024 825 1181 899 scribunt,
1202 824 1383 886 incredibili
1401 842 1522 903 pompa
1538 829 1708 902 gesserunt

512 931 592 985 sese,
607 917 834 985 comessantes,
849 916 939 972 totas
949 909 1115 971 interdum
1126 914 1239 970 noctes
1249 907 1400 969 ludentes
1408 906 1523 979 aleam,
1535 906 1634 985 idque
1641 924 1707 968 non

469 1019 499 1069 15
513 995 615 1056 inscia
628 995 731 1074 plebe.
776 994 847 1055 Iam
867 1000 962 1055 taceo
983 993 1025 1054 de
1047 993 1253 1072 quorundam
1275 992 1423 1063 saeuitia,
1438 991 1497 1069 qui
1510 990 1616 1063 minis,
1632 1009 1706 1051 con-

513 1080 606 1140 uiciia
619 1097 658 1139 ac
671 1076 838 1158 suppliciis
853 1076 914 1139 hoc
928 1076 1031 1138 fatale
1044 1076 1168 1138 malum
1182 1075 1353 1154 consopiri,
1368 1074 1420 1135 vel
1437 1075 1541 1153 magis
1558 1075 1707 1154 opprimi,

512 1181 608 1242 posse
622 1160 800 1223 confidunt.
845 1160 940 1234 Quod
954 1167 1027 1222 erat
1041 1161 1186 1221 omnium
1205 1158 1506 1239 praesentissimum
1519 1157 1707 1230 remedium,

513 1244 548 1305 id
562 1264 696 1325 prorsus
710 1244 894 1323 negligitur.
931 1243 1017 1317 Quid
1032 1244 1163 1305 isthuc?
1184 1244 1301 1322 inquis.
1339 1241 1385 1303 Vt
1394 1241 1547 1303 ecclesiae
1561 1259 1708 1320 proceres

513 1327 558 1389 ed
581 1327 747 1389 meliorem
772 1329 920 1389 conuersi
948 1327 1075 1407 frugem
1104 1327 1290 1389 subducant
1318 1325 1390 1387 orbi
1418 1323 1583 1386 tumultus
1612 1324 1708 1385 huius

467 1436 501 1473 ιο
514 1412 733 1472 seminarium.
777 1410 828 1473 Sic
842 1410 991 1473 Christus
1005 1411 1197 1490 adiungeret
1210 1429 1306 1471 suum
1320 1408 1500 1471 brachium.

555 1494 652 1556 Nunc
677 1494 811 1574 perinde
834 1496 928 1573 quasi
953 1496 998 1556 sit
1022 1514 1156 1574 prorsus
1180 1495 1361 1555 humanum
1384 1492 1554 1571 negocium
1579 1511 1617 1553 ac
1643 1510 1709 1552 non

514 1579 626 1658 potius
636 1578 783 1639 vindicta
793 1579 946 1652 numinis,
958 1578 1127 1639 hominum
1138 1577 1312 1638 sceleribus
1322 1577 1459 1637 nimium
1471 1575 1708 1636 efferuescenti·

515 1661 577 1722 bus
592 1662 722 1735 irritati,
737 1662 781 1722 ad
795 1660 963 1724 mundana
984 1662 1148 1741 praesidia
1169 1662 1234 1722 toti
1251 1667 1455 1740 spectamus:
1478 1660 1595 1720 crescit
1609 1657 1708 1719 eccle·

515 1745 721 1806 siasticorum
742 1745 858 1818 fastus,
880 1764 922 1806 ne
946 1745 1053 1807 dicam
1077 1746 1247 1824 tyrannis:
1270 1750 1421 1805 crescunt
1441 1762 1520 1822 opes
1541 1761 1579 1803 ac
1600 1740 1708 1813 luxus,

469 1852 502 1902 25
515 1847 575 1889 nec
600 1828 758 1889 decrescit
778 1827 890 1889 libido.
933 1828 983 1889 De
1006 1829 1160 1909 pontifice
1181 1847 1248 1889 non
1270 1833 1322 1888 est
1343 1846 1454 1888 meum
1477 1826 1631 1898 iudicare,
1652 1825 1710 1885 sed

515 1917 628 1972 tamen
643 1913 700 1990 qui
714 1912 779 1973 huo
789 1932 830 1973 ex
845 1911 945 1973 Italia
959 1913 1097 1974 veniunt
1113 1918 1250 1973 narrant
1264 1930 1349 1989 quae
1362 1911 1431 1971 sine
1440 1928 1586 1971 moerore
1597 1908 1710 1969 audire

516 2013 582 2055 non
610 2014 792 2074 possumus.
850 1995 956 2069 Quam
984 1996 1195 2056 inclementer
1222 2015 1244 2055 a
1278 1993 1444 2055 Clemente
1479 1997 1626 2053 tractata
1660 1997 1711 2052 est

516 2078 706 2139 Florentia?
749 2078 830 2139 Mihi
848 2078 981 2139 videtur
1002 2079 1065 2140 hoo
1084 2079 1204 2141 habere
1223 2079 1258 2138 in
1277 2079 1396 2150 animo,
1412 2083 1450 2137 vt
1464 2076 1578 2137 fauore
1592 2076 1709 2154 princi·

516 2180 596 2241 pum
618 2181 656 2222 ac
686 2162 898 2223 multitudine
922 2162 1137 2223 cardinalium
1166 2162 1287 2223 obruat
1314 2160 1375 2222 hoc
1400 2160 1488 2221 orbis
1515 2158 1709 2220 incendium.

470 2268 504 2319 30
517 2244 638 2306 Verum
652 2246 738 2305 istuc
752 2244 831 2324 quid
841 2244 932 2306 aliud
940 2252 992 2306 est
1006 2265 1106 2325 quam
1115 2247 1218 2325 magis
1232 2245 1332 2305 etiam
1347 2245 1458 2304 iritare
1473 2241 1595 2303 deum?
1617 2243 1712 2321 quasi

517 2328 660 2389 mundus
681 2330 786 2407 possit
807 2328 968 2390 mundum
990 2332 1129 2390 vincere.
1173 2327 1268 2390 Solus
1288 2326 1437 2389 Christus
1452 2345 1527 2387 vere
1541 2326 1636 2398 dixit,
1652 2344 1712 2403 ego

517 2412 582 2472 vici
601 2411 772 2473 mundum.
816 2411 849 2473 Si
871 2412 1034 2492 prophani
1054 2411 1250 2474 monarchae
1268 2411 1410 2490 diligunt
1424 2429 1502 2489 opes
1516 2416 1551 2470 et
1564 2410 1711 2488 gloriam,

517 2501 685 2573 vtcunque
700 2494 869 2557 ferendum
884 2503 953 2557 est:
976 2503 1011 2558 et
1025 2496 1115 2558 haud
1128 2497 1195 2556 scio
1209 2515 1252 2556 an
1267 2494 1383 2556 deceat
1401 2500 1461 2554 aut
1474 2492 1630 2572 expediat
1642 2511 1712 2553 esse

518 2577 601 2638 tales
615 2578 751 2657 aliquot,
767 2581 825 2658 qui
844 2578 931 2640 malo
944 2580 1033 2642 nodo
1052 2578 1176 2641 malum
1190 2578 1328 2658 adigant
1341 2597 1491 2638 cuneum.
1534 2574 1599 2637 Sed
1613 2577 1640 2636 si
1654 2577 1712 2655 qui

472 2685 505 2734 35
517 2662 640 2740 primas
660 2667 775 2723 tenent
795 2664 829 2723 in
850 2662 986 2725 ecclesia
1005 2682 1040 2724 se
1060 2662 1245 2724 monarchis
1263 2661 1445 2741 praebeant
1459 2679 1525 2722 non
1539 2660 1712 2739 magistros

517 2749 553 2805 et
573 2744 805 2819 admonitores,
828 2746 884 2807 sed
903 2748 1067 2827 mancipia
1087 2745 1373 2825 cupiditatumque
1387 2744 1565 2816 ministros,
1581 2743 1714 2804 obwcro

518 2833 553 2889 te
567 2827 648 2906 quid
662 2829 731 2907 spei
745 2835 796 2889 est
810 2828 858 2890 illi
872 2830 1043 2892 columbae
1057 2850 1157 2910 quam
1172 2830 1267 2890 vnice
1281 2828 1414 2890 deamat
1432 2833 1593 2907 sponsus?
1636 2825 1712 2899 Qui·

518 2910 596 2972 dam
610 2910 780 2973 classicum
795 2920 920 2975 canunt
933 2914 976 2976 ad
991 2914 1173 2976 haereticos
1187 2913 1286 2974 armis
1299 2911 1506 2986 deiiciendcs,
1522 2910 1586 2972 huc
1601 2916 1713 2972 tamen

519 3002 715 3075 spectantes,
731 3003 770 3057 vt
784 2997 1008 3060 sacerdotibus
1023 3018 1110 3078 opes,
1126 2999 1233 3059 ocium
1252 3003 1287 3058 et
1306 2999 1520 3058 autoritatem
1535 2994 1713 3056 vindicent.

473 3101 506 3152 40
519 3079 566 3140 At
586 3098 646 3158 ego
664 3098 780 3140 vereor
799 3100 841 3141 ne
855 3081 934 3141 dum
954 3084 1115 3162 principes
1130 3081 1187 3142 alii
1201 3100 1260 3142 nos
1274 3082 1481 3161 impugnant,
1496 3078 1553 3140 alii
1567 3083 1713 3150 tuentur,

519 3163 674 3241 vtrinque
696 3162 880 3242 spoliemur,
903 3184 941 3226 ac
964 3165 1085 3227 bellum
1108 3167 1163 3245 pio
1185 3165 1286 3226 titulo
1309 3169 1496 3243 susceptum
1517 3181 1584 3223 non
1606 3163 1715 3223 minus

520 3246 694 3306 exitiosum
709 3247 752 3307 sit
767 3248 920 3308 ecclesiae
931 3268 1031 3327 quam
1046 3249 1213 3310 funestum
1222 3247 1424 3310 Germaniae.
1453 3247 1553 3308 Faxit
1566 3244 1716 3307 Christus

521 3333 589 3407 opt.
606 3348 693 3390 max.
710 3336 749 3390 vt
763 3329 824 3391 hoc
839 3351 949 3393 meum
964 3352 1088 3394 vanum
1103 3334 1147 3392 sit
1161 3333 1343 3411 augurium.

563 3411 759 3492 Quanquam
783 3413 943 3476 hactenus
962 3416 1051 3495 quod
1077 3416 1224 3477 diuinaui
1247 3417 1357 3475 verius
1377 3414 1443 3475 fuit
1464 3433 1564 3493 quam
1585 3411 1713 3473 vellem.

474 3519 507 3569 45
521 3495 678 3568 Primum,
694 3496 750 3557 vbi
771 3497 964 3576 prodierunt
983 3499 1097 3560 Luteri
1116 3498 1239 3579 placita
1258 3497 1299 3558 de
1315 3497 1535 3577 indulgentiis,
1550 3496 1716 3558 silentium

521 3583 593 3639 erat
614 3581 786 3658 optimum.
831 3579 1015 3661 Respondit
1037 3582 1163 3644 Prieras
1184 3583 1265 3644 satis
1286 3582 1432 3662 gloriose,
1447 3588 1482 3642 et
1496 3582 1619 3661 primus
1633 3579 1715 3640 cica-

522 3661 609 3734 dam,
632 3669 672 3724 vt
692 3662 806 3724 Graeci
828 3664 951 3739 dicunt,
972 3665 1026 3726 ala
1040 3667 1206 3745 corripuit.
1250 3665 1434 3745 Respondit
1449 3664 1533 3725 alter
1547 3663 1713 3725 Saxonice.

522 3744 574 3806 lbi
590 3744 729 3807 Iacobus
743 3746 994 3823 Hocchstratus,
1013 3768 1079 3828 quo
1096 3751 1263 3829 suppetias
1281 3749 1381 3810 ferret
1400 3749 1466 3808 suis
1485 3747 1715 3818 Dominicanis,

521 3828 651 3889 nullum
671 3848 738 3890 non
762 3833 868 3892 mouit
892 3831 1045 3912 lapidem,
1069 3839 1108 3893 vt
1128 3835 1288 3894 excitaret
1309 3832 1501 3904 academias,
1523 3829 1716 3891 nominatim

476 3934 510 3984 50
523 3911 742 3986 Lutetiam,
757 3912 978 3977 Coloniensem
998 3923 1033 3977 et
1054 3916 1301 3978 Louaniensem.
1345 3916 1436 3976 Duas
1456 3915 1649 3994 posteriores
1664 3919 1716 3973 vt-

523 4013 650 4074 cunque
676 3999 855 4059 commouit
878 3998 1045 4078 hucusque
1069 4006 1109 4060 vt
1129 4000 1164 4060 in
1185 3998 1367 4061 Lutherum
1389 3998 1543 4060 aederent
1561 3995 1717 4057 articulos

523 4078 604 4139 satis
628 4079 826 4153 moderatos,
851 4081 960 4161 idque,
983 4090 1023 4143 vt
1048 4085 1171 4163 opinor,
1193 4102 1235 4144 ex
1260 4084 1422 4143 sententia
1443 4081 1579 4142 Adriani
1602 4086 1718 4160 postea

524 4159 667 4222 Romani
683 4163 859 4225 Pontificia.
890 4166 940 4226 Ea
951 4186 1001 4227 res
1016 4168 1079 4227 etsi
1093 4186 1160 4227 non
1174 4173 1246 4227 erat
1260 4167 1393 4245 indigna
1408 4164 1589 4244 Theologis,
1605 4171 1717 4224 tamen

521 4244 684 4324 plerisque
708 4246 789 4307 nihil
814 4248 905 4309 aliud
930 4269 1030 4329 quam
1055 4251 1155 4311 risum
1178 4251 1346 4322 excitauit,
1371 4250 1562 4329 praesertim
1588 4246 1719 4308 articuli

556 4412 631 4460 22-3.
649 4397 899 4451 eflemascentibus
910 4401 972 4451 cdd.
986 4400 1024 4450 K.
1079 4415 1120 4465 33.
1138 4400 1407 4450 deceatautom..1.
1459 4401 1501 4463 38.
1519 4399 1717 4450 hucMS.N³:

522 4464 626 4515 hch¹
675 4466 1048 4518 tamenMS.:tanturnK.
1116 4466 1435 4533 46.J:PrieransMS.
1504 4481 1545 4531 53.
1563 4464 1718 4517 tamatsiJ.

556 4712 632 4762 31-2.
650 4700 779 4764 egovici]
790 4699 868 4751 John
882 4704 922 4751 16.
935 4716 977 4765 33.
1178 4716 1221 4768 47.
1239 4704 1350 4765 dicunt]
1362 4703 1412 4754 See
1424 4703 1512 4766 Δάας.
1525 4705 1583 4754 828.

555 4768 598 4829 46.
616 4765 738 4828 Pmeras]
750 4766 883 4818 silvester
894 4768 1041 4828 Masclini3
1059 4769 1095 4820 he
1179 4773 1220 4834 48.
1238 4771 1459 4833 Hocchstratus]
1485 4771 1536 4822 See
1560 4772 1614 4836 Ep.
1645 4786 1718 4835 103⁰·

522 4831 668 4882 anawared
690 4833 823 4884 Luther's
847 4835 942 4913 theses
964 4836 1035 4886 with
1057 4837 1095 4887 In
1148 4841 1226 4896 16n.;
1244 4838 1281 4888 ci.
1294 4838 1348 4902 Ep.
1366 4851 1438 4901 ¹141·
1457 4851 1548 4900 17—20.
1582 4839 1718 4904 Thepcr-

519 4900 1096 5035 wilwlistim?
1146 4904 1574 5023 mmm..
1588 4907 1722 5025 Lu‘hil?

523 5032 635 5099 seeEp.
648 5034 707 5099 872.
721 5037 782 5086 1611.
904 4984 941 5033 μ
1089 5008 1096 5029 ’
1147 5038 1250 5090 chesne
1260 4990 1423 5098 md1M3
1441 4989 1644 5106 seeEpdllSrg.
1655 5055 1718 5102 29n.
