4042 5900
293 667 390 746 2424]
590 662 714 725 recu
735 661 918 726 mucuns
940 662 1196 728 Mnammus
1428 664 1488 725 113

292 824 403 885 abluit
428 825 507 903 quin
532 843 574 884 ex
596 823 765 885 comoedia
786 823 963 902 tragoedia,
988 843 1030 884 ex
1060 829 1174 904 togata
1199 842 1327 885 rursum
1352 824 1490 903 palliata

293 907 385 968 iacta
402 909 465 980 sit;
488 905 567 968 ἀλλὰ
585 906 641 985 μὲν
659 905 749 984 χάρις
762 912 809 985 τῷ
822 906 949 985 Χριστῷ
970 913 1016 985 τῷ
1036 906 1162 985 ἀρίστῳ,
1177 912 1223 984 τῷ
1237 905 1386 986 μεγίστῳ,
1402 907 1491 987 quod

293 1010 345 1051 res
360 990 495 1051 tandem
510 990 591 1051 bene
605 992 717 1062 vertit,
733 990 893 1068 cessitque
907 990 1034 1051 felicius
1051 997 1152 1069 atque
1167 990 1363 1051 calumniam
1379 991 1490 1070 depre-

293 1093 395 1135 carer.
439 1073 485 1135 Et
503 1074 552 1135 ita
569 1074 725 1134 successit
744 1080 784 1134 vt
804 1073 900 1134 nobis
921 1074 1055 1153 perinde
1076 1093 1115 1134 ac
1137 1073 1215 1134 olim
1236 1073 1492 1135 Atheniensibus
1506 1097 1538 1147 55

292 1156 393 1235 γλαῦξ
418 1155 552 1217 ἵσταται.
597 1157 745 1218 Primum
770 1176 844 1218 ecce
867 1158 1035 1217 scaenicus
1059 1158 1163 1218 morio
1191 1157 1331 1237 supplex
1356 1158 1492 1218 herbam

292 1240 388 1301 dedit
404 1239 681 1319 palinodiamque,
696 1240 838 1301 testibus
857 1240 900 1301 ad
917 1240 979 1301 hoc
997 1241 1119 1312 accitis,
1135 1242 1273 1319 ingenue
1288 1242 1492 1301 recantauit:

293 1323 414 1384 deinde
439 1324 583 1402 tragicus
609 1323 739 1384 Momus
764 1323 1004 1403 Harpocratem
1034 1325 1151 1403 ipsum,
1178 1343 1238 1384 nec
1266 1325 1335 1384 sine
1364 1324 1492 1397 rubore,

293 1406 393 1467 finxit
407 1407 662 1485 simulauitque;
685 1407 784 1468 ambo
803 1408 945 1467 nominis
964 1407 1123 1468 Erasmiei
1139 1408 1309 1486 nostrique
1328 1414 1493 1468 amatores

291 1490 433 1570 posthac
446 1490 562 1550 futuri.
1505 1516 1540 1562 ⁶0

337 1573 371 1633 Is
390 1573 523 1634 fabulae
543 1573 662 1646 exitus,
683 1573 760 1634 talis
777 1593 886 1635 rerum
907 1574 1014 1646 series,
1035 1574 1103 1634 tale
1122 1574 1358 1653 proscaenium.
1402 1573 1493 1648 Quae

293 1675 347 1717 res
365 1676 442 1717 sane
463 1675 664 1735 quamquam
685 1658 756 1735 ipsa
775 1663 850 1718 tota
868 1676 951 1737 pene
971 1656 1113 1718 leuicula
1132 1658 1185 1729 sit,
1206 1664 1242 1718 vt
1266 1677 1350 1736 quae
1371 1657 1493 1718 nullius

293 1739 394 1820 plane
408 1741 568 1801 momenti
579 1740 740 1812 videatur,
752 1748 853 1819 atque
867 1741 950 1802 adeo
964 1742 1076 1820 paucis
1091 1741 1232 1819 cognita,
1243 1740 1369 1820 placuit
1380 1748 1493 1802 tamen

293 1823 386 1885 illam
406 1842 473 1884 non
494 1824 628 1884 omnino
648 1823 778 1884 silentio
795 1824 992 1884 adumbrare
1010 1824 1184 1902 surdaque,
1204 1830 1243 1884 vt
1264 1824 1393 1897 dicitur,
1413 1844 1493 1885 aure

293 1907 481 1987 praeterire,
501 1908 623 1986 partim
646 1925 712 1985 quo
731 1906 829 1968 huius
847 1906 1005 1986 epistolae
1027 1907 1142 1968 lectori
1163 1908 1266 1986 magis
1287 1914 1492 1987 compertum
1505 1931 1539 1990 65

292 1991 349 2063 sit,
369 1989 490 2068 quibus
509 1990 661 2070 auspiciis
678 2009 786 2069 quoue
805 1992 916 2050 animo
934 1990 977 2051 ad
998 1996 1032 2050 te
1051 1991 1258 2051 inuisendum
1281 1990 1396 2070 pedem
1418 1991 1493 2051 hino

292 2074 500 2145 dimouerim,
529 2073 692 2152 simulque
719 2080 755 2134 et
782 2081 929 2134 nostram
958 2079 1069 2134 tuerer
1096 2074 1335 2147 innocentiam
1371 2076 1492 2154 partim

294 2162 412 2218 autem
432 2157 459 2216 si
479 2158 536 2235 qui
555 2156 667 2216 forsan
685 2157 771 2217 male
790 2156 900 2217 allecti
919 2156 1016 2217 aliter
1038 2158 1226 2218 ominentur
1247 2176 1346 2235 quam
1368 2156 1421 2217 vel
1442 2177 1493 2218 res

292 2239 429 2312 habeat,
443 2240 638 2318 sinistreque
653 2240 806 2312 iudicent,
822 2239 918 2300 fidem
933 2239 1052 2300 saltem
1063 2259 1104 2300 ex
1116 2242 1183 2301 tuis
1194 2240 1296 2301 literis
1309 2241 1492 2320 explorent,

293 2323 491 2401 discantque
519 2322 667 2402 posthac,
696 2343 762 2384 nou
794 2342 863 2383 esse
894 2323 940 2402 pii
970 2321 1157 2397 Christiani,
1190 2323 1326 2384 alterius
1360 2324 1491 2403 phama,
1505 2353 1539 2405 70

292 2406 451 2468 infamiae
476 2413 591 2467 notam
614 2406 711 2467 iratri
736 2408 805 2467 sine
831 2425 945 2467 caussa
968 2407 1107 2479 inurere,
1132 2425 1238 2485 neque
1265 2408 1346 2467 item
1375 2408 1494 2468 moniti

292 2491 453 2551 maiorem
473 2489 548 2550 inde
568 2490 725 2569 peccandi
746 2489 912 2550 licentiam
932 2489 993 2550 sibi
1008 2508 1136 2569 semper
1152 2489 1321 2550 vindicent
1337 2491 1371 2550 in
1389 2509 1491 2568 quan-

292 2574 422 2634 tumuis
431 2573 570 2652 probum
580 2573 780 2652 doctumque
791 2574 906 2633 misere
915 2572 1118 2645 ferocientes,
1130 2572 1276 2652 nihilque
1285 2592 1349 2634 non
1359 2574 1492 2653 impune

293 2656 359 2718 sibi
381 2656 475 2717 licere
496 2674 557 2735 pro
578 2664 658 2717 voto
679 2655 900 2717 arbitrantes:
931 2663 966 2717 et
987 2658 1037 2717 ita
1058 2658 1176 2716 moniti
1197 2657 1240 2717 ad
1265 2676 1321 2717 cor
1345 2656 1491 2718 redeant.

292 2739 458 2818 Equidem
481 2739 672 2800 mortalium
697 2740 824 2800 nullum
850 2741 1002 2800 existimo
1027 2740 1154 2800 cordati
1183 2741 1332 2819 pectoris,
1362 2741 1419 2819 qui
1447 2742 1492 2800 sio
1505 2769 1538 2821 75

292 2823 407 2903 palam
432 2823 474 2883 ab
499 2822 685 2884 istiusmodi
710 2823 928 2884 nebulonibus
957 2823 1081 2884 rabulis
1109 2824 1274 2884 criminari
1301 2824 1491 2904 vituperari,

293 2925 373 2968 cum
398 2906 569 2986 dispendio
597 2908 697 2968 etiam
727 2906 924 2986 quandoque
953 2907 1103 2988 phamas,
1129 2906 1269 2968 libenter
1296 2907 1490 2969 substineat.

293 2990 489 3051 Debuerant
499 3009 577 3050 sane
588 2992 699 3052 omnia
709 2992 787 3052 boni
802 2992 962 3069 aequique
972 2991 1141 3051 consulere
1156 2997 1200 3063 et,
1212 2992 1368 3069 quicquid
1382 2991 1417 3051 id
1431 2998 1491 3064 est,

293 3075 330 3134 in
349 3074 508 3152 optimam
530 3092 659 3153 semper
679 3081 808 3153 partem
826 3075 1045 3153 interpretari,
1063 3093 1169 3153 neque
1190 3075 1280 3154 prius
1301 3076 1492 3136 institutum

293 3156 449 3235 sugillare
481 3163 583 3235 atque
616 3159 662 3218 rei
693 3176 855 3218 summam
884 3157 1094 3237 perpendere,
1128 3177 1234 3237 neque
1262 3165 1362 3219 antea
1388 3177 1492 3219 nouos
1505 3174 1539 3223 80

293 3259 443 3301 rumores
468 3247 538 3300 tam
563 3242 720 3301 atrociter
744 3240 874 3319 fingere,
900 3260 938 3302 ac
963 3241 1037 3301 finis
1060 3242 1186 3302 exitum
1212 3243 1403 3321 prospicere.
1447 3242 1493 3302 Iis

294 3331 410 3385 tamen
427 3329 463 3383 et
481 3325 532 3384 sui
551 3323 711 3385 similibus
729 3324 902 3385 corniculis
919 3344 1033 3385 sanam
1053 3333 1198 3387 mentem
1216 3326 1399 3404 mentisque
1416 3326 1492 3387 resi·

293 3407 490 3487 placentiam
508 3408 639 3468 interim
659 3427 781 3487 precor.
825 3407 915 3468 Alias
934 3409 1093 3487 pietatem
1112 3408 1232 3469 colant.
1277 3409 1322 3468 Et
1341 3409 1493 3486 quamuis

294 3489 401 3551 indies
411 3496 560 3551 nostrum
572 3497 726 3570 coeptum
737 3492 783 3552 sic
797 3491 1048 3564 subsannarent,
1060 3493 1105 3552 sic
1119 3491 1264 3552 absentis
1278 3511 1390 3552 aurem
1402 3492 1492 3552 velli·

295 3580 421 3646 carent,
445 3574 512 3634 suis
537 3575 762 3653 sycophantiis
791 3574 871 3635 nihil
896 3593 963 3635 non
987 3574 1151 3653 replerent
1175 3580 1405 3654 attactumque
1433 3593 1493 3635 suo
1506 3590 1539 3651 85

294 3675 425 3717 veneno
439 3676 556 3718 sanum
571 3658 802 3736 relinquerent,
817 3677 883 3719 non
897 3657 1033 3718 deerant
1047 3664 1159 3718 tamen
1169 3658 1300 3718 interim
1311 3658 1492 3730 Parrhisiis,

295 3741 325 3800 si
345 3759 412 3800 non
426 3759 514 3801 vana
527 3740 617 3813 fides,
633 3742 695 3801 viri
712 3741 871 3802 mehercle
886 3740 986 3820 probe
1001 3740 1140 3813 candidi,
1157 3740 1315 3814 Ruellius,
1331 3741 1493 3814 Tusanus,

294 3822 466 3895 Beraldus,
485 3823 655 3896 Danesius,
676 3824 869 3903 quibuscum
889 3842 955 3884 non
974 3841 1079 3901 parua
1099 3824 1291 3903 iampridem
1311 3825 1494 3885 intercessit

294 3912 429 3967 nostrae
456 3907 621 3967 amicitiae
649 3906 865 3979 necessitudo,
894 3908 960 3966 imo
989 3912 1024 3966 et
1051 3907 1121 3985 ipse
1149 3907 1312 3980 Budaeus,
1338 3926 1493 3985 syncerae

294 3995 500 4069 exactaeque
520 3991 555 4049 in
576 3990 751 4051 iudicando
773 3989 813 4050 de
836 4010 870 4050 re
892 3990 1037 4050 literaria
1058 3991 1212 4061 trutinae,
1235 3990 1297 4050 tibi
1319 4009 1431 4051 omnes
1452 4009 1540 4063 ex90

296 4071 462 4151 vnguibus
495 4074 576 4145 noti,
609 4075 666 4151 qui
695 4080 811 4134 contra
839 4074 985 4134 instituti
1013 4074 1117 4133 nostri
1146 4075 1306 4133 rationem
1335 4073 1494 4135 habentes

296 4156 483 4226 laudarent,
499 4157 707 4230 mirarentur,
723 4158 933 4235 suspicerent.
977 4155 1030 4216 Ad
1044 4156 1124 4217 haec
1138 4158 1243 4217 nostri
1258 4156 1380 4218 ordinis
1400 4157 1493 4218 soda-

295 4239 425 4317 litiique
440 4239 614 4318 theologici
628 4241 753 4320 primae
767 4241 866 4300 etiam
880 4246 979 4301 notae
994 4259 1061 4300 non
1076 4241 1172 4319 pauci
1189 4241 1223 4300 in
1237 4259 1350 4301 eorum
1366 4246 1493 4301 senten·

295 4323 379 4383 tiam
412 4322 551 4401 pedibus
584 4324 630 4384 ire
664 4323 868 4384 dicebantur.
920 4323 988 4384 Nec
1022 4342 1167 4401 vnquam
1196 4324 1355 4402 quosdam
1385 4324 1495 4384 deesse

295 4406 424 4485 putaui,
440 4411 619 4484 antequam
635 4408 816 4467 etiamnum
831 4407 894 4467 iter
908 4407 1165 4485 aggrederemur,
1180 4409 1246 4485 qui,
1262 4408 1359 4468 sicuti
1378 4405 1539 4479 solentes

296 4488 468 4567 indignum
484 4488 610 4550 lacinus
625 4490 677 4550 vel
692 4490 753 4551 hoc
768 4491 899 4551 nomine
913 4490 1020 4550 solum
1035 4491 1203 4551 Erasmico
1216 4490 1444 4552 acclamarent.

340 4571 425 4633 Vtut
446 4590 498 4632 res
519 4575 666 4646 verterit,
689 4572 771 4634 nihil
791 4580 842 4634 est
863 4573 953 4651 quod
974 4575 1040 4634 iam
1062 4574 1231 4653 poeniteat
1251 4574 1334 4634 aditi
1355 4573 1492 4633 Erasmi.

296 4653 383 4729 Quin
398 4660 434 4715 et
447 4655 528 4716 mihi
542 4656 720 4718 admodum
735 4655 884 4737 gratulor
898 4656 987 4736 quod
1000 4656 1185 4730 Erasmum,
1200 4659 1307 4718 virum
1323 4657 1494 4717 doctorum

331 4895 373 4946 54.
391 4882 491 4947 atque}
501 4881 681 4947 Apparently
688 4880 732 4931 ior
742 4897 825 4944 quom
834 4889 870 4932 vt.
956 4883 996 4945 58.
1016 4880 1138 4942 Momus]
1151 4881 1238 4945 Aduo.
1251 4895 1310 4945 474.

332 4953 374 5012 56.
392 4948 472 5012 γλαῦξ
481 4947 595 5010 ἵσταται]
608 4948 695 5010 Adoq.
709 4951 751 5012 76.
989 4948 1207 5012 ΗΝῬοσι-εωῐσ]
1220 4948 1307 5010 Adoq.
1320 4961 1394 5011 3052.

330 5019 407 5080 56-7.
425 5016 543 5067 herbam
555 5015 645 5077 dedit]
657 5015 746 5080 Adae.
759 5016 817 5080 878.
955 5016 997 5079 87.
1016 5013 1155 5075 Ruellius]
1167 5014 1284 5080 SeeEp.
1298 5019 1356 5079 346.
1371 5029 1431 5066 un.

330 5128 408 5180 εσσε
886 5114 898 5157 1
