4042 5900
299 703 394 781 2472]
640 698 696 762 ro
717 699 1099 763 mrournlaaon
1432 702 1493 763 ιιι

298 859 550 932 Fordinandum,
569 859 676 922 altero
696 859 731 920 in
752 860 932 933 Poloniam,
953 860 1005 921 cui
1024 859 1089 921 iam
1104 858 1183 922 olim
1196 860 1379 935 minitatur,
1394 861 1494 922 tertio

298 943 469 1023 Neapolin,
480 943 557 1004 inde
571 944 736 1023 petiturus
750 943 1009 1005 benedictionem
1024 962 1045 1003 a
1055 962 1183 1005 summo
1193 942 1357 1023 pontifice.
1401 944 1494 1005 Dura

298 1034 377 1087 sunt
398 1027 486 1099 haec,
509 1032 622 1087 tamen
644 1026 722 1088 haec
745 1045 874 1106 quoque
895 1032 979 1106 puto
1000 1026 1133 1100 leuiora,
1153 1046 1253 1105 quam
1273 1028 1300 1088 si
1321 1033 1396 1089 tota
1414 1026 1491 1088 Ger·
1505 1050 1539 1086 ιο

298 1111 409 1171 mania
430 1115 466 1170 et
490 1109 565 1171 huic
588 1109 746 1171 finitimae
774 1112 920 1190 regiones
949 1110 1073 1171 mutuis
1100 1109 1255 1171 caedibus
1282 1110 1492 1172 misceantur.

298 1194 395 1254 Dices
414 1211 549 1254 saeuum
563 1211 633 1254 esse
648 1193 799 1255 morbum
813 1212 872 1254 nec
886 1212 981 1272 posse
1000 1194 1106 1254 curari
1127 1193 1318 1273 vulgaribus
1332 1194 1491 1255 remediis.

297 1277 344 1337 At
358 1296 418 1356 ego
433 1276 488 1337 odi
502 1275 645 1337 remedia
654 1275 768 1337 morbo
782 1277 941 1356 grauiora.
985 1274 1019 1338 Si
1037 1275 1124 1337 ferro
1143 1296 1194 1338 res
1208 1283 1333 1356 agetur,
1348 1278 1494 1339 maxima

298 1360 526 1421 calamitatum
547 1360 656 1439 portio
677 1359 800 1421 recidet
819 1361 854 1421 in
875 1361 1093 1433 immerentes,
1112 1365 1148 1420 et
1166 1359 1227 1420 sub
1247 1366 1422 1440 praetextu
1437 1360 1491 1422 de-

297 1443 480 1504 fendendae
493 1443 627 1522 pietatis
642 1441 784 1504 mundus
798 1443 988 1522 implebitur
995 1442 1186 1505 latrociniis.
1220 1443 1399 1524 Hispaniae
1409 1444 1491 1505 mul·
1505 1464 1538 1513 25

299 1533 351 1588 tos
366 1526 462 1587 alunt
475 1525 622 1587 occultos
636 1525 785 1600 Iudaeos,
801 1524 995 1588 Germaniae
1009 1525 1168 1605 plurimos
1182 1526 1307 1588 habent
1320 1532 1355 1587 et
1371 1531 1493 1588 natura

297 1628 479 1754 propdnhqh
487 1615 523 1670 et
531 1608 626 1706 bellis
636 1610 832 1753 eregitatos
841 1609 885 1670 ad
895 1610 1138 1754 latrociniumli
1151 1610 1237 1671 Tota
1245 1609 1492 1755 haegecollurquies

297 1713 385 1754 exun
408 1712 428 1754 a
452 1713 462 1753 1
517 1712 636 1753 nmum
650 1711 685 1752 m
728 1712 918 1766 ermamam,
933 1711 1010 1753 mox
1025 1712 1060 1753 m
1080 1713 1115 1754 re
1139 1712 1242 1772 quum
1261 1712 1299 1754 or
1341 1712 1384 1756 m.
1459 1713 1490 1755 e·

298 1777 407 1838 sciunt
421 1713 516 1837 enini)
524 1795 616 1837 arma
630 1795 749 1856 ponere
767 1775 886 1855 quibus
904 1776 1004 1838 semel
1021 1776 1146 1838 tradita
1167 1782 1255 1838 sunt.
1298 1776 1371 1837 lam
1392 1776 1492 1838 semel

297 1866 398 1937 atque
415 1860 533 1920 iterum
548 1859 665 1920 dedere
680 1860 731 1920 sui
745 1860 915 1939 amimea,
932 1859 1059 1920 Romae
1072 1879 1110 1920 ao
1125 1860 1278 1922 Viennae.
1504 1881 1538 1932 30

339 1942 433 2004 Orbis
446 1962 614 2021 nunquam
629 1941 746 2003 hahuit
760 1941 929 2004 Caesarem
940 1943 1162 2023 potentiorem
1172 1962 1271 2022 quam
1283 1962 1370 2004 nuno
1381 1942 1491 2005 habet.

298 2026 332 2087 Is
353 2046 413 2107 pro
433 2045 492 2087 sua
513 2026 636 2106 pietate
658 2045 696 2086 ao
717 2026 866 2105 religiosa
886 2028 921 2086 in
942 2026 1053 2087 sedem
1075 2026 1260 2088 Romanam
1282 2027 1492 2089 obseruantia

297 2111 428 2171 videtur
436 2109 585 2170 facturus
595 2109 750 2188 quioquid
760 2110 1004 2189 praescripserit
1014 2109 1185 2171 Romanus
1195 2110 1374 2190 episcopus.
1411 2108 1491 2171 Gra·

297 2193 472 2254 tulandum
497 2192 597 2271 igitur
617 2193 680 2253 erit
701 2192 798 2253 rebus
823 2191 983 2266 humanis,
1009 2194 1037 2253 si
1060 2193 1183 2254 vicario
1207 2192 1329 2255 Christi
1351 2192 1433 2254 nihil
1457 2194 1492 2254 in

297 2283 442 2338 mentem
471 2276 583 2337 veniet
611 2275 674 2336 nisi
701 2274 831 2337 Christo
859 2275 1003 2356 dignum.
1047 2275 1162 2338 Multis
1186 2283 1300 2338 tamen
1324 2278 1490 2337 sinistrum
1504 2295 1536 2345 35

297 2360 429 2420 videtur
443 2359 614 2438 augurium
629 2377 650 2418 a
664 2356 829 2420 Clemente
839 2365 910 2420 tam
926 2359 1139 2421 inclementer
1154 2366 1298 2422 tractata
1312 2359 1489 2421 Florentia.

299 2443 345 2504 Vt
358 2442 469 2503 liberis
484 2441 561 2503 licet
575 2442 702 2503 affectis
716 2443 834 2503 iniuria
847 2461 913 2504 non
924 2442 1025 2503 datur
1036 2442 1211 2504 vlciscendi
1222 2445 1273 2504 ius
1282 2444 1316 2504 in
1327 2449 1489 2522 parentes,

295 2528 345 2588 ita
360 2525 473 2586 multis
487 2525 625 2586 ethnicis
643 2525 751 2586 visum
772 2530 907 2588 estnon
924 2545 993 2587 esse
1007 2525 1090 2605 phas
1109 2527 1144 2587 in
1160 2528 1303 2606 patriam
1322 2532 1491 2605 vtcunque

297 2611 450 2671 meritam
463 2608 587 2670 ferrum
602 2609 769 2688 stringere.
806 2608 1040 2670 Themistocles
1050 2616 1085 2671 et
1096 2608 1256 2671 Aristides
1264 2629 1322 2689 per
1331 2609 1489 2670 inuidiam

296 2692 417 2765 exules,
438 2711 557 2771 magno
578 2697 690 2752 tamen
712 2691 903 2753 adiumento
924 2691 1014 2753 fuere
1035 2694 1171 2773 patriae.
1215 2693 1490 2754 Lacedaemonius
1502 2711 1537 2761 40

298 2796 355 2837 rex
377 2781 508 2856 praeter
529 2776 682 2836 meritum
701 2774 787 2848 exul,
805 2795 847 2836 ne
866 2776 958 2854 queri
979 2775 1112 2854 quidem
1133 2776 1174 2838 de
1192 2778 1301 2856 patria
1322 2777 1488 2837 sustinuit.

297 2858 488 2921 Coriolanus
509 2859 723 2919 iustissimum
741 2858 886 2919 dolorem
906 2860 1022 2921 matris
1043 2860 1217 2921 autoritati
1238 2859 1398 2921 submisit.
1442 2859 1489 2920 Ac

297 2963 411 3005 vereor
419 2963 459 3004 ne
471 2941 565 3004 nobis
575 2961 632 3021 qm
624 2943 836 3023 praec1p1tes
844 2962 971 3022 agimur
981 2943 1163 3023 eupiditate
1173 2943 1347 3017 vindictae,
1358 2943 1490 3005 eueniat

297 3027 386 3106 quod
407 3027 518 3088 euenit
538 3044 633 3104 equo,
651 3027 708 3104 qui
728 3032 820 3105 tergo
841 3045 1006 3100 sessorem,
1027 3045 1083 3087 ore
1104 3027 1233 3088 trenum
1255 3027 1387 3133 recepit,
1409 3027 1489 3088 dum

296 3130 429 3172 ceruum
452 3110 627 3170 vlciseitur.
671 3107 763 3174 εἷς’
732 3107 841 3174 οιωνὸς
861 3108 997 3189 ἄριστος,
1017 3109 1183 3188 ἀμύνεσθαι
1199 3108 1270 3190 περὶ
1290 3109 1421 3190 πάτρης,
1441 3111 1490 3171 alt
1502 3126 1535 3177 45

297 3194 422 3255 Hector
442 3192 653 3253 Homericus:
676 3199 713 3254 at
735 3192 796 3254 hoo
818 3212 927 3253 rerum
946 3199 1039 3254 statu
1061 3192 1141 3254 mihi
1161 3194 1294 3255 videtur
1315 3191 1412 3259 εἴς’
1381 3193 1490 3259 οιωνὸς

296 3276 430 3357 ἄριστος,
447 3276 584 3340 ἅπαντας
598 3275 680 3335 θεῖον
695 3275 839 3337 ιλάσκειν.
883 3275 946 3338 Sed
961 3276 1032 3350 hoo,
1048 3277 1137 3355 quod
1152 3278 1298 3338 omnium
1312 3283 1364 3338 est
1378 3282 1488 3357 caput,

297 3380 371 3421 oum
382 3361 495 3440 primis
506 3358 689 3438 negligitur.
723 3359 816 3420 Vnde
826 3360 913 3420 enim
925 3359 986 3420 sub
997 3361 1130 3441 optimis
1141 3360 1341 3441 principibus
1355 3366 1489 3421 tantum

296 3445 330 3504 in
350 3444 428 3504 orbe
447 3442 632 3505 Christiano
654 3441 824 3515 malorum,
844 3444 907 3504 nisi
926 3463 946 3504 a
964 3444 1026 3505 deo
1044 3445 1164 3504 nostris
1187 3445 1272 3505 irato
1291 3442 1488 3505 sceleribus?

296 3527 434 3601 Quando
449 3545 595 3605 vnquam
610 3532 721 3587 vestra
735 3524 842 3587 Gallia
858 3528 1042 3605 gramorem
1059 3528 1185 3607 accepit
1203 3527 1358 3607 plagam?
1401 3527 1488 3588 Bene
1501 3543 1535 3592 50

296 3611 396 3671 habet
418 3609 507 3689 quod
528 3628 600 3670 eam
623 3615 854 3688 tempestatem
879 3611 1009 3689 excepit
1031 3611 1197 3671 serenitas.
1241 3610 1320 3685 Quis
1342 3629 1489 3690 vnquam

295 3694 380 3755 vidit
394 3693 596 3755 afflictiorem
610 3691 766 3754 Italiam?
808 3691 899 3766 Quae
913 3694 1028 3754 multis
1042 3694 1136 3754 aunis
1146 3712 1260 3755 vereor
1270 3701 1310 3755 vt
1321 3700 1489 3774 recuperet

296 3778 441 3857 vigorem
463 3777 648 3857 pristinum,
668 3777 703 3837 in
720 3795 787 3856 quo
807 3795 867 3837 nos
888 3775 979 3837 illam
1000 3776 1153 3838 vidimus.
1197 3776 1282 3851 Quid
1303 3796 1390 3838 nuno
1412 3775 1488 3838 Ger·

295 3862 406 3922 mania
420 3859 667 3921 turbulentius?
703 3858 787 3932 Quid
799 3860 1025 3933 miserabilius,
1040 3861 1068 3920 si
1081 3860 1229 3922 incidant
1240 3879 1323 3939 quae
1334 3860 1489 3921 videntur

294 3945 504 4024 impendere?
547 3943 619 4004 Iam
639 3949 678 4003 vt
695 3943 824 4021 parcius
839 3942 983 4017 bibatur,
998 3951 1038 4005 vt
1056 3944 1165 4004 minus
1182 3945 1227 4005 sit
1245 3944 1344 4005 luxus
1360 3944 1394 4004 in
1413 3962 1488 4004 cou-
1501 3958 1534 4008 55

295 4029 392 4088 uiuiis
414 4047 453 4088 ac
478 4027 611 4098 vestitu,
637 4033 677 4087 vt
699 4025 806 4087 clerici
831 4027 988 4088 verticem
1015 4026 1159 4088 habeant
1184 4027 1283 4089 latius
1306 4045 1426 4100 rasum,
1450 4033 1488 4087 vt

294 4118 420 4172 vestem
450 4110 493 4170 ad
522 4109 608 4170 talos
631 4109 820 4181 demittant,
844 4115 884 4170 vt
912 4110 972 4171 soli
995 4110 1171 4183 dormiant,
1194 4110 1290 4171 facile
1312 4110 1489 4190 praescribi

294 4201 405 4274 potest
428 4193 471 4254 ab
496 4192 700 4253 hominibus:
732 4193 789 4253 sed
813 4193 958 4253 omnium
985 4193 1145 4254 bonarum
1170 4195 1337 4254 actionum
1362 4193 1488 4255 iontem

295 4279 383 4338 solus
398 4277 478 4337 deus
493 4295 632 4356 purgare
647 4276 756 4349 valet3
778 4280 813 4336 et
823 4275 931 4349 faciet,
941 4277 968 4336 si
979 4295 1040 4337 nos
1049 4295 1185 4354 syncera
1195 4276 1357 4356 plenaque
1368 4276 1488 4338 fiducia

294 4361 338 4422 ad
353 4360 439 4421 illius
457 4359 710 4420 misericordiam
730 4358 978 4438 confugerimus.
1024 4359 1084 4421 Ille
1104 4366 1259 4420 exoratus
1275 4359 1370 4420 dabit
1388 4359 1486 4421 eccle·
1499 4363 1535 4411 ⁶0

294 4446 360 4505 siae
381 4443 577 4523 primatibus
598 4443 745 4503 animum
764 4443 875 4502 omnia
896 4442 1010 4503 mundi
1027 4442 1200 4504 commoda
1221 4441 1342 4504 Christi
1367 4443 1487 4522 gloriae

294 4526 556 4607 posthabentem.
600 4526 704 4586 Dabit
725 4525 925 4605 principibus
948 4533 1092 4589 mentem
1117 4530 1152 4586 et
1177 4526 1294 4605 opibus
1318 4531 1354 4587 et
1378 4526 1488 4605 gloriis

311 4652 620 4772 nigdffmylimum·
666 4652 943 4716 41.illeaatarexK.
990 4651 1241 4717 42.AcJ:AtK.
1284 4651 1488 4718 53.quondam

292 4738 310 4772 a
487 4757 492 4770 .

306 4817 371 4906 26
386 4814 709 4915 oocmafiudaeoslct.
721 4853 776 4918 Ep.
790 4866 864 4918 2479.
915 4851 1489 4970 quarterwugiventoprisonersthrows

294 4937 334 4986 17.
506 4988 512 4999 1
916 4919 988 4984 ht
999 4934 1038 4970 on
1048 4920 1099 4970 the
1109 4919 1222 4970 mutual
1253 4918 1488 4970 itterneaaoithe

326 4987 542 5052 36.Florent1a]
566 4987 622 5037 For
644 4987 694 5038 the
717 5001 740 5036 ιι
916 4985 1164 5051 contendingpart
1164 4986 1206 5036 ies
1213 4986 1274 5051 ’.(p
1289 4999 1346 5044 roo,
1358 5001 1386 5035 n.
1399 4987 1436 5046 ι).

293 5056 394 5106 Pastor
403 5071 431 5114 x,
444 5055 526 5120 ohap.
540 5068 571 5117 3:
591 5054 668 5105 ‘The
679 5000 867 5104 iactehatm
828 5067 866 5103 no
949 5056 992 5118 4⁶·
1010 5052 1361 5118 Homericua11l.12.243.
