4042 5900
533 647 593 709 108
857 643 1056 709 LETTERS
1077 643 1133 708 OF
1153 641 1358 707 ERASMUS
1635 646 1729 723 [1531

531 804 613 866 Vala
627 823 744 884 parum
758 803 897 866 feliciter
909 804 1057 877 reddita3
1078 808 1246 884 postremo
1260 802 1381 864 librum
1399 801 1573 863 Aristoteli
1592 802 1727 882 inscrip-

484 911 517 961 5ο
530 893 603 949 tum
631 888 681 948 De
706 887 839 948 Mundo.
882 886 986 960 Quem
1010 888 1098 948 enim
1121 887 1198 949 talis
1223 905 1389 947 successor
1410 904 1477 947 non
1499 884 1684 947 deterreret
1707 905 1728 946 e

530 970 712 1032 vertendo?
733 969 798 1032 Sed
812 972 947 1050 siquem
957 971 1009 1031 hic
1019 970 1111 1031 labor
1119 971 1223 1043 iuuet,
1233 969 1340 1031 Deum
1351 968 1572 1031 immortalem
1581 975 1728 1047 quantus

529 1060 625 1134 patet
638 1073 774 1134 campus
788 1055 822 1113 in
836 1054 1022 1127 Aristotele,
1037 1055 1070 1114 in
1085 1053 1233 1126 Platone,
1242 1055 1276 1113 in
1291 1052 1462 1115 Herodoto
1472 1057 1508 1113 et
1522 1051 1727 1131 Thucydide,

529 1138 564 1197 in
579 1138 657 1198 vitis
671 1158 709 1199 ac
724 1137 902 1199 moralibus
917 1137 1112 1198 Plutarchi?
1133 1136 1269 1197 Vberior
1283 1142 1396 1198 autem
1410 1135 1539 1197 fructus
1548 1134 1726 1197 rediretad

529 1221 694 1283 studiosos
716 1222 752 1294 si,
773 1221 862 1300 quod
883 1227 922 1281 tu
943 1221 1049 1281 iecisti
1070 1222 1104 1279 in
1126 1219 1264 1299 Babyln,
1279 1221 1482 1299 superiorum
1504 1220 1726 1299 interpretum

483 1303 640 1385 55lepsus
667 1304 916 1366 adnotarentur.
959 1303 1056 1365 Nunc
1085 1304 1172 1364 enim
1201 1304 1463 1383 quotusquisque
1489 1310 1543 1363 est
1571 1302 1626 1363 vel
1656 1308 1727 1364 tam

530 1389 656 1449 ociosus
670 1388 724 1448 vel
738 1394 808 1448 tam
823 1387 960 1467 diligens
975 1394 1015 1447 vt
1028 1388 1200 1465 vtriusque
1214 1388 1397 1447 versionem
1411 1388 1498 1447 inter
1513 1405 1548 1447 se
1562 1385 1724 1447 conferat.

530 1470 649 1532 Verum
671 1477 722 1532 est
743 1470 877 1549 aliquod
895 1470 1138 1532 incommodum
1157 1470 1207 1530 his
1224 1470 1417 1531 adiunctum
1434 1468 1626 1531 commodis.
1663 1468 1727 1543 Qui

529 1559 654 1616 trectat
668 1554 711 1615 sb
726 1554 798 1615 aliis
812 1559 983 1634 occupata,
998 1554 1112 1615 multis
1127 1554 1259 1614 videtur
1273 1554 1405 1614 inuidus
1419 1571 1603 1632 parumque
1614 1552 1726 1614 candi·

528 1637 600 1699 dus.
637 1638 689 1698 Ad
707 1637 787 1699 heec
812 1637 916 1710 audit,
939 1637 1029 1697 Nihil
1051 1657 1120 1697 esse
1141 1638 1252 1716 magni
1273 1636 1412 1697 aliorum
1433 1637 1577 1697 inuentis
1598 1636 1727 1715 aliquid

480 1733 515 1781 ⁶0
527 1740 666 1795 assuere,
682 1723 764 1782 etin
777 1721 884 1782 alieno
898 1740 995 1800 opere
1009 1722 1123 1781 venari
1137 1720 1360 1799 quodcarpas.
1390 1720 1461 1780 Iam
1472 1720 1500 1780 si
1510 1718 1728 1798 reprehensor

527 1804 582 1864 ille
597 1804 738 1877 labatur,
754 1805 843 1885 quod
857 1811 892 1866 et
906 1806 968 1884 ipsi
981 1810 1094 1883 potest
1107 1804 1286 1883 obtingere,
1301 1803 1412 1864 nullus
1426 1808 1477 1864 est
1491 1803 1607 1864 veniae
1620 1802 1726 1864 locus.

527 1886 810 1960 Quemadmodum
832 1888 982 1967 Rapheel
1000 1886 1123 1966 Regius
1141 1894 1218 1967 post
1239 1886 1446 1966 Philelphum
1468 1887 1571 1947 vertit
1589 1885 1726 1966 Apoph-

527 1970 707 2050 thegmata,
722 1991 761 2033 ec
779 1972 953 2051 superioris
972 1971 1083 2050 lapsus
1102 1971 1230 2050 aliquot
1248 1969 1401 2050 prodidit,
1420 1970 1477 2030 sed
1498 1970 1567 2048 ipse
1588 1970 1725 2031 interim

526 2055 695 2134 insigniter
724 2055 836 2116 labens
865 2055 1002 2115 alicubi:
1041 2054 1115 2134 plus
1143 2061 1256 2115 tamen
1284 2073 1358 2114 mee
1386 2054 1551 2114 sententia
1582 2052 1726 2115 debatur

479 2149 512 2212 65
527 2137 707 2217 Philelpho,
722 2140 779 2217 qui
794 2157 876 2218 opus
891 2138 951 2199 hoc
967 2156 1027 2199 suo
1041 2144 1147 2198 marte
1161 2139 1286 2216 primus
1300 2156 1469 2216 aggressus
1483 2143 1543 2198 est.
1575 2136 1725 2198 Thomae

525 2219 663 2282 Linacro
680 2223 818 2301 pessime
838 2222 935 2283 cessit
954 2221 1044 2300 quod
1063 2221 1237 2282 Proculum
1259 2240 1280 2281 a
1301 2240 1336 2280 se
1357 2220 1465 2281 denuo
1484 2239 1616 2280 versum
1638 2220 1724 2300 Regi

525 2303 623 2365 huius
631 2306 719 2384 patri
730 2305 865 2366 dicarat.
895 2304 1043 2365 Andreas
1055 2305 1188 2383 quidam
1198 2304 1377 2377 Tolssetes,
1387 2309 1580 2382 praeceptor
1587 2304 1725 2365 Arcturi

526 2386 693 2468 Principis,
716 2396 751 2449 et
772 2390 806 2449 in
828 2408 962 2467 regnum
985 2394 1159 2468 paternum
1181 2388 1359 2447 successuri
1380 2388 1442 2447 nisi
1460 2405 1548 2447 mors
1569 2392 1722 2447 antener-

525 2471 628 2543 tieset,
645 2491 759 2532 caecus
773 2471 936 2543 adulator,
952 2489 1011 2531 nec
1026 2471 1179 2531 adulator
1193 2477 1326 2531 tantum
1346 2470 1404 2530 sed
1420 2476 1455 2530 et
1473 2468 1604 2530 delator
1620 2470 1722 2549 pessi·

478 2576 512 2627 70
524 2572 606 2627 mus,
623 2554 746 2633 Regem
761 2554 933 2615 admonuit
947 2554 1008 2615 hoc
1023 2553 1125 2614 libelli
1139 2556 1204 2614 iam
1220 2553 1300 2614 olim
1314 2553 1413 2613 inisse
1428 2572 1559 2613 versum
1574 2571 1595 2613 e
1609 2555 1722 2614 nescio

524 2655 608 2715 qu0;
631 2644 666 2697 et
679 2643 761 2709 erat,
777 2638 834 2698 sed
848 2638 972 2698 misere.
1018 2637 1113 2698 Hanc
1128 2636 1170 2697 ob
1186 2656 1318 2698 censam
1335 2637 1407 2697 Rex
1421 2642 1458 2697 et
1475 2654 1595 2697 munus
1609 2654 1721 2715 asper-

522 2726 622 2781 natus
636 2727 696 2793 est,
706 2727 741 2781 et
755 2722 789 2781 in
804 2720 977 2781 Linecrum
990 2719 1083 2781 velut
1096 2721 1130 2780 in
1144 2722 1355 2799 impostorem
1364 2718 1559 2800 inexplebile
1568 2721 1723 2799 concepit

523 2802 645 2864 odium.
691 2803 811 2864 Verum
841 2803 901 2864 hoc
930 2802 1094 2881 πάρεργον.
1139 2804 1250 2877 Porro,
1279 2804 1369 2882 quod
1397 2803 1607 2864 Homericum
1636 2802 1722 2864 illud

523 2905 651 2962 occm1s,

476 2993 508 3045 75
753 2971 864 3051 ὄψιμον
877 2970 1075 3049 ὀψιτέλεστον
1089 2969 1145 3031 ὅου
1158 2970 1248 3036 κλέος
1263 2971 1319 3031 οὐκ
1333 2969 1504 3043 ἀπολεῖται,

522 3072 624 3132 quum
638 3055 758 3116 iudicio
778 3056 1019 3116 consentiamus
1038 3056 1189 3128 maxime,
1204 3062 1317 3116 tamen
1334 3054 1406 3115 fato
1424 3053 1636 3115 vehementer
1653 3054 1720 3115 dis-

521 3156 699 3218 crepamus.
743 3139 832 3200 Nihil
848 3158 960 3219 parere
976 3158 1118 3218 possum,
1133 3139 1262 3199 abortio
1277 3139 1395 3199 omnia.
1439 3137 1508 3198 Nec
1522 3137 1583 3198 hoo
1598 3138 1722 3216 ingenii

520 3223 585 3282 mei
610 3223 729 3282 vitium
752 3222 827 3283 vllis
850 3223 1000 3283 remediis
1028 3222 1220 3283 medicabile
1248 3221 1390 3282 videtur.
1434 3220 1536 3282 Video
1565 3220 1645 3300 quid
1674 3223 1720 3282 sit

520 3306 692 3383 optimum,
707 3325 825 3384 sequor
839 3308 958 3386 peiore.

473 3399 506 3448 80
562 3388 709 3449 Tusseno
729 3391 886 3469 rescripsi,
902 3409 960 3450 nec
980 3408 1109 3449 necesse
1129 3396 1180 3449 est
1199 3396 1238 3450 vt
1253 3390 1426 3468 quisquam
1440 3388 1482 3448 de
1496 3393 1614 3448 mutua
1631 3388 1721 3448 inter

518 3490 578 3531 nos
601 3472 829 3533 beneuolentin
846 3472 975 3551 fideque
997 3474 1041 3533 sit
1058 3472 1225 3533 sollicitus.
1269 3473 1318 3533 De
1340 3472 1474 3532 Budaeo
1493 3471 1583 3548 quod
1604 3470 1721 3532 scribis

517 3573 713 3635 magnopere
734 3562 865 3634 gratum
887 3562 947 3628 est,
968 3562 1002 3616 et
1024 3556 1085 3617 tibi
1106 3558 1245 3635 gretiam
1267 3555 1381 3617 habeo.
1406 3554 1490 3616 Sunt
1510 3553 1563 3615 hio
1582 3554 1719 3632 quidam

517 3636 735 3717 δυσαγγελικοὶ
745 3641 907 3700 iactantes
918 3640 1093 3700 Erasmum
1104 3660 1125 3699 e
1136 3640 1270 3700 Budaeo
1283 3639 1479 3699 nominatim
1493 3636 1585 3698 libris
1599 3637 1721 3699 aeditis

516 3720 711 3800 lapidatum,
726 3724 761 3783 in
775 3723 921 3802 epistolis
935 3724 1060 3802 opinor.
1104 3721 1167 3783 Sed
1182 3729 1220 3783 tu
1234 3742 1286 3784 me
1300 3729 1396 3783 vetas
1410 3720 1595 3782 istiusmodi
1608 3740 1718 3783 rumo-

470 3814 503 3876 85
516 3803 607 3866 ribus
628 3806 803 3885 quicquam
829 3806 948 3867 habere
973 3806 1058 3878 fidei,
1080 3825 1139 3867 neo
1161 3806 1275 3867 habeo.
1323 3806 1472 3867 Demiror
1492 3811 1604 3866 tamen
1625 3804 1719 3885 Opus

516 3886 740 3966 Epistolarum
758 3890 821 3950 huc
840 3909 906 3951 non
927 3889 1073 3970 perferri.
1117 3890 1167 3950 De
1189 3888 1352 3950 Triuultio
1369 3890 1464 3950 video
1481 3896 1515 3949 te
1533 3907 1601 3948 non
1619 3887 1720 3950 aliter

515 3971 635 4049 gaudio
654 3973 857 4051 gestientem,
877 3993 977 4051 quam
998 3975 1033 4033 in
1054 3972 1214 4034 Eunucho
1235 3973 1430 4033 Terentiana
1450 3970 1594 4033 Chaerea
1615 3972 1719 4050 gestit

515 4055 643 4134 potitus
653 4056 776 4134 virgine
787 4078 794 4129 ;
816 4063 917 4135 atque
932 4056 1023 4117 haud
1037 4058 1104 4117 scio
1118 4076 1161 4118 an
1176 4058 1219 4117 sit
1233 4056 1288 4117 ille
1302 4076 1399 4134 quem
1411 4055 1479 4117 vidi
1494 4056 1626 4116 Patauii
1639 4075 1718 4117 rara

515 4136 659 4215 quadam
668 4138 869 4218 mirificeque
878 4140 987 4202 indole
996 4140 1246 4201 adolescentem.
1259 4137 1321 4200 Sed
1328 4139 1416 4218 quod
1425 4138 1715 4200 horterisvtillum

467 4242 502 4290 90
514 4238 601 4281 nunc
612 4227 745 4283 tantum
757 4224 935 4303 principem
947 4225 1028 4284 meis
1040 4224 1159 4285 litteris
1170 4223 1371 4302 compellem,
1384 4224 1485 4284 etiem
1498 4228 1600 4300 atque
1611 4223 1714 4284 etiem

972 4333 1014 4382 59.
1032 4319 1140 4386 aliquid
1151 4335 1206 4369 om.
1220 4319 1257 4368 N.

546 4414 588 4466 54.
606 4401 1027 4468 iuBebyla]sc.Chrysostomi;
1042 4419 1089 4454 see
1172 4407 1213 4467 67.
1233 4404 1394 4453 Andreas..
1405 4402 1714 4464 ‚TolosatesJBernard

513 4467 568 4533 Ep.
584 4469 656 4533 1817.
669 4481 732 4533 45n.
1139 4471 1267 4521 Andreas
1290 4470 1320 4520 ol
1342 4470 1497 4528 Toulouse3
1515 4485 1562 4520 see
1579 4470 1634 4536 Ep.
1652 4484 1712 4534 243.

546 4537 588 4586 6ο.
618 4535 748 4601 Raphael
793 4535 910 4602 Regius]
957 4536 1087 4601 Raphael
1138 4551 1200 4599 5²11·
1235 4538 1266 4587 It
1279 4552 1369 4587 seems
1382 4538 1448 4587 that
1462 4537 1579 4588 Linecre
1594 4537 1713 4588 triedto

512 4601 618 4661 Mafiei,
634 4602 723 4653 called
737 4603 843 4668 Regius
856 4603 914 4653 and
927 4603 1086 4654 Volaterra-
1137 4610 1205 4654 cust
1216 4604 1345 4654 Andreas
1356 4605 1430 4653 from
1441 4604 1485 4654 his
1494 4610 1561 4669 post
1571 4619 1605 4655 aa
1615 4609 1711 4663 tutor3

511 4683 567 4718 nus
591 4669 625 4729 (c.
649 4671 840 4734 ¹44⁰²·¹5²0l·
862 4685 909 4719 see
929 4670 1004 4735 Epp.
1026 4683 1085 4734 45ο.
1137 4671 1249 4736 seeEp.
1265 4672 1321 4720 118.
1335 4685 1396 4732 23n.

511 4749 575 4795 san,
584 4750 659 4800 1347.
667 4737 764 4800 231-8;
777 4736 813 4786 ci.
822 4736 897 4801 Epp.
905 4751 981 4800 ²431·
990 4740 1083 4802 69-75,
1169 4751 1210 4801 73.
1230 4737 1423 4799 Homericum]
1434 4738 1471 4788 Il.
1484 4753 1508 4788 2.
1522 4752 1580 4803 325.

511 4805 587 4865 2446.
606 4816 696 4866 142-3,
709 4806 785 4853 2611.
804 4806 910 4866 rio-67,
928 4807 1003 4868 2617.
1039 4805 1085 4854 He
1169 4805 1211 4854 80.
1229 4804 1358 4855 Tussano
1370 4806 1510 4870 rescripsi]
1522 4807 1577 4871 Ep.
1590 4820 1666 4870 ²4²¹·

510 4867 594 4918 made
614 4869 800 4921 translations
821 4870 884 4920 into
906 4869 991 4919 Latin
1010 4869 1085 4922 from
1168 4873 1243 4934 85-6.
1268 4872 1349 4937 Opus
1360 4872 1654 4937 Epistolarum1BE⁸3
1672 4872 1710 4924 ci.

510 4932 683 5014 Xenophon,
691 4937 778 4998 Bseil,
790 4936 935 4997 Plutarch,
947 4937 1006 4988 end
1017 4937 1083 4988 Pro·
1134 4936 1189 5003 Ep.
1203 4952 1278 5002 2379.
1291 4941 1350 5002 387.

509 5015 617 5067 coprus.
