4042 5900
387 680 482 758 2578]
750 678 807 742 ro
828 678 1034 743 ramnus
1055 677 1217 744 sonans
1523 682 1584 745 aas

429 838 460 900 S.
504 839 608 900 Doleo
625 839 687 900 tibi
706 845 839 900 tantum
858 839 1029 902 molestiae
1048 841 1203 901 accidisse
1221 858 1367 901 mearum
1387 840 1584 914 litterarum,

387 941 470 1001 quas
496 923 616 983 videris
642 941 708 983 non
734 922 944 996 intellexisse,
967 930 1028 985 aut
1052 943 1112 1003 ego
1136 943 1203 986 non
1226 925 1308 985 satis
1330 925 1473 1003 expressi
1496 924 1585 1003 quod

386 1006 579 1066 sentiebam.

430 1088 525 1162 Quod
550 1090 721 1168 pecuniam
746 1089 891 1168 aliquam
917 1109 937 1150 a
963 1090 1063 1151 Petro
1087 1090 1202 1169 Egidio
1231 1097 1402 1169 acceperat
1430 1089 1585 1163 Quirinus

388 1192 480 1233 meus
501 1173 700 1252 ignorabam.
744 1172 835 1234 Nihil
856 1174 942 1234 enim
964 1172 1018 1233 ille
1041 1173 1122 1234 mihi
1144 1173 1350 1252 significarat.
1393 1173 1462 1234 Nec
1480 1174 1614 1236 vllums

388 1256 545 1316 damnum
560 1256 622 1316 tibi
638 1258 802 1336 imputaui
821 1257 862 1317 de
882 1258 1027 1336 pecuniis
1046 1275 1129 1335 quas
1150 1256 1317 1317 tradidisti
1337 1255 1473 1329 Quirino
1494 1258 1585 1318 iussu

388 1359 471 1412 mec,
488 1359 546 1399 nec
561 1338 630 1400 vlla
644 1339 721 1399 talis
736 1341 892 1419 cogitatio
907 1339 987 1399 mihi
1001 1341 1093 1400 venit
1109 1358 1253 1418 vnquam
1269 1340 1304 1399 in
1323 1347 1478 1401 mentem.
1522 1339 1585 1401 Sed

388 1424 422 1483 in
438 1422 578 1502 epistola
595 1423 684 1483 Petri
698 1423 825 1501 Aegidii
839 1422 882 1482 ed
899 1442 951 1484 me
970 1424 1115 1502 expressi
1133 1422 1267 1483 fuerant
1286 1424 1421 1495 nummi,
1436 1443 1519 1502 quos
1538 1422 1586 1483 illi

389 1506 531 1566 dedisset
543 1506 679 1566 Liuinus
689 1526 790 1578 meus,
801 1505 952 1567 similiter
960 1507 995 1566 in
1004 1505 1124 1567 scheda
1133 1525 1232 1585 quam
1242 1507 1332 1566 misit
1342 1526 1416 1566 cum
1427 1506 1584 1586 epistole;

389 1591 423 1649 in
452 1589 503 1649 his
532 1590 600 1668 ipse
625 1590 795 1649 estimauit
819 1608 891 1649 eam
916 1590 1087 1668 pecuniam
1115 1604 1174 1666 117
1200 1589 1330 1650 florenis
1359 1609 1433 1650 cum
1459 1589 1587 1669 aliquot
1601 1604 1633 1639 10

389 1672 563 1751 stupheris.
608 1672 691 1733 Eam
706 1672 879 1751 epistolam
894 1679 929 1733 et
943 1672 1164 1751 syngrapham
1180 1673 1258 1733 iussi
1272 1679 1311 1733 vt
1328 1672 1390 1733 tibi
1407 1672 1584 1746 exhiberet,

389 1756 478 1833 quod
501 1756 596 1816 video
618 1756 660 1814 ab
682 1755 739 1815 illo
759 1774 826 1816 non
846 1774 915 1816 esse
933 1755 1070 1816 lactum.
1114 1755 1213 1816 Illum
1233 1756 1438 1829 accusabam,
1455 1776 1520 1817 non
1541 1764 1584 1817 te.

390 1839 565 1899 Praeterea
573 1839 694 1917 pensio,
707 1845 747 1899 vt
757 1839 828 1911 scis,
841 1838 931 1899 valet
947 1854 1017 1915 130.
1033 1839 1181 1911 florenos,
1197 1845 1232 1899 et
1245 1858 1313 1900 non
1329 1847 1409 1900 sunt
1422 1840 1587 1900 numerati

390 1923 452 1981 nisi
469 1938 537 1998 117.
554 1930 588 1981 et
603 1927 656 1982 tot
671 1922 796 1982 stuferi.
834 1921 897 1982 Hic
912 1941 1025 1982 rursus
1035 1922 1114 1982 mihi
1126 1929 1266 2001 pereunt
1276 1922 1390 1983 floreni
1401 1923 1586 2002 quindecim

389 2006 466 2065 lere.
510 2003 574 2064 Sed
597 2005 658 2064 hoc
683 2004 726 2065 ad
751 2011 785 2065 te
811 2006 892 2065 nihil
917 2007 1050 2066 attinet.
1094 2005 1163 2066 Aut
1188 2006 1295 2066 Liuini
1320 2006 1417 2085 eulpa
1442 2013 1502 2078 est,
1526 2011 1632 2068 aut15

390 2089 523 2160 Decani,
547 2094 607 2148 aut
628 2107 740 2149 eorum
762 2090 819 2168 qui
840 2089 976 2150 soluunt
996 2089 1195 2168 pensionem.
1239 2090 1311 2150 Hac
1333 2090 1374 2149 de
1396 2109 1429 2149 re
1451 2096 1586 2168 questus

390 2191 462 2231 sum
484 2172 573 2251 apud
595 2178 629 2232 te
651 2172 744 2232 velut
765 2173 854 2251 apud
876 2174 1028 2244 amicum,
1049 2191 1116 2232 non
1136 2172 1177 2232 de
1198 2178 1242 2233 te.
1286 2171 1393 2246 Quare
1414 2173 1466 2233 lac
1488 2174 1587 2233 istam

390 2256 604 2333 suspitionem
620 2257 751 2335 penitus
765 2257 873 2316 eiicias
888 2276 929 2316 ex
943 2257 1056 2316 animo
1070 2263 1139 2316 tuo.

432 2338 543 2399 Habes
564 2341 629 2400 iam
645 2338 724 2418 quid
739 2358 807 2400 non
826 2338 1053 2411 intellexerim,
1070 2338 1197 2418 etquid
1213 2346 1349 2417 questus
1364 2340 1444 2401 sim:
1471 2338 1587 2400 horum

390 2422 470 2482 nihil
488 2422 530 2481 ad
551 2429 585 2482 te
604 2424 758 2501 pertinet,
779 2423 825 2482 mi
846 2422 990 2483 Erasme.
1034 2420 1181 2483 Scribam
1203 2421 1348 2495 Quirino,
1370 2429 1587 2502 posteaquam
1601 2438 1635 2474 20

390 2525 458 2565 rem
473 2504 630 2583 intelligo.
675 2505 745 2566 Hec
759 2506 802 2566 ad
818 2505 946 2567 litteras
961 2512 1037 2567 tuas
1052 2506 1191 2584 scriptas
1207 2506 1246 2566 18
1261 2505 1313 2566 die
1328 2505 1489 2567 Octobris.

432 2588 558 2648 Domus
581 2607 646 2648 non
669 2589 767 2649 efficit
791 2595 831 2649 vt
854 2588 905 2650 hic
928 2588 1032 2649 libeat
1053 2589 1110 2649 diu
1132 2590 1253 2650 viuere.
1297 2588 1392 2662 Quod
1413 2589 1527 2650 scribis
1547 2589 1588 2650 de

391 2671 579 2750 syngrapha
596 2690 680 2750 quae
697 2677 730 2731 tc
750 2671 875 2744 liberet,
890 2672 1009 2732 faciam
1030 2672 1119 2750 quod
1138 2672 1240 2745 iubes,
1261 2674 1397 2733 tametsi
1418 2672 1485 2734 tale
1506 2672 1588 2733 nihil

391 2756 480 2833 petii.
524 2754 592 2815 Nec
608 2754 704 2815 video
718 2755 884 2834 quomodo
898 2757 1003 2834 possit
1018 2755 1087 2816 fieri
1101 2755 1297 2834 syngrapha,
1309 2775 1412 2834 quum
1427 2758 1588 2817 incertum

391 2839 435 2897 sit
450 2838 529 2915 quid
543 2840 587 2897 sis
602 2838 644 2897 ab
660 2837 772 2917 Anglis
786 2845 991 2917 accepturus.
1036 2839 1169 2899 Mittam
1181 2844 1293 2899 tamen
1308 2839 1490 2917 generalem
1505 2858 1588 2917 quae
1602 2854 1634 2903 25

391 2927 425 2981 te
447 2920 563 2982 liberet
585 2922 627 2983 ab
649 2924 737 2982 omni
763 2921 993 2996 sollicitudine,
1015 2922 1183 3001 quand<o>
1209 2923 1257 2983 ita
1283 2923 1341 2983 vis.
1386 2923 1469 2984 Eam
1493 2928 1589 3003 potes

390 3007 546 3085 accipere,
562 3006 590 3066 si
604 3005 722 3084 placet,
737 3012 772 3066 et
786 3012 881 3085 potes
896 3025 963 3068 non
980 3007 1134 3086 accipere.
1178 3004 1329 3066 Ceterum
1347 3007 1387 3067 de
1407 3007 1589 3086 suspitione

390 3108 448 3168 per
464 3096 497 3149 te
512 3091 637 3167 accepti
652 3088 749 3168 plane
764 3091 927 3150 somnium
940 3093 993 3150 est
1007 3090 1096 3149 mihi.
1140 3088 1295 3162 Quirinus
1312 3109 1379 3150 non
1397 3089 1590 3168 simpliciter

392 3173 467 3251 egit,
484 3173 540 3250 qui
554 3192 621 3232 non
640 3173 786 3233 ostendit
802 3192 938 3233 menum
958 3173 1049 3233 Petri
1067 3172 1203 3252 Aegidii.
1247 3172 1327 3233 Ideo
1345 3175 1425 3233 inssi
1445 3182 1484 3233 vt
1504 3192 1590 3233 esses

391 3257 528 3328 cautior,
544 3275 603 3317 nec
618 3255 713 3316 facile
728 3255 874 3317 crederes
889 3257 969 3316 meis
982 3262 1114 3335 praeter
1128 3275 1188 3317 sua
1202 3256 1303 3316 verba
1317 3255 1398 3316 nihil
1413 3255 1588 3317 adferenti-
1603 3273 1636 3322 30

393 3339 464 3398 bus.
501 3339 605 3400 Adest
616 3339 712 3400 isthic
721 3339 856 3418 quidam
866 3339 988 3401 Iudeus
997 3341 1054 3418 qui
1066 3340 1198 3400 Parisiis
1207 3341 1366 3400 excitauit
1376 3339 1589 3419 tragoediam,

392 3424 595 3483 excitaturus
624 3424 817 3483 atrociorem
847 3441 914 3483 non
942 3423 1070 3484 dubito,
1122 3422 1272 3482 Demiror
1300 3422 1378 3500 quid
1408 3424 1591 3501 cogite<n>t

393 3505 576 3578 Pontifices,
591 3508 647 3584 qui
663 3512 796 3567 tantum
814 3506 902 3567 orbis
921 3506 1046 3568 malum
1066 3512 1188 3586 putant
1207 3524 1266 3586 per
1284 3506 1424 3566 furiosos
1443 3505 1590 3566 homines

392 3608 487 3668 posse
502 3591 610 3669 sopiri.
655 3590 743 3651 Bene
757 3589 840 3651 vale.

1166 3670 1323 3751 Agnoscis
1338 3691 1472 3733 manum
1488 3673 1548 3734 tui.
1604 3688 1637 3739 35

437 3781 628 3842 Honorabili
643 3783 723 3843 viro.
740 3782 780 3843 D.
796 3782 934 3843 Erasmo
948 3780 1079 3844 Scheto.
1123 3779 1340 3860 Antwerpiae.

690 4051 789 4112 2579.
837 4047 890 4112 To
905 4045 1077 4112 Losnm
1092 4045 1294 4113 Csnrncro.

431 4185 592 4238 Creveuna
604 4183 782 4255 Catalogue,
800 4187 881 4253 1776,
895 4184 937 4239 iv.
952 4199 1017 4254 239.
1326 4183 1484 4254 Freiburg.

1252 4275 1269 4314 2
1284 4258 1456 4314 December
1471 4273 1554 4327 1531.

428 4386 507 4446 [This
521 4387 607 4436 letter
620 4402 678 4436 was
693 4385 809 4450 printed
826 4385 898 4436 from
913 4387 964 4436 the
979 4386 1098 4452 original
1113 4387 1142 4436 in
1159 4386 1209 4436 the
1225 4386 1373 4452 catalogue
1390 4386 1420 4436 ol
1436 4386 1486 4436 the
1503 4385 1593 4434 books

393 4453 545 4517 belonging
556 4460 587 4503 to
599 4453 631 4502 P.
645 4455 678 4503 A.
692 4454 839 4504 Crevenrm
849 4452 880 4503 of
891 4453 988 4512 Milan,
1001 4454 1071 4505 then
1081 4455 1170 4518 (1776)
1179 4469 1197 4503 a
1204 4455 1353 4504 merchant
1361 4459 1393 4503 at
1401 4451 1592 4502 Amsterdam.

394 4520 445 4569 We
457 4521 529 4569 have
544 4521 615 4570 been
628 4520 732 4570 unable
744 4525 775 4570 to
787 4526 864 4570 traco
876 4521 926 4570 the
937 4521 1099 4585 autograph
1111 4533 1157 4570 us.
1192 4519 1253 4570 'l'he
1267 4521 1336 4570 date
1347 4521 1371 4569 is
1387 4518 1541 4570 confirmed
1554 4519 1594 4583 by

394 4587 443 4714 phe
451 4586 605 4703 1peierance
626 4593 657 4714 po
677 4587 728 4638 the
748 4587 836 4637 death
856 4587 887 4637 of
906 4587 1024 4652 Zwingli
1041 4589 1083 4648 (11
1103 4587 1166 4637 Oct.
1187 4589 1263 4651 1531)
1279 4588 1338 4638 and
1358 4585 1594 4651 Oecolampadius

408 4667 439 4717 ²3
478 4669 524 4704 ov.
539 4655 624 4716 1531).

436 4743 467 4804 S.
512 4744 701 4805 Plurimam.
745 4743 966 4806 Conciderant
979 4745 1066 4805 duae
1080 4743 1251 4806 columnae
1266 4745 1460 4824 praecipuae
1479 4742 1593 4804 Sectae

394 4829 677 4889 sacramentariae.
715 4827 891 4908 Zuinglius‚
904 4835 942 4890 vt
956 4828 1070 4889 decuit
1083 4829 1204 4889 fortem
1219 4830 1338 4902 virum,
1350 4829 1385 4889 in
1399 4828 1467 4888 acie
1481 4845 1594 4888 caesus

427 4980 502 5028 2578.
521 4982 546 5029 8.
566 4979 699 5044 epistola]
717 4980 776 5030 Not
787 4985 902 5031 extant.
1020 4979 1108 5046 posed
1129 4980 1199 5032 visit
1221 4986 1253 5031 to
1273 4980 1353 5030 Paris
1371 4994 1419 5030 sea
1441 4978 1495 5044 Ep.
1517 4981 1594 5042 ²⁵⁶5·

427 5060 470 5109 31.
488 5046 606 5110 ludens]
618 5046 775 5106 Alesnder3
791 5046 836 5098 lor
846 5047 891 5098 his
902 5062 969 5113 snp-
1019 5063 1067 5113 4n.
