<?xml version="1.0" encoding="UTF-8"?>
<!DOCTYPE html PUBLIC "-//W3C//DTD XHTML 1.0 Transitional//EN"
    "http://www.w3.org/TR/xhtml1/DTD/xhtml1-transitional.dtd">
<html xmlns="http://www.w3.org/1999/xhtml" xml:lang="en" lang="en">
 <head>
  <title>
</title>
<meta http-equiv="Content-Type" content="text/html;charset=utf-8" />
  <meta name='ocr-system' content='tesseract 3.04.00' />
  <meta name='ocr-capabilities' content='ocr_page ocr_carea ocr_par ocr_line ocrx_word'/>
</head>
<body>
  <div class='ocr_page' id='page_1' title='image "./opusepistolarum02garrgoog_0136.png"; bbox 0 0 4042 5900; ppageno 0'>
   <div class='ocr_carea' id='block_1_1' title="bbox 403 642 1606 774">
    <p class='ocr_par' dir='ltr' id='par_1_1' title="bbox 403 642 1606 774">
     <span class='ocr_line' id='line_1_1' title="bbox 403 642 1606 774; baseline -0.001 -43"><span class='ocrx_word' id='word_1_1' title='bbox 403 669 463 731; x_wconf 85' lang='lat'><strong>102</strong></span> <span class='ocrx_word' id='word_1_2' title='bbox 721 642 1231 774; x_wconf 41' lang='lat' dir='ltr'><strong>‚iamsecrainsiius</strong></span> <span class='ocrx_word' id='word_1_3' title='bbox 1505 668 1606 747; x_wconf 84' lang='lat'>[1530</span> 
     </span>
    </p>
   </div>
   <div class='ocr_carea' id='block_1_2' title="bbox 257 824 1608 1739">
    <p class='ocr_par' dir='ltr' id='par_1_2' title="bbox 401 824 1606 990">
     <span class='ocr_line' id='line_1_2' title="bbox 401 824 1605 907; baseline 0 -18"><span class='ocrx_word' id='word_1_4' title='bbox 401 846 482 889; x_wconf 91' lang='lat' dir='ltr'><strong>uum</strong></span> <span class='ocrx_word' id='word_1_5' title='bbox 497 831 630 887; x_wconf 88' lang='lat' dir='ltr'><strong>tuarum</strong></span> <span class='ocrx_word' id='word_1_6' title='bbox 646 824 884 906; x_wconf 75' lang='lat' dir='ltr'><strong>limaTindigeat</strong></span> <span class='ocrx_word' id='word_1_7' title='bbox 899 827 1045 903; x_wconf 81' lang='lat' dir='ltr'><strong>(tametsi</strong></span> <span class='ocrx_word' id='word_1_8' title='bbox 1059 827 1125 887; x_wconf 88' lang='lat' dir='ltr'><strong>iam</strong></span> <span class='ocrx_word' id='word_1_9' title='bbox 1139 831 1261 905; x_wconf 87' lang='lat' dir='ltr'><strong>quarto</strong></span> <span class='ocrx_word' id='word_1_10' title='bbox 1274 829 1455 904; x_wconf 87' lang='lat' dir='ltr'><strong>excusum),</strong></span> <span class='ocrx_word' id='word_1_11' title='bbox 1470 832 1605 907; x_wconf 72' lang='lat' dir='ltr'><strong>postes-</strong></span> 
     </span>
     <span class='ocr_line' id='line_1_3' title="bbox 402 908 1606 990; baseline 0 -18"><span class='ocrx_word' id='word_1_12' title='bbox 402 929 502 990; x_wconf 88' lang='lat' dir='ltr'><strong>quam</strong></span> <span class='ocrx_word' id='word_1_13' title='bbox 525 928 592 970; x_wconf 84' lang='lat' dir='ltr'><strong>vno</strong></span> <span class='ocrx_word' id='word_1_14' title='bbox 614 910 907 975; x_wconf 80' lang='lat' dir='ltr'><strong>ina&#39;rinotamento</strong></span> <span class='ocrx_word' id='word_1_15' title='bbox 928 915 998 971; x_wconf 89' lang='lat' dir='ltr'><strong>tam</strong></span> <span class='ocrx_word' id='word_1_16' title='bbox 1020 909 1128 971; x_wconf 91' lang='lat' dir='ltr'><strong>multa</strong></span> <span class='ocrx_word' id='word_1_17' title='bbox 1150 908 1306 980; x_wconf 90' lang='lat' dir='ltr'><strong>inualida,</strong></span> <span class='ocrx_word' id='word_1_18' title='bbox 1321 908 1483 971; x_wconf 90' lang='lat' dir='ltr'><strong>nonnulla</strong></span> <span class='ocrx_word' id='word_1_19' title='bbox 1499 911 1606 972; x_wconf 85' lang='lat' dir='ltr'><strong>etiam</strong></span> 
     </span>
    </p>

    <p class='ocr_par' dir='ltr' id='par_1_3' title="bbox 341 988 1605 1164">
     <span class='ocr_line' id='line_1_4' title="bbox 341 988 1605 1072; baseline 0.001 -17"><span class='ocrx_word' id='word_1_20' title='bbox 341 1017 389 1055; x_wconf 81' lang='lat' dir='ltr'><strong>roo</strong></span> <span class='ocrx_word' id='word_1_21' title='bbox 402 988 808 1068; x_wconf 79' lang='lat' dir='ltr'><strong>manifestam‘ialsitatem</strong></span> <span class='ocrx_word' id='word_1_22' title='bbox 828 992 993 1065; x_wconf 72' lang='lat' dir='ltr'>habentia,</span> <span class='ocrx_word' id='word_1_23' title='bbox 1009 992 1172 1072; x_wconf 90' lang='lat' dir='ltr'><strong>quaedam</strong></span> <span class='ocrx_word' id='word_1_24' title='bbox 1187 993 1320 1054; x_wconf 90' lang='lat' dir='ltr'><strong>omnino</strong></span> <span class='ocrx_word' id='word_1_25' title='bbox 1337 992 1390 1054; x_wconf 84' lang='lat' dir='ltr'><strong>vel</strong></span> <span class='ocrx_word' id='word_1_26' title='bbox 1404 992 1493 1055; x_wconf 88' lang='lat' dir='ltr'><strong>male</strong></span> <span class='ocrx_word' id='word_1_27' title='bbox 1506 992 1605 1056; x_wconf 85' lang='lat' dir='ltr'><strong>intel·</strong></span> 
     </span>
     <span class='ocr_line' id='line_1_5' title="bbox 401 1075 1097 1164; baseline -0.003 -25"><span class='ocrx_word' id='word_1_28' title='bbox 401 1077 489 1139; x_wconf 90' lang='lat' dir='ltr'><strong>lacta</strong></span> <span class='ocrx_word' id='word_1_29' title='bbox 503 1075 721 1164; x_wconf 76' lang='lat' dir='ltr'><strong>velperuersc</strong></span> <span class='ocrx_word' id='word_1_30' title='bbox 735 1076 880 1138; x_wconf 88' lang='lat' dir='ltr'><strong>adducta</strong></span> <span class='ocrx_word' id='word_1_31' title='bbox 894 1077 1097 1156; x_wconf 90' lang='lat' dir='ltr'><strong>compereris.</strong></span> 
     </span>
    </p>

    <p class='ocr_par' dir='ltr' id='par_1_4' title="bbox 402 1158 1607 1406">
     <span class='ocr_line' id='line_1_6' title="bbox 444 1158 1606 1239; baseline 0.001 -19"><span class='ocrx_word' id='word_1_32' title='bbox 444 1159 703 1228; x_wconf 80' lang='lat' dir='ltr'><strong>Totnm‘aiitem</strong></span> <span class='ocrx_word' id='word_1_33' title='bbox 727 1158 814 1220; x_wconf 91' lang='lat' dir='ltr'><strong>hunc</strong></span> <span class='ocrx_word' id='word_1_34' title='bbox 836 1160 974 1221; x_wconf 84' lang='lat' dir='ltr'><strong>actionis</strong></span> <span class='ocrx_word' id='word_1_35' title='bbox 996 1164 1129 1221; x_wconf 90' lang='lat' dir='ltr'><strong>nostrae</strong></span> <span class='ocrx_word' id='word_1_36' title='bbox 1150 1178 1337 1239; x_wconf 86' lang='lat' dir='ltr'><strong>processum</strong></span> <span class='ocrx_word' id='word_1_37' title='bbox 1359 1160 1468 1221; x_wconf 86' lang='lat' dir='ltr'><strong>visum</strong></span> <span class='ocrx_word' id='word_1_38' title='bbox 1490 1165 1544 1221; x_wconf 87' lang='lat' dir='ltr'><strong>est</strong></span> <span class='ocrx_word' id='word_1_39' title='bbox 1569 1160 1606 1221; x_wconf 92' lang='lat' dir='ltr'><strong>iu</strong></span> 
     </span>
     <span class='ocr_line' id='line_1_7' title="bbox 402 1238 1606 1331; baseline 0 -26"><span class='ocrx_word' id='word_1_40' title='bbox 402 1238 609 1331; x_wconf 70' lang='lat' dir='ltr'><strong>ducalibr&#39;os</strong></span> <span class='ocrx_word' id='word_1_41' title='bbox 631 1242 786 1304; x_wconf 90' lang='lat' dir='ltr'><strong>diuidere.</strong></span> <span class='ocrx_word' id='word_1_42' title='bbox 830 1242 871 1303; x_wconf 94' lang='lat' dir='ltr'><strong>In</strong></span> <span class='ocrx_word' id='word_1_43' title='bbox 887 1262 1027 1322; x_wconf 90' lang='lat' dir='ltr'><strong>quorum</strong></span> <span class='ocrx_word' id='word_1_44' title='bbox 1042 1245 1148 1321; x_wconf 92' lang='lat' dir='ltr'><strong>priore</strong></span> <span class='ocrx_word' id='word_1_45' title='bbox 1163 1244 1210 1304; x_wconf 91' lang='lat' dir='ltr'><strong>rei</strong></span> <span class='ocrx_word' id='word_1_46' title='bbox 1223 1243 1411 1323; x_wconf 83' lang='lat' dir='ltr'><strong>propositae</strong></span> <span class='ocrx_word' id='word_1_47' title='bbox 1425 1243 1606 1305; x_wconf 82' lang='lat' dir='ltr'><strong>veritatem</strong></span> 
     </span>
     <span class='ocr_line' id='line_1_8' title="bbox 402 1326 1607 1406; baseline 0.002 -19"><span class='ocrx_word' id='word_1_48' title='bbox 402 1345 446 1387; x_wconf 79' lang='lat' dir='ltr'><strong>eir</strong></span> <span class='ocrx_word' id='word_1_49' title='bbox 453 1326 759 1405; x_wconf 77' lang='lat' dir='ltr'><strong>antiquissimorum</strong></span> <span class='ocrx_word' id='word_1_50' title='bbox 773 1332 907 1405; x_wconf 88' lang='lat' dir='ltr'><strong>patrum</strong></span> <span class='ocrx_word' id='word_1_51' title='bbox 921 1327 1118 1387; x_wconf 74' lang='lat' dir='ltr'><strong>testimoniis</strong></span> <span class='ocrx_word' id='word_1_52' title='bbox 1128 1327 1357 1406; x_wconf 88' lang='lat' dir='ltr'><strong>peruastigare,</strong></span> <span class='ocrx_word' id='word_1_53' title='bbox 1366 1327 1607 1405; x_wconf 83' lang='lat' dir='ltr'><strong>inuentamque</strong></span> 
     </span>
    </p>

    <p class='ocr_par' dir='ltr' id='par_1_5' title="bbox 257 1399 1608 1739">
     <span class='ocr_line' id='line_1_9' title="bbox 342 1399 1607 1489; baseline 0.002 -20"><span class='ocrx_word' id='word_1_54' title='bbox 342 1432 389 1483; x_wconf 79' lang='lat'><strong>105</strong></span> <span class='ocrx_word' id='word_1_55' title='bbox 402 1399 549 1476; x_wconf 69' lang='lat' dir='ltr'><strong>sbnhhe</strong></span> <span class='ocrx_word' id='word_1_56' title='bbox 570 1408 779 1482; x_wconf 89' lang='lat' dir='ltr'><strong>conabimur;</strong></span> <span class='ocrx_word' id='word_1_57' title='bbox 811 1410 860 1471; x_wconf 92' lang='lat' dir='ltr'><strong>ita</strong></span> <span class='ocrx_word' id='word_1_58' title='bbox 873 1414 914 1470; x_wconf 86' lang='lat' dir='ltr'><strong>vt</strong></span> <span class='ocrx_word' id='word_1_59' title='bbox 928 1409 1067 1488; x_wconf 77' lang='lat' dir='ltr'><strong>quilibet</strong></span> <span class='ocrx_word' id='word_1_60' title='bbox 1081 1409 1245 1471; x_wconf 73' lang='lat' dir='ltr'><strong>Ecclesiae</strong></span> <span class='ocrx_word' id='word_1_61' title='bbox 1259 1411 1332 1489; x_wconf 93' lang='lat' dir='ltr'><strong>pius</strong></span> <span class='ocrx_word' id='word_1_62' title='bbox 1346 1408 1452 1471; x_wconf 88' lang='lat' dir='ltr'><strong>fidelis</strong></span> <span class='ocrx_word' id='word_1_63' title='bbox 1466 1409 1549 1488; x_wconf 90' lang='lat' dir='ltr'><strong>quid</strong></span> <span class='ocrx_word' id='word_1_64' title='bbox 1563 1408 1607 1472; x_wconf 89' lang='lat' dir='ltr'><strong>de</strong></span> 
     </span>
     <span class='ocr_line' id='line_1_10' title="bbox 257 1484 1607 1576; baseline 0.001 -23"><span class='ocrx_word' id='word_1_65' title='bbox 257 1532 259 1536; x_wconf 55' lang='lat'>&gt;</span> <span class='ocrx_word' id='word_1_66' title='bbox 371 1484 486 1576; x_wconf 68' lang='lat' dir='ltr'><strong>5&#39;2ssbf0</strong></span> <span class='ocrx_word' id='word_1_67' title='bbox 500 1493 562 1554; x_wconf 93' lang='lat' dir='ltr'><strong>hoc</strong></span> <span class='ocrx_word' id='word_1_68' title='bbox 576 1492 791 1573; x_wconf 88' lang='lat' dir='ltr'><strong>Apocalypsis</strong></span> <span class='ocrx_word' id='word_1_69' title='bbox 805 1494 925 1553; x_wconf 90' lang='lat' dir='ltr'><strong>sentire</strong></span> <span class='ocrx_word' id='word_1_70' title='bbox 940 1512 978 1553; x_wconf 91' lang='lat' dir='ltr'><strong>ac</strong></span> <span class='ocrx_word' id='word_1_71' title='bbox 993 1493 1123 1554; x_wconf 86' lang='lat' dir='ltr'><strong>credere</strong></span> <span class='ocrx_word' id='word_1_72' title='bbox 1137 1491 1266 1566; x_wconf 88' lang='lat' dir='ltr'><strong>debeat,</strong></span> <span class='ocrx_word' id='word_1_73' title='bbox 1282 1494 1386 1573; x_wconf 85' lang='lat' dir='ltr'><strong>possit</strong></span> <span class='ocrx_word' id='word_1_74' title='bbox 1398 1511 1607 1572; x_wconf 89' lang='lat' dir='ltr'><strong>cognoscere,</strong></span> 
     </span>
     <span class='ocr_line' id='line_1_11' title="bbox 322 1570 1608 1655; baseline 0.003 -22"><span class='ocrx_word' id='word_1_75' title='bbox 322 1621 346 1647; x_wconf 85' lang='grc'><strong>.,</strong></span> <span class='ocrx_word' id='word_1_76' title='bbox 379 1570 386 1580; x_wconf 77' lang='grc'><em>’</em></span> <span class='ocrx_word' id='word_1_77' title='bbox 399 1582 438 1638; x_wconf 89' lang='lat' dir='ltr'><strong>et</strong></span> <span class='ocrx_word' id='word_1_78' title='bbox 458 1578 564 1638; x_wconf 90' lang='lat' dir='ltr'><strong>omnis</strong></span> <span class='ocrx_word' id='word_1_79' title='bbox 583 1577 801 1637; x_wconf 87' lang='lat' dir='ltr'><strong>dubitationis</strong></span> <span class='ocrx_word' id='word_1_80' title='bbox 822 1576 1022 1655; x_wconf 76' lang='lat' dir='ltr'><strong>ambiguitas</strong></span> <span class='ocrx_word' id='word_1_81' title='bbox 1043 1576 1084 1637; x_wconf 91' lang='lat' dir='ltr'><strong>de</strong></span> <span class='ocrx_word' id='word_1_82' title='bbox 1104 1576 1273 1637; x_wconf 90' lang='lat' dir='ltr'><strong>hominum</strong></span> <span class='ocrx_word' id='word_1_83' title='bbox 1287 1575 1433 1638; x_wconf 88' lang='lat' dir='ltr'><strong>fidelium</strong></span> <span class='ocrx_word' id='word_1_84' title='bbox 1448 1575 1608 1638; x_wconf 75' lang='lat' dir='ltr'><strong>cordibus</strong></span> 
     </span>
     <span class='ocr_line' id='line_1_12' title="bbox 404 1658 1605 1739; baseline 0 -18"><span class='ocrx_word' id='word_1_85' title='bbox 404 1661 473 1739; x_wconf 91' lang='lat' dir='ltr'><strong>(qui</strong></span> <span class='ocrx_word' id='word_1_86' title='bbox 488 1679 557 1721; x_wconf 90' lang='lat' dir='ltr'><strong>sese</strong></span> <span class='ocrx_word' id='word_1_87' title='bbox 571 1660 693 1720; x_wconf 89' lang='lat' dir='ltr'><strong>rationi</strong></span> <span class='ocrx_word' id='word_1_88' title='bbox 707 1665 742 1720; x_wconf 88' lang='lat' dir='ltr'><strong>et</strong></span> <span class='ocrx_word' id='word_1_89' title='bbox 755 1660 953 1720; x_wconf 86' lang='lat' dir='ltr'><strong>authoritati</strong></span> <span class='ocrx_word' id='word_1_90' title='bbox 968 1658 1132 1721; x_wconf 85' lang='lat' dir='ltr'><strong>voluerint</strong></span> <span class='ocrx_word' id='word_1_91' title='bbox 1152 1659 1303 1737; x_wconf 88' lang='lat' dir='ltr'><strong>subdere)</strong></span> <span class='ocrx_word' id='word_1_92' title='bbox 1319 1659 1430 1721; x_wconf 89' lang='lat' dir='ltr'><strong>valeat</strong></span> <span class='ocrx_word' id='word_1_93' title='bbox 1444 1660 1605 1721; x_wconf 87' lang='lat' dir='ltr'><strong>amoueri.</strong></span> 
     </span>
    </p>
   </div>
   <div class='ocr_carea' id='block_1_3' title="bbox 305 1743 1609 1907">
    <p class='ocr_par' dir='ltr' id='par_1_6' title="bbox 227 1743 1609 1910">
     <span class='ocr_line' id='line_1_13' title="bbox 305 1743 1609 1823; baseline 0.004 -22.815"><span class='ocrx_word' id='word_1_94' title='bbox 305 1747 359 1812; x_wconf 69' lang='lat'><strong>{·.&#39;</strong></span> <span class='ocrx_word' id='word_1_95' title='bbox 403 1743 445 1804; x_wconf 92' lang='lat' dir='ltr'><strong>Iu</strong></span> <span class='ocrx_word' id='word_1_96' title='bbox 458 1743 564 1805; x_wconf 89' lang='lat' dir='ltr'><strong>altero</strong></span> <span class='ocrx_word' id='word_1_97' title='bbox 578 1762 656 1804; x_wconf 84' lang='lat' dir='ltr'><strong>vero</strong></span> <span class='ocrx_word' id='word_1_98' title='bbox 670 1762 726 1803; x_wconf 88' lang='lat' dir='ltr'><strong>eas</strong></span> <span class='ocrx_word' id='word_1_99' title='bbox 741 1761 826 1821; x_wconf 92' lang='lat' dir='ltr'><strong>qnae</strong></span> <span class='ocrx_word' id='word_1_100' title='bbox 843 1749 958 1803; x_wconf 88' lang='lat' dir='ltr'><strong>contra</strong></span> <span class='ocrx_word' id='word_1_101' title='bbox 972 1744 1143 1822; x_wconf 88' lang='lat' dir='ltr'><strong>oppositae</strong></span> <span class='ocrx_word' id='word_1_102' title='bbox 1160 1749 1248 1815; x_wconf 91' lang='lat' dir='ltr'><strong>sunt,</strong></span> <span class='ocrx_word' id='word_1_103' title='bbox 1264 1745 1333 1804; x_wconf 88' lang='lat' dir='ltr'><strong>siue</strong></span> <span class='ocrx_word' id='word_1_104' title='bbox 1349 1748 1466 1804; x_wconf 87' lang='lat' dir='ltr'><strong>contra</strong></span> <span class='ocrx_word' id='word_1_105' title='bbox 1480 1743 1609 1823; x_wconf 90' lang='lat' dir='ltr'><strong>opponi</strong></span> 
     </span>
     <span class='ocr_line' id='line_1_14' title="bbox 317 1826 1609 1907; baseline 0.014 -31.763"><span class='ocrx_word' id='word_1_106' title='bbox 317 1834 322 1843; x_wconf 93' lang='grc'><strong><em>·</em></strong></span> <span class='ocrx_word' id='word_1_107' title='bbox 343 1848 392 1886; x_wconf 87' lang='lat'><strong>110</strong></span> <span class='ocrx_word' id='word_1_108' title='bbox 403 1833 547 1907; x_wconf 86' lang='lat' dir='ltr'><strong>possent,</strong></span> <span class='ocrx_word' id='word_1_109' title='bbox 571 1826 722 1899; x_wconf 88' lang='lat' dir='ltr'><strong>rationes,</strong></span> <span class='ocrx_word' id='word_1_110' title='bbox 745 1826 956 1899; x_wconf 88' lang='lat' dir='ltr'><strong>coniecturas,</strong></span> <span class='ocrx_word' id='word_1_111' title='bbox 982 1826 1181 1905; x_wconf 82' lang='lat' dir='ltr'><strong>suspiciones</strong></span> <span class='ocrx_word' id='word_1_112' title='bbox 1208 1834 1244 1887; x_wconf 87' lang='lat' dir='ltr'><strong>et</strong></span> <span class='ocrx_word' id='word_1_113' title='bbox 1266 1826 1498 1900; x_wconf 82' lang='lat' dir='ltr'><strong>authoritates,</strong></span> <span class='ocrx_word' id='word_1_114' title='bbox 1519 1844 1609 1905; x_wconf 73' lang='lat' dir='ltr'><strong>quae</strong></span> 
     </span>
    </p>
   </div>
   <div class='ocr_carea' id='block_1_4' title="bbox 344 1909 1610 3491">
    <p class='ocr_par' dir='ltr' id='par_1_7' title="bbox 403 1909 1609 2239">
     <span class='ocr_line' id='line_1_15' title="bbox 403 1909 1609 1988; baseline 0.001 -19"><span class='ocrx_word' id='word_1_115' title='bbox 403 1910 537 1971; x_wconf 85' lang='lat' dir='ltr'><strong>veritati</strong></span> <span class='ocrx_word' id='word_1_116' title='bbox 558 1910 725 1971; x_wconf 87' lang='lat' dir='ltr'><strong>aduersari</strong></span> <span class='ocrx_word' id='word_1_117' title='bbox 745 1909 814 1970; x_wconf 91' lang='lat' dir='ltr'><strong>vllo</strong></span> <span class='ocrx_word' id='word_1_118' title='bbox 836 1909 934 1970; x_wconf 93' lang='lat' dir='ltr'><strong>modo</strong></span> <span class='ocrx_word' id='word_1_119' title='bbox 955 1909 1164 1982; x_wconf 84' lang='lat' dir='ltr'><strong>videbantur,</strong></span> <span class='ocrx_word' id='word_1_120' title='bbox 1187 1911 1220 1970; x_wconf 94' lang='lat' dir='ltr'><strong>in</strong></span> <span class='ocrx_word' id='word_1_121' title='bbox 1240 1909 1301 1971; x_wconf 92' lang='lat' dir='ltr'><strong>Dei</strong></span> <span class='ocrx_word' id='word_1_122' title='bbox 1320 1911 1428 1988; x_wconf 91' lang='lat' dir='ltr'><strong>gratia</strong></span> <span class='ocrx_word' id='word_1_123' title='bbox 1446 1914 1481 1971; x_wconf 90' lang='lat' dir='ltr'><strong>et</strong></span> <span class='ocrx_word' id='word_1_124' title='bbox 1496 1910 1609 1971; x_wconf 87' lang='lat' dir='ltr'><strong>sancti</strong></span> 
     </span>
     <span class='ocr_line' id='line_1_16' title="bbox 404 1992 1609 2072; baseline 0 -19"><span class='ocrx_word' id='word_1_125' title='bbox 404 1992 545 2072; x_wconf 88' lang='lat' dir='ltr'><strong>Spiritus</strong></span> <span class='ocrx_word' id='word_1_126' title='bbox 570 1993 711 2071; x_wconf 88' lang='lat' dir='ltr'><strong>benigno</strong></span> <span class='ocrx_word' id='word_1_127' title='bbox 739 1992 863 2053; x_wconf 85' lang='lat' dir='ltr'><strong>auxilio</strong></span> <span class='ocrx_word' id='word_1_128' title='bbox 888 1992 1010 2065; x_wconf 88' lang='lat' dir='ltr'><strong>confisi,</strong></span> <span class='ocrx_word' id='word_1_129' title='bbox 1035 1994 1185 2072; x_wconf 81' lang='lat' dir='ltr'><strong>congruis</strong></span> <span class='ocrx_word' id='word_1_130' title='bbox 1212 1994 1398 2055; x_wconf 91' lang='lat' dir='ltr'><strong>rationibus</strong></span> <span class='ocrx_word' id='word_1_131' title='bbox 1425 1992 1609 2054; x_wconf 89' lang='lat' dir='ltr'><strong>dissoluere</strong></span> 
     </span>
     <span class='ocr_line' id='line_1_17' title="bbox 404 2076 1609 2156; baseline 0 -19"><span class='ocrx_word' id='word_1_132' title='bbox 404 2076 608 2137; x_wconf 84' lang='lat' dir='ltr'><strong>tentabimus</strong></span> <span class='ocrx_word' id='word_1_133' title='bbox 620 2098 628 2149; x_wconf 94' lang='lat'>;</span> <span class='ocrx_word' id='word_1_134' title='bbox 659 2078 708 2136; x_wconf 87' lang='lat' dir='ltr'><strong>ita</strong></span> <span class='ocrx_word' id='word_1_135' title='bbox 732 2082 772 2136; x_wconf 86' lang='lat' dir='ltr'><strong>vt</strong></span> <span class='ocrx_word' id='word_1_136' title='bbox 791 2076 873 2136; x_wconf 93' lang='lat' dir='ltr'><strong>nihil</strong></span> <span class='ocrx_word' id='word_1_137' title='bbox 896 2077 1029 2137; x_wconf 90' lang='lat' dir='ltr'><strong>omnino</strong></span> <span class='ocrx_word' id='word_1_138' title='bbox 1051 2076 1095 2136; x_wconf 87' lang='lat' dir='ltr'><strong>ad</strong></span> <span class='ocrx_word' id='word_1_139' title='bbox 1118 2095 1187 2137; x_wconf 91' lang='lat' dir='ltr'><strong>rem</strong></span> <span class='ocrx_word' id='word_1_140' title='bbox 1212 2078 1415 2156; x_wconf 85' lang='lat' dir='ltr'><strong>propositam</strong></span> <span class='ocrx_word' id='word_1_141' title='bbox 1436 2077 1609 2156; x_wconf 86' lang='lat' dir='ltr'><strong>pertinens</strong></span> 
     </span>
     <span class='ocr_line' id='line_1_18' title="bbox 404 2159 1608 2239; baseline 0 -19"><span class='ocrx_word' id='word_1_142' title='bbox 404 2160 542 2221; x_wconf 89' lang='lat' dir='ltr'><strong>scientes</strong></span> <span class='ocrx_word' id='word_1_143' title='bbox 557 2160 658 2220; x_wconf 91' lang='lat' dir='ltr'><strong>simus</strong></span> <span class='ocrx_word' id='word_1_144' title='bbox 674 2160 833 2232; x_wconf 90' lang='lat' dir='ltr'><strong>omissuri,</strong></span> <span class='ocrx_word' id='word_1_145' title='bbox 849 2159 938 2238; x_wconf 91' lang='lat' dir='ltr'><strong>quod</strong></span> <span class='ocrx_word' id='word_1_146' title='bbox 957 2178 1024 2220; x_wconf 92' lang='lat' dir='ltr'><strong>non</strong></span> <span class='ocrx_word' id='word_1_147' title='bbox 1038 2159 1241 2238; x_wconf 85' lang='lat' dir='ltr'><strong>proferamus</strong></span> <span class='ocrx_word' id='word_1_148' title='bbox 1255 2161 1289 2220; x_wconf 93' lang='lat' dir='ltr'><strong>in</strong></span> <span class='ocrx_word' id='word_1_149' title='bbox 1303 2160 1458 2233; x_wconf 90' lang='lat' dir='ltr'><strong>medium,</strong></span> <span class='ocrx_word' id='word_1_150' title='bbox 1472 2159 1517 2220; x_wconf 91' lang='lat' dir='ltr'><strong>ad</strong></span> <span class='ocrx_word' id='word_1_151' title='bbox 1532 2178 1608 2239; x_wconf 91' lang='lat' dir='ltr'><strong>per·</strong></span> 
     </span>
    </p>

    <p class='ocr_par' dir='ltr' id='par_1_8' title="bbox 344 2242 1609 2655">
     <span class='ocr_line' id='line_1_19' title="bbox 344 2242 1609 2321; baseline -0.002 -16"><span class='ocrx_word' id='word_1_152' title='bbox 344 2265 391 2316; x_wconf 80' lang='lat'><strong>115</strong></span> <span class='ocrx_word' id='word_1_153' title='bbox 405 2242 526 2304; x_wconf 81' lang='lat' dir='ltr'><strong>lectam</strong></span> <span class='ocrx_word' id='word_1_154' title='bbox 541 2243 692 2304; x_wconf 88' lang='lat' dir='ltr'><strong>veritatis</strong></span> <span class='ocrx_word' id='word_1_155' title='bbox 707 2242 938 2304; x_wconf 88' lang='lat' dir='ltr'><strong>certitudinem</strong></span> <span class='ocrx_word' id='word_1_156' title='bbox 953 2242 1194 2304; x_wconf 85' lang='lat' dir='ltr'><strong>declarandum.</strong></span> <span class='ocrx_word' id='word_1_157' title='bbox 1237 2242 1348 2321; x_wconf 83' lang='lat' dir='ltr'><strong>Atque</strong></span> <span class='ocrx_word' id='word_1_158' title='bbox 1363 2249 1402 2303; x_wconf 84' lang='lat' dir='ltr'><strong>vt</strong></span> <span class='ocrx_word' id='word_1_159' title='bbox 1416 2242 1609 2304; x_wconf 88' lang='lat' dir='ltr'><strong>distinctius</strong></span> 
     </span>
     <span class='ocr_line' id='line_1_20' title="bbox 404 2325 1609 2406; baseline 0 -20"><span class='ocrx_word' id='word_1_160' title='bbox 404 2326 532 2405; x_wconf 89' lang='lat' dir='ltr'><strong>singula</strong></span> <span class='ocrx_word' id='word_1_161' title='bbox 542 2346 581 2386; x_wconf 90' lang='lat' dir='ltr'><strong>ac</strong></span> <span class='ocrx_word' id='word_1_162' title='bbox 590 2325 709 2386; x_wconf 89' lang='lat' dir='ltr'><strong>clarius</strong></span> <span class='ocrx_word' id='word_1_163' title='bbox 718 2325 844 2387; x_wconf 90' lang='lat' dir='ltr'><strong>elucere</strong></span> <span class='ocrx_word' id='word_1_164' title='bbox 852 2328 979 2406; x_wconf 90' lang='lat' dir='ltr'><strong>possint</strong></span> <span class='ocrx_word' id='word_1_165' title='bbox 990 2325 1183 2405; x_wconf 89' lang='lat' dir='ltr'><strong>legentibus,</strong></span> <span class='ocrx_word' id='word_1_166' title='bbox 1192 2325 1318 2406; x_wconf 89' lang='lat' dir='ltr'><strong>placuit</strong></span> <span class='ocrx_word' id='word_1_167' title='bbox 1329 2326 1430 2387; x_wconf 93' lang='lat' dir='ltr'><strong>libros</strong></span> <span class='ocrx_word' id='word_1_168' title='bbox 1444 2327 1479 2386; x_wconf 91' lang='lat' dir='ltr'><strong>in</strong></span> <span class='ocrx_word' id='word_1_169' title='bbox 1493 2326 1609 2405; x_wconf 84' lang='lat' dir='ltr'><strong>capita</strong></span> 
     </span>
     <span class='ocr_line' id='line_1_21' title="bbox 404 2408 1609 2489; baseline -0.001 -19"><span class='ocrx_word' id='word_1_170' title='bbox 404 2409 558 2470; x_wconf 91' lang='lat' dir='ltr'><strong>diuidere.</strong></span> <span class='ocrx_word' id='word_1_171' title='bbox 592 2408 753 2483; x_wconf 83' lang='lat' dir='ltr'><strong>Quoniam</strong></span> <span class='ocrx_word' id='word_1_172' title='bbox 768 2428 846 2470; x_wconf 84' lang='lat' dir='ltr'><strong>vero</strong></span> <span class='ocrx_word' id='word_1_173' title='bbox 861 2411 1013 2488; x_wconf 88' lang='lat' dir='ltr'><strong>opposita</strong></span> <span class='ocrx_word' id='word_1_174' title='bbox 1026 2410 1088 2471; x_wconf 93' lang='lat' dir='ltr'><strong>sibi</strong></span> <span class='ocrx_word' id='word_1_175' title='bbox 1097 2412 1236 2471; x_wconf 89' lang='lat' dir='ltr'><strong>inuicem</strong></span> <span class='ocrx_word' id='word_1_176' title='bbox 1245 2409 1609 2489; x_wconf 88' lang='lat' dir='ltr'><strong>periuxtapositionem</strong></span> 
     </span>
     <span class='ocr_line' id='line_1_22' title="bbox 405 2490 1609 2573; baseline 0 -20"><span class='ocrx_word' id='word_1_177' title='bbox 405 2492 528 2553; x_wconf 87' lang='lat' dir='ltr'><strong>collata</strong></span> <span class='ocrx_word' id='word_1_178' title='bbox 549 2492 667 2554; x_wconf 86' lang='lat' dir='ltr'><strong>clarius</strong></span> <span class='ocrx_word' id='word_1_179' title='bbox 692 2491 800 2553; x_wconf 90' lang='lat' dir='ltr'><strong>solent</strong></span> <span class='ocrx_word' id='word_1_180' title='bbox 820 2492 1009 2566; x_wconf 88' lang='lat' dir='ltr'><strong>elucescere,</strong></span> <span class='ocrx_word' id='word_1_181' title='bbox 1032 2495 1271 2573; x_wconf 89' lang='lat' dir='ltr'><strong>operepretium</strong></span> <span class='ocrx_word' id='word_1_182' title='bbox 1292 2493 1387 2554; x_wconf 87' lang='lat' dir='ltr'><strong>nobis</strong></span> <span class='ocrx_word' id='word_1_183' title='bbox 1409 2494 1517 2554; x_wconf 86' lang='lat' dir='ltr'><strong>visum</strong></span> <span class='ocrx_word' id='word_1_184' title='bbox 1537 2490 1609 2553; x_wconf 86' lang='lat' dir='ltr'><strong>iuit</strong></span> 
     </span>
     <span class='ocr_line' id='line_1_23' title="bbox 405 2576 1607 2655; baseline 0 -19"><span class='ocrx_word' id='word_1_185' title='bbox 405 2577 440 2636; x_wconf 91' lang='lat' dir='ltr'><strong>in</strong></span> <span class='ocrx_word' id='word_1_186' title='bbox 461 2577 532 2655; x_wconf 93' lang='lat' dir='ltr'><strong>ipso</strong></span> <span class='ocrx_word' id='word_1_187' title='bbox 553 2577 667 2637; x_wconf 86' lang='lat' dir='ltr'><strong>statim</strong></span> <span class='ocrx_word' id='word_1_188' title='bbox 689 2577 786 2636; x_wconf 92' lang='lat' dir='ltr'><strong>inicio</strong></span> <span class='ocrx_word' id='word_1_189' title='bbox 804 2581 883 2636; x_wconf 88' lang='lat' dir='ltr'><strong>ante</strong></span> <span class='ocrx_word' id='word_1_190' title='bbox 903 2578 1013 2637; x_wconf 91' lang='lat' dir='ltr'><strong>omnia</strong></span> <span class='ocrx_word' id='word_1_191' title='bbox 1032 2583 1142 2637; x_wconf 86' lang='lat' dir='ltr'><strong>totum</strong></span> <span class='ocrx_word' id='word_1_192' title='bbox 1161 2576 1243 2637; x_wconf 91' lang='lat' dir='ltr'><strong>illud</strong></span> <span class='ocrx_word' id='word_1_193' title='bbox 1258 2581 1354 2638; x_wconf 90' lang='lat' dir='ltr'><strong>tuum</strong></span> <span class='ocrx_word' id='word_1_194' title='bbox 1369 2595 1468 2655; x_wconf 90' lang='lat' dir='ltr'><strong>supra</strong></span> <span class='ocrx_word' id='word_1_195' title='bbox 1481 2592 1607 2636; x_wconf 89' lang='lat' dir='ltr'><strong>memo·</strong></span> 
     </span>
    </p>

    <p class='ocr_par' dir='ltr' id='par_1_9' title="bbox 345 2658 1610 3073">
     <span class='ocr_line' id='line_1_24' title="bbox 345 2658 1609 2738; baseline 0.001 -21"><span class='ocrx_word' id='word_1_196' title='bbox 345 2680 393 2717; x_wconf 83' lang='lat'><strong>120</strong></span> <span class='ocrx_word' id='word_1_197' title='bbox 405 2663 516 2720; x_wconf 87' lang='lat' dir='ltr'><strong>ratum</strong></span> <span class='ocrx_word' id='word_1_198' title='bbox 530 2665 814 2732; x_wconf 89' lang='lat' dir='ltr'><strong>annotamentum,</strong></span> <span class='ocrx_word' id='word_1_199' title='bbox 830 2658 963 2738; x_wconf 88' lang='lat' dir='ltr'><strong>plenum</strong></span> <span class='ocrx_word' id='word_1_200' title='bbox 978 2666 1081 2738; x_wconf 89' lang='lat' dir='ltr'><strong>atque</strong></span> <span class='ocrx_word' id='word_1_201' title='bbox 1095 2661 1259 2738; x_wconf 89' lang='lat' dir='ltr'><strong>integrum</strong></span> <span class='ocrx_word' id='word_1_202' title='bbox 1271 2660 1331 2735; x_wconf 87' lang='lat' dir='ltr'><strong>(ita</strong></span> <span class='ocrx_word' id='word_1_203' title='bbox 1340 2665 1379 2721; x_wconf 85' lang='lat' dir='ltr'><strong>vt</strong></span> <span class='ocrx_word' id='word_1_204' title='bbox 1393 2660 1428 2720; x_wconf 91' lang='lat' dir='ltr'><strong>in</strong></span> <span class='ocrx_word' id='word_1_205' title='bbox 1438 2658 1609 2720; x_wconf 81' lang='lat' dir='ltr'><strong>seditione</strong></span> 
     </span>
     <span class='ocr_line' id='line_1_25' title="bbox 406 2741 1607 2823; baseline 0 -20"><span class='ocrx_word' id='word_1_206' title='bbox 406 2749 466 2803; x_wconf 88' lang='lat' dir='ltr'><strong>tua</strong></span> <span class='ocrx_word' id='word_1_207' title='bbox 481 2748 601 2821; x_wconf 91' lang='lat' dir='ltr'><strong>quarta</strong></span> <span class='ocrx_word' id='word_1_208' title='bbox 618 2743 777 2804; x_wconf 90' lang='lat' dir='ltr'><strong>hactenus</strong></span> <span class='ocrx_word' id='word_1_209' title='bbox 796 2744 973 2803; x_wconf 89' lang='lat' dir='ltr'><strong>nouissima</strong></span> <span class='ocrx_word' id='word_1_210' title='bbox 992 2744 1189 2818; x_wconf 90' lang='lat' dir='ltr'><strong>inuenimus)</strong></span> <span class='ocrx_word' id='word_1_211' title='bbox 1205 2762 1386 2823; x_wconf 90' lang='lat' dir='ltr'><strong>proponere</strong></span> <span class='ocrx_word' id='word_1_212' title='bbox 1399 2741 1607 2822; x_wconf 88' lang='lat' dir='ltr'><strong>legentibus:</strong></span> 
     </span>
     <span class='ocr_line' id='line_1_26' title="bbox 406 2826 1609 2905; baseline 0 -19"><span class='ocrx_word' id='word_1_213' title='bbox 406 2832 445 2886; x_wconf 88' lang='lat' dir='ltr'><strong>vt</strong></span> <span class='ocrx_word' id='word_1_214' title='bbox 459 2827 508 2886; x_wconf 89' lang='lat' dir='ltr'><strong>ita</strong></span> <span class='ocrx_word' id='word_1_215' title='bbox 522 2828 556 2886; x_wconf 91' lang='lat' dir='ltr'><strong>in</strong></span> <span class='ocrx_word' id='word_1_216' title='bbox 571 2826 784 2905; x_wconf 89' lang='lat' dir='ltr'><strong>sequentibus</strong></span> <span class='ocrx_word' id='word_1_217' title='bbox 798 2827 902 2886; x_wconf 88' lang='lat' dir='ltr'><strong>nostri</strong></span> <span class='ocrx_word' id='word_1_218' title='bbox 916 2844 1085 2905; x_wconf 89' lang='lat' dir='ltr'><strong>processus</strong></span> <span class='ocrx_word' id='word_1_219' title='bbox 1104 2828 1265 2887; x_wconf 91' lang='lat' dir='ltr'><strong>rationem</strong></span> <span class='ocrx_word' id='word_1_220' title='bbox 1280 2826 1408 2887; x_wconf 88' lang='lat' dir='ltr'><strong>facilius</strong></span> <span class='ocrx_word' id='word_1_221' title='bbox 1422 2826 1557 2904; x_wconf 89' lang='lat' dir='ltr'><strong>capiant</strong></span> <span class='ocrx_word' id='word_1_222' title='bbox 1570 2831 1609 2886; x_wconf 88' lang='lat' dir='ltr'><strong>et</strong></span> 
     </span>
     <span class='ocr_line' id='line_1_27' title="bbox 407 2907 1610 2990; baseline -0.001 -19"><span class='ocrx_word' id='word_1_223' title='bbox 407 2908 553 2971; x_wconf 91' lang='lat' dir='ltr'><strong>ordinem</strong></span> <span class='ocrx_word' id='word_1_224' title='bbox 576 2910 772 2989; x_wconf 89' lang='lat' dir='ltr'><strong>intelligant,</strong></span> <span class='ocrx_word' id='word_1_225' title='bbox 797 2910 853 2989; x_wconf 93' lang='lat' dir='ltr'><strong>qui</strong></span> <span class='ocrx_word' id='word_1_226' title='bbox 882 2911 937 2989; x_wconf 94' lang='lat' dir='ltr'><strong>pio</strong></span> <span class='ocrx_word' id='word_1_227' title='bbox 960 2911 1069 2971; x_wconf 87' lang='lat' dir='ltr'><strong>animo</strong></span> <span class='ocrx_word' id='word_1_228' title='bbox 1097 2929 1136 2972; x_wconf 90' lang='lat' dir='ltr'><strong>ac</strong></span> <span class='ocrx_word' id='word_1_229' title='bbox 1159 2929 1296 2990; x_wconf 87' lang='lat' dir='ltr'><strong>syncera</strong></span> <span class='ocrx_word' id='word_1_230' title='bbox 1324 2908 1444 2972; x_wconf 94' lang='lat' dir='ltr'><strong>iudicio</strong></span> <span class='ocrx_word' id='word_1_231' title='bbox 1471 2907 1516 2970; x_wconf 89' lang='lat' dir='ltr'><strong>ad</strong></span> <span class='ocrx_word' id='word_1_232' title='bbox 1540 2909 1610 2971; x_wconf 85' lang='lat' dir='ltr'><strong>ista</strong></span> 
     </span>
     <span class='ocr_line' id='line_1_28' title="bbox 406 2992 1608 3073; baseline 0.001 -20"><span class='ocrx_word' id='word_1_233' title='bbox 406 2999 520 3054; x_wconf 89' lang='lat' dir='ltr'><strong>nostra</strong></span> <span class='ocrx_word' id='word_1_234' title='bbox 549 2994 744 3073; x_wconf 90' lang='lat' dir='ltr'><strong>perlegenda</strong></span> <span class='ocrx_word' id='word_1_235' title='bbox 771 2996 975 3055; x_wconf 89' lang='lat' dir='ltr'><strong>accesserint.</strong></span> <span class='ocrx_word' id='word_1_236' title='bbox 1020 2993 1070 3055; x_wconf 91' lang='lat' dir='ltr'><strong>Tu</strong></span> <span class='ocrx_word' id='word_1_237' title='bbox 1099 3014 1187 3067; x_wconf 90' lang='lat' dir='ltr'><strong>vero,</strong></span> <span class='ocrx_word' id='word_1_238' title='bbox 1217 2994 1434 3055; x_wconf 90' lang='lat' dir='ltr'><strong>eruditissime</strong></span> <span class='ocrx_word' id='word_1_239' title='bbox 1458 2992 1608 3066; x_wconf 81' lang='lat' dir='ltr'><strong>Erasme,</strong></span> 
     </span>
    </p>

    <p class='ocr_par' dir='ltr' id='par_1_10' title="bbox 346 3077 1610 3491">
     <span class='ocr_line' id='line_1_29' title="bbox 346 3077 1608 3158; baseline 0.003 -24"><span class='ocrx_word' id='word_1_240' title='bbox 346 3097 393 3147; x_wconf 79' lang='lat'><strong>125</strong></span> <span class='ocrx_word' id='word_1_241' title='bbox 406 3096 481 3137; x_wconf 91' lang='lat' dir='ltr'><strong>oum</strong></span> <span class='ocrx_word' id='word_1_242' title='bbox 503 3079 568 3138; x_wconf 89' lang='lat' dir='ltr'><strong>iste</strong></span> <span class='ocrx_word' id='word_1_243' title='bbox 590 3078 761 3157; x_wconf 89' lang='lat' dir='ltr'><strong>perlegeris</strong></span> <span class='ocrx_word' id='word_1_244' title='bbox 782 3077 1020 3156; x_wconf 86' lang='lat' dir='ltr'><strong>diligenterque</strong></span> <span class='ocrx_word' id='word_1_245' title='bbox 1041 3077 1243 3158; x_wconf 86' lang='lat' dir='ltr'><strong>expanderis,</strong></span> <span class='ocrx_word' id='word_1_246' title='bbox 1261 3078 1393 3156; x_wconf 89' lang='lat' dir='ltr'><strong>cognita</strong></span> <span class='ocrx_word' id='word_1_247' title='bbox 1413 3082 1515 3155; x_wconf 86' lang='lat' dir='ltr'><strong>atque</strong></span> <span class='ocrx_word' id='word_1_248' title='bbox 1534 3095 1608 3156; x_wconf 88' lang='lat' dir='ltr'><strong>per·</strong></span> 
     </span>
     <span class='ocr_line' id='line_1_30' title="bbox 406 3159 1610 3240; baseline 0 -20"><span class='ocrx_word' id='word_1_249' title='bbox 406 3167 519 3240; x_wconf 87' lang='lat' dir='ltr'><strong>specte</strong></span> <span class='ocrx_word' id='word_1_250' title='bbox 547 3162 698 3232; x_wconf 84' lang='lat' dir='ltr'><strong>veritate,</strong></span> <span class='ocrx_word' id='word_1_251' title='bbox 728 3161 762 3221; x_wconf 90' lang='lat' dir='ltr'><strong>id</strong></span> <span class='ocrx_word' id='word_1_252' title='bbox 791 3160 881 3239; x_wconf 93' lang='lat' dir='ltr'><strong>quod</strong></span> <span class='ocrx_word' id='word_1_253' title='bbox 905 3163 1013 3221; x_wconf 86' lang='lat' dir='ltr'><strong>virum</strong></span> <span class='ocrx_word' id='word_1_254' title='bbox 1043 3160 1166 3222; x_wconf 92' lang='lat' dir='ltr'><strong>bonum</strong></span> <span class='ocrx_word' id='word_1_255' title='bbox 1191 3161 1419 3238; x_wconf 83' lang='lat' dir='ltr'><strong>Ecclesiaeque</strong></span> <span class='ocrx_word' id='word_1_256' title='bbox 1443 3179 1483 3220; x_wconf 90' lang='lat' dir='ltr'><strong>ao</strong></span> <span class='ocrx_word' id='word_1_257' title='bbox 1507 3159 1610 3221; x_wconf 90' lang='lat' dir='ltr'><strong>rebus</strong></span> 
     </span>
     <span class='ocr_line' id='line_1_31' title="bbox 405 3242 1609 3317; baseline 0 -13"><span class='ocrx_word' id='word_1_258' title='bbox 405 3244 630 3304; x_wconf 90' lang='lat' dir='ltr'><strong>ecclesiasticis</strong></span> <span class='ocrx_word' id='word_1_259' title='bbox 654 3244 735 3305; x_wconf 93' lang='lat' dir='ltr'><strong>bene</strong></span> <span class='ocrx_word' id='word_1_260' title='bbox 759 3245 925 3305; x_wconf 86' lang='lat' dir='ltr'><strong>volentem</strong></span> <span class='ocrx_word' id='word_1_261' title='bbox 955 3244 1059 3317; x_wconf 85' lang='lat' dir='ltr'><strong>decet,</strong></span> <span class='ocrx_word' id='word_1_262' title='bbox 1083 3244 1191 3317; x_wconf 84' lang='lat' dir='ltr'><strong>iacies,</strong></span> <span class='ocrx_word' id='word_1_263' title='bbox 1221 3251 1257 3306; x_wconf 87' lang='lat' dir='ltr'><strong>et</strong></span> <span class='ocrx_word' id='word_1_264' title='bbox 1281 3243 1367 3305; x_wconf 89' lang='lat' dir='ltr'><strong>male</strong></span> <span class='ocrx_word' id='word_1_265' title='bbox 1389 3242 1547 3305; x_wconf 82' lang='lat' dir='ltr'><strong>dubitata</strong></span> <span class='ocrx_word' id='word_1_266' title='bbox 1571 3243 1609 3303; x_wconf 88' lang='lat' dir='ltr'><strong>iii</strong></span> 
     </span>
     <span class='ocr_line' id='line_1_32' title="bbox 406 3326 1608 3406; baseline 0 -19"><span class='ocrx_word' id='word_1_267' title='bbox 406 3328 618 3388; x_wconf 90' lang='lat' dir='ltr'><strong>assertionem</strong></span> <span class='ocrx_word' id='word_1_268' title='bbox 633 3327 762 3388; x_wconf 89' lang='lat' dir='ltr'><strong>fidelem</strong></span> <span class='ocrx_word' id='word_1_269' title='bbox 777 3327 955 3388; x_wconf 90' lang='lat' dir='ltr'><strong>reuocabis.</strong></span> <span class='ocrx_word' id='word_1_270' title='bbox 999 3326 1063 3388; x_wconf 84' lang='lat' dir='ltr'><strong>Sed</strong></span> <span class='ocrx_word' id='word_1_271' title='bbox 1079 3347 1167 3388; x_wconf 90' lang='lat' dir='ltr'><strong>nnnc</strong></span> <span class='ocrx_word' id='word_1_272' title='bbox 1182 3328 1325 3406; x_wconf 86' lang='lat' dir='ltr'><strong>primum</strong></span> <span class='ocrx_word' id='word_1_273' title='bbox 1340 3327 1488 3388; x_wconf 87' lang='lat' dir='ltr'><strong>omnium</strong></span> <span class='ocrx_word' id='word_1_274' title='bbox 1503 3345 1608 3388; x_wconf 87' lang='lat' dir='ltr'><strong>anno·</strong></span> 
     </span>
     <span class='ocr_line' id='line_1_33' title="bbox 407 3411 1089 3491; baseline 0 -20"><span class='ocrx_word' id='word_1_275' title='bbox 407 3411 542 3472; x_wconf 88' lang='lat' dir='ltr'><strong>tationis</strong></span> <span class='ocrx_word' id='word_1_276' title='bbox 557 3418 634 3472; x_wconf 89' lang='lat' dir='ltr'><strong>tuae</strong></span> <span class='ocrx_word' id='word_1_277' title='bbox 650 3417 843 3472; x_wconf 75' lang='lat' dir='ltr'><strong>contextum</strong></span> <span class='ocrx_word' id='word_1_278' title='bbox 858 3430 1089 3491; x_wconf 87' lang='lat' dir='ltr'><strong>proponamus.</strong></span> 
     </span>
    </p>
   </div>
   <div class='ocr_carea' id='block_1_5' title="bbox 746 3707 1267 3776">
    <p class='ocr_par' dir='ltr' id='par_1_11' title="bbox 746 3707 1267 3776">
     <span class='ocr_line' id='line_1_34' title="bbox 746 3707 1267 3776; baseline 0.004 -4"><span class='ocrx_word' id='word_1_279' title='bbox 746 3711 846 3773; x_wconf 78' lang='lat'>2418.</span> <span class='ocrx_word' id='word_1_280' title='bbox 894 3707 1267 3776; x_wconf 80' lang='lat' dir='ltr'><strong>ToUia1cirZss1us.</strong></span> 
     </span>
    </p>
   </div>
   <div class='ocr_carea' id='block_1_6' title="bbox 444 3859 1570 4007">
    <p class='ocr_par' dir='ltr' id='par_1_12' title="bbox 444 3859 1570 4007">
     <span class='ocr_line' id='line_1_35' title="bbox 444 3859 1570 3935; baseline 0.003 -19"><span class='ocrx_word' id='word_1_281' title='bbox 444 3861 538 3916; x_wconf 86' lang='lat' dir='ltr'><strong>Basle</strong></span> <span class='ocrx_word' id='word_1_282' title='bbox 550 3859 614 3916; x_wconf 87' lang='lat' dir='ltr'><strong>MS.</strong></span> <span class='ocrx_word' id='word_1_283' title='bbox 629 3861 665 3916; x_wconf 85' lang='lat' dir='ltr'><strong>G.</strong></span> <span class='ocrx_word' id='word_1_284' title='bbox 680 3862 724 3918; x_wconf 92' lang='lat'><strong>11.</strong></span> <span class='ocrx_word' id='word_1_285' title='bbox 741 3871 801 3931; x_wconf 78' lang='lat'><strong>13⁸.</strong></span> <span class='ocrx_word' id='word_1_286' title='bbox 817 3865 862 3929; x_wconf 84' lang='lat'><strong>56.</strong></span> <span class='ocrx_word' id='word_1_287' title='bbox 1386 3862 1570 3935; x_wconf 83' lang='lat' dir='ltr'><strong>&lt;Freiburg&gt;</strong></span> 
     </span>
     <span class='ocr_line' id='line_1_36' title="bbox 1406 3946 1551 4007; baseline 0.007 -2"><span class='ocrx_word' id='word_1_288' title='bbox 1406 3946 1551 4007; x_wconf 81' lang='lat'>&lt;1530·1&gt;</span> 
     </span>
    </p>
   </div>
   <div class='ocr_carea' id='block_1_7' title="bbox 406 4053 1611 4453">
    <p class='ocr_par' dir='ltr' id='par_1_13' title="bbox 406 4053 1611 4453">
     <span class='ocr_line' id='line_1_37' title="bbox 440 4053 1610 4122; baseline 0.003 -18"><span class='ocrx_word' id='word_1_289' title='bbox 440 4053 499 4116; x_wconf 84' lang='lat' dir='ltr'><strong>[An</strong></span> <span class='ocrx_word' id='word_1_290' title='bbox 510 4055 629 4120; x_wconf 88' lang='lat' dir='ltr'><strong>original</strong></span> <span class='ocrx_word' id='word_1_291' title='bbox 640 4055 734 4115; x_wconf 85' lang='lat' dir='ltr'><strong>letter,</strong></span> <span class='ocrx_word' id='word_1_292' title='bbox 746 4057 907 4121; x_wconf 86' lang='lat' dir='ltr'><strong>autograph</strong></span> <span class='ocrx_word' id='word_1_293' title='bbox 919 4056 1105 4122; x_wconf 87' lang='lat' dir='ltr'><strong>throughout,</strong></span> <span class='ocrx_word' id='word_1_294' title='bbox 1117 4057 1188 4107; x_wconf 83' lang='lat' dir='ltr'><strong>with</strong></span> <span class='ocrx_word' id='word_1_295' title='bbox 1202 4057 1253 4107; x_wconf 91' lang='lat' dir='ltr'><strong>the</strong></span> <span class='ocrx_word' id='word_1_296' title='bbox 1264 4056 1381 4108; x_wconf 88' lang='lat' dir='ltr'><strong>address</strong></span> <span class='ocrx_word' id='word_1_297' title='bbox 1392 4072 1430 4107; x_wconf 93' lang='lat' dir='ltr'><strong>on</strong></span> <span class='ocrx_word' id='word_1_298' title='bbox 1445 4057 1497 4108; x_wconf 88' lang='lat' dir='ltr'><strong>the</strong></span> <span class='ocrx_word' id='word_1_299' title='bbox 1507 4071 1610 4108; x_wconf 70' lang='lat' dir='ltr'><strong>versor</strong></span> 
     </span>
     <span class='ocr_line' id='line_1_38' title="bbox 406 4120 1610 4190; baseline 0.003 -19"><span class='ocrx_word' id='word_1_300' title='bbox 406 4120 457 4172; x_wconf 91' lang='lat' dir='ltr'><strong>the</strong></span> <span class='ocrx_word' id='word_1_301' title='bbox 468 4121 583 4172; x_wconf 86' lang='lat' dir='ltr'><strong>bottom</strong></span> <span class='ocrx_word' id='word_1_302' title='bbox 593 4122 624 4172; x_wconf 87' lang='lat' dir='ltr'><strong>oi</strong></span> <span class='ocrx_word' id='word_1_303' title='bbox 635 4122 685 4173; x_wconf 86' lang='lat' dir='ltr'><strong>the</strong></span> <span class='ocrx_word' id='word_1_304' title='bbox 697 4138 769 4187; x_wconf 90' lang='lat' dir='ltr'><strong>page</strong></span> <span class='ocrx_word' id='word_1_305' title='bbox 781 4124 833 4173; x_wconf 89' lang='lat' dir='ltr'><strong>has</strong></span> <span class='ocrx_word' id='word_1_306' title='bbox 845 4123 917 4172; x_wconf 92' lang='lat' dir='ltr'><strong>been</strong></span> <span class='ocrx_word' id='word_1_307' title='bbox 931 4128 997 4173; x_wconf 84' lang='lat' dir='ltr'><strong>torn</strong></span> <span class='ocrx_word' id='word_1_308' title='bbox 1013 4124 1071 4174; x_wconf 89' lang='lat' dir='ltr'><strong>and</strong></span> <span class='ocrx_word' id='word_1_309' title='bbox 1086 4129 1118 4174; x_wconf 87' lang='lat' dir='ltr'><strong>at</strong></span> <span class='ocrx_word' id='word_1_310' title='bbox 1134 4123 1206 4174; x_wconf 88' lang='lat' dir='ltr'><strong>least</strong></span> <span class='ocrx_word' id='word_1_311' title='bbox 1217 4139 1271 4174; x_wconf 90' lang='lat' dir='ltr'><strong>one</strong></span> <span class='ocrx_word' id='word_1_312' title='bbox 1282 4123 1339 4174; x_wconf 89' lang='lat' dir='ltr'><strong>line</strong></span> <span class='ocrx_word' id='word_1_313' title='bbox 1350 4124 1375 4174; x_wconf 87' lang='lat' dir='ltr'><strong>is</strong></span> <span class='ocrx_word' id='word_1_314' title='bbox 1385 4125 1512 4190; x_wconf 90' lang='lat' dir='ltr'><strong>missing.</strong></span> <span class='ocrx_word' id='word_1_315' title='bbox 1547 4123 1610 4174; x_wconf 83' lang='lat' dir='ltr'><strong>The</strong></span> 
     </span>
     <span class='ocr_line' id='line_1_39' title="bbox 406 4187 1610 4254; baseline 0.002 -16"><span class='ocrx_word' id='word_1_316' title='bbox 406 4187 475 4238; x_wconf 84' lang='lat' dir='ltr'><strong>date</strong></span> <span class='ocrx_word' id='word_1_317' title='bbox 487 4189 511 4238; x_wconf 89' lang='lat' dir='ltr'><strong>is</strong></span> <span class='ocrx_word' id='word_1_318' title='bbox 522 4189 752 4254; x_wconf 84' lang='lat' dir='ltr'><strong>approximately</strong></span> <span class='ocrx_word' id='word_1_319' title='bbox 763 4189 940 4240; x_wconf 88' lang='lat' dir='ltr'><strong>determined</strong></span> <span class='ocrx_word' id='word_1_320' title='bbox 956 4191 995 4254; x_wconf 89' lang='lat' dir='ltr'><strong>by</strong></span> <span class='ocrx_word' id='word_1_321' title='bbox 1010 4191 1049 4250; x_wconf 88' lang='lat'><strong>(1)</strong></span> <span class='ocrx_word' id='word_1_322' title='bbox 1066 4191 1117 4241; x_wconf 90' lang='lat' dir='ltr'><strong>the</strong></span> <span class='ocrx_word' id='word_1_323' title='bbox 1132 4192 1274 4241; x_wconf 76' lang='lat' dir='ltr'><strong>reference</strong></span> <span class='ocrx_word' id='word_1_324' title='bbox 1288 4196 1319 4241; x_wconf 93' lang='lat' dir='ltr'><strong>to</strong></span> <span class='ocrx_word' id='word_1_325' title='bbox 1333 4190 1462 4241; x_wconf 85' lang='lat' dir='ltr'><strong>Alciati’s</strong></span> <span class='ocrx_word' id='word_1_326' title='bbox 1475 4190 1563 4242; x_wconf 88' lang='lat' dir='ltr'><strong>letter</strong></span> <span class='ocrx_word' id='word_1_327' title='bbox 1577 4191 1610 4242; x_wconf 83' lang='lat' dir='ltr'><strong>oi</strong></span> 
     </span>
     <span class='ocr_line' id='line_1_40' title="bbox 407 4254 1610 4322; baseline 0.002 -16"><span class='ocrx_word' id='word_1_328' title='bbox 407 4268 423 4319; x_wconf 90' lang='lat'><strong>7</strong></span> <span class='ocrx_word' id='word_1_329' title='bbox 444 4254 508 4306; x_wconf 88' lang='lat' dir='ltr'><strong>Oct.</strong></span> <span class='ocrx_word' id='word_1_330' title='bbox 529 4269 603 4318; x_wconf 82' lang='lat'><strong>1530,</strong></span> <span class='ocrx_word' id='word_1_331' title='bbox 623 4256 661 4316; x_wconf 88' lang='lat'><strong>(2)</strong></span> <span class='ocrx_word' id='word_1_332' title='bbox 680 4256 730 4305; x_wconf 92' lang='lat' dir='ltr'><strong>the</strong></span> <span class='ocrx_word' id='word_1_333' title='bbox 750 4256 927 4320; x_wconf 78' lang='lat' dir='ltr'><strong>publication</strong></span> <span class='ocrx_word' id='word_1_334' title='bbox 946 4256 977 4307; x_wconf 84' lang='lat' dir='ltr'><strong>oi</strong></span> <span class='ocrx_word' id='word_1_335' title='bbox 996 4256 1190 4322; x_wconf 82' lang='lat' dir='ltr'><strong>Chrysostcin,</strong></span> <span class='ocrx_word' id='word_1_336' title='bbox 1208 4259 1281 4321; x_wconf 85' lang='lat' dir='ltr'><strong>Aug.</strong></span> <span class='ocrx_word' id='word_1_337' title='bbox 1302 4271 1376 4320; x_wconf 82' lang='lat'><strong>1530,</strong></span> <span class='ocrx_word' id='word_1_338' title='bbox 1394 4259 1433 4321; x_wconf 79' lang='lat'><strong>(3)</strong></span> <span class='ocrx_word' id='word_1_339' title='bbox 1450 4257 1501 4308; x_wconf 83' lang='lat' dir='ltr'><strong>the</strong></span> <span class='ocrx_word' id='word_1_340' title='bbox 1518 4257 1610 4308; x_wconf 83' lang='lat' dir='ltr'><strong>daath</strong></span> 
     </span>
     <span class='ocr_line' id='line_1_41' title="bbox 406 4321 1611 4452; baseline 0.002 -80"><span class='ocrx_word' id='word_1_341' title='bbox 406 4321 437 4452; x_wconf 57' lang='lat' dir='ltr'><strong>qi</strong></span> <span class='ocrx_word' id='word_1_342' title='bbox 448 4323 499 4439; x_wconf 52' lang='lat' dir='ltr'><strong>ug</strong></span> <span class='ocrx_word' id='word_1_343' title='bbox 510 4321 602 4373; x_wconf 78' lang='lat' dir='ltr'><strong>friend</strong></span> <span class='ocrx_word' id='word_1_344' title='bbox 618 4321 742 4450; x_wconf 75' lang='lat' dir='ltr'><strong>r]eierred</strong></span> <span class='ocrx_word' id='word_1_345' title='bbox 753 4329 784 4372; x_wconf 88' lang='lat' dir='ltr'><strong>tc</strong></span> <span class='ocrx_word' id='word_1_346' title='bbox 802 4323 832 4372; x_wconf 90' lang='lat' dir='ltr'><strong>in</strong></span> <span class='ocrx_word' id='word_1_347' title='bbox 850 4322 868 4372; x_wconf 92' lang='lat'><strong>1.</strong></span> <span class='ocrx_word' id='word_1_348' title='bbox 887 4337 912 4383; x_wconf 86' lang='lat'><strong>2,</strong></span> <span class='ocrx_word' id='word_1_349' title='bbox 930 4330 1006 4375; x_wconf 84' lang='lat' dir='ltr'><strong>most</strong></span> <span class='ocrx_word' id='word_1_350' title='bbox 1018 4324 1162 4389; x_wconf 81' lang='lat' dir='ltr'><strong>naturally</strong></span> <span class='ocrx_word' id='word_1_351' title='bbox 1173 4325 1320 4375; x_wconf 79' lang='lat' dir='ltr'><strong>identified</strong></span> <span class='ocrx_word' id='word_1_352' title='bbox 1335 4325 1405 4375; x_wconf 82' lang='lat' dir='ltr'><strong>with</strong></span> <span class='ocrx_word' id='word_1_353' title='bbox 1416 4324 1611 4375; x_wconf 85' lang='lat' dir='ltr'><strong>Pirckheimer</strong></span> 
     </span>
     <span class='ocr_line' id='line_1_42' title="bbox 425 4401 625 4453; baseline 0 -14"><span class='ocrx_word' id='word_1_354' title='bbox 425 4401 456 4439; x_wconf 86' lang='lat'><strong>22</strong></span> <span class='ocrx_word' id='word_1_355' title='bbox 497 4404 536 4439; x_wconf 91' lang='lat' dir='ltr'><strong>ec.</strong></span> <span class='ocrx_word' id='word_1_356' title='bbox 552 4402 625 4453; x_wconf 80' lang='lat'>1530.</span> 
     </span>
    </p>
   </div>
   <div class='ocr_carea' id='block_1_8' title="bbox 379 4494 1610 4913">
    <p class='ocr_par' dir='ltr' id='par_1_14' title="bbox 408 4494 1610 4829">
     <span class='ocr_line' id='line_1_43' title="bbox 449 4494 1607 4578; baseline 0.003 -22"><span class='ocrx_word' id='word_1_357' title='bbox 449 4494 480 4557; x_wconf 88' lang='lat' dir='ltr'><strong>S.</strong></span> <span class='ocrx_word' id='word_1_358' title='bbox 498 4496 534 4557; x_wconf 93' lang='lat' dir='ltr'><strong>P.</strong></span> <span class='ocrx_word' id='word_1_359' title='bbox 592 4495 804 4558; x_wconf 88' lang='lat' dir='ltr'><strong>Omatissime</strong></span> <span class='ocrx_word' id='word_1_360' title='bbox 840 4498 899 4571; x_wconf 89' lang='lat' dir='ltr'><strong>vir,</strong></span> <span class='ocrx_word' id='word_1_361' title='bbox 936 4499 1054 4560; x_wconf 89' lang='lat' dir='ltr'><strong>misisti</strong></span> <span class='ocrx_word' id='word_1_362' title='bbox 1088 4498 1249 4578; x_wconf 90' lang='lat' dir='ltr'><strong>scytalam</strong></span> <span class='ocrx_word' id='word_1_363' title='bbox 1285 4518 1361 4561; x_wconf 90' lang='lat' dir='ltr'><strong>vere</strong></span> <span class='ocrx_word' id='word_1_364' title='bbox 1401 4499 1607 4560; x_wconf 86' lang='lat' dir='ltr'><strong>Laconicam.</strong></span> 
     </span>
     <span class='ocr_line' id='line_1_44' title="bbox 408 4577 1610 4660; baseline 0.002 -20"><span class='ocrx_word' id='word_1_365' title='bbox 408 4577 544 4653; x_wconf 81' lang='lat' dir='ltr'><strong>Qualem</strong></span> <span class='ocrx_word' id='word_1_366' title='bbox 573 4581 713 4640; x_wconf 90' lang='lat' dir='ltr'><strong>amicum</strong></span> <span class='ocrx_word' id='word_1_367' title='bbox 742 4579 887 4660; x_wconf 90' lang='lat' dir='ltr'><strong>perdidi!</strong></span> <span class='ocrx_word' id='word_1_368' title='bbox 926 4581 1087 4643; x_wconf 86' lang='lat' dir='ltr'><strong>Proximis</strong></span> <span class='ocrx_word' id='word_1_369' title='bbox 1114 4583 1268 4643; x_wconf 90' lang='lat' dir='ltr'><strong>nundinis</strong></span> <span class='ocrx_word' id='word_1_370' title='bbox 1290 4584 1441 4643; x_wconf 89' lang='lat' dir='ltr'><strong>miseram</strong></span> <span class='ocrx_word' id='word_1_371' title='bbox 1466 4583 1496 4643; x_wconf 93' lang='lat' dir='ltr'><strong>ei</strong></span> <span class='ocrx_word' id='word_1_372' title='bbox 1520 4581 1610 4643; x_wconf 92' lang='lat' dir='ltr'><strong>dono</strong></span> 
     </span>
     <span class='ocr_line' id='line_1_45' title="bbox 408 4661 1608 4745; baseline 0.003 -21"><span class='ocrx_word' id='word_1_373' title='bbox 408 4664 552 4741; x_wconf 91' lang='lat' dir='ltr'><strong>quinque</strong></span> <span class='ocrx_word' id='word_1_374' title='bbox 566 4661 791 4742; x_wconf 73' lang='lat' dir='ltr'><strong>chrysostomi</strong></span> <span class='ocrx_word' id='word_1_375' title='bbox 805 4664 983 4739; x_wconf 89' lang='lat' dir='ltr'><strong>volumina,</strong></span> <span class='ocrx_word' id='word_1_376' title='bbox 999 4666 1145 4745; x_wconf 87' lang='lat' dir='ltr'><strong>suspicor</strong></span> <span class='ocrx_word' id='word_1_377' title='bbox 1159 4665 1262 4738; x_wconf 89' lang='lat' dir='ltr'><strong>illum,</strong></span> <span class='ocrx_word' id='word_1_378' title='bbox 1278 4672 1317 4726; x_wconf 85' lang='lat' dir='ltr'><strong>vt</strong></span> <span class='ocrx_word' id='word_1_379' title='bbox 1334 4672 1407 4727; x_wconf 89' lang='lat' dir='ltr'><strong>erat</strong></span> <span class='ocrx_word' id='word_1_380' title='bbox 1424 4665 1608 4739; x_wconf 89' lang='lat' dir='ltr'><strong>munificus,</strong></span> 
     </span>
     <span class='ocr_line' id='line_1_46' title="bbox 408 4746 1609 4829; baseline 0.003 -23"><span class='ocrx_word' id='word_1_381' title='bbox 408 4751 523 4807; x_wconf 89' lang='lat' dir='ltr'><strong>contra</strong></span> <span class='ocrx_word' id='word_1_382' title='bbox 537 4765 668 4826; x_wconf 86' lang='lat' dir='ltr'><strong>parasse</strong></span> <span class='ocrx_word' id='word_1_383' title='bbox 682 4746 816 4825; x_wconf 88' lang='lat' dir='ltr'><strong>aliquod</strong></span> <span class='ocrx_word' id='word_1_384' title='bbox 836 4767 963 4809; x_wconf 91' lang='lat' dir='ltr'><strong>munus.</strong></span> <span class='ocrx_word' id='word_1_385' title='bbox 1007 4747 1072 4810; x_wconf 88' lang='lat' dir='ltr'><strong>Sed</strong></span> <span class='ocrx_word' id='word_1_386' title='bbox 1087 4749 1165 4827; x_wconf 93' lang='lat' dir='ltr'><strong>quid</strong></span> <span class='ocrx_word' id='word_1_387' title='bbox 1182 4750 1315 4828; x_wconf 92' lang='lat' dir='ltr'><strong>prodest</strong></span> <span class='ocrx_word' id='word_1_388' title='bbox 1330 4749 1483 4829; x_wconf 76' lang='lat' dir='ltr'><strong>plorare?</strong></span> <span class='ocrx_word' id='word_1_389' title='bbox 1514 4748 1609 4810; x_wconf 92' lang='lat' dir='ltr'><strong>Illius</strong></span> 
     </span>
    </p>

    <p class='ocr_par' dir='ltr' id='par_1_15' title="bbox 379 4829 1196 4913">
     <span class='ocr_line' id='line_1_47' title="bbox 379 4829 1196 4913; baseline 0.005 -23"><span class='ocrx_word' id='word_1_390' title='bbox 379 4862 395 4913; x_wconf 78' lang='lat'>5</span> <span class='ocrx_word' id='word_1_391' title='bbox 407 4829 558 4909; x_wconf 86' lang='lat' dir='ltr'><strong>exemplo</strong></span> <span class='ocrx_word' id='word_1_392' title='bbox 572 4829 772 4891; x_wconf 89' lang='lat' dir='ltr'><strong>moderatius</strong></span> <span class='ocrx_word' id='word_1_393' title='bbox 786 4849 838 4891; x_wconf 91' lang='lat' dir='ltr'><strong>me</strong></span> <span class='ocrx_word' id='word_1_394' title='bbox 853 4831 1055 4893; x_wconf 86' lang='lat' dir='ltr'><strong>discruciabo</strong></span> <span class='ocrx_word' id='word_1_395' title='bbox 1069 4832 1196 4895; x_wconf 90' lang='lat' dir='ltr'><strong>studiis.</strong></span> 
     </span>
    </p>
   </div>
   <div class='ocr_carea' id='block_1_9' title="bbox 543 5015 1477 5085">
    <p class='ocr_par' dir='ltr' id='par_1_16' title="bbox 543 5015 1477 5085">
     <span class='ocr_line' id='line_1_48' title="bbox 543 5015 1477 5085; baseline 0.002 -17"><span class='ocrx_word' id='word_1_396' title='bbox 543 5017 618 5068; x_wconf 75' lang='lat'>2418.</span> <span class='ocrx_word' id='word_1_397' title='bbox 637 5030 661 5080; x_wconf 84' lang='lat'><strong>3.</strong></span> <span class='ocrx_word' id='word_1_398' title='bbox 679 5015 807 5083; x_wconf 90' lang='lat' dir='ltr'><strong>quinque</strong></span> <span class='ocrx_word' id='word_1_399' title='bbox 818 5016 1012 5083; x_wconf 83' lang='lat' dir='ltr'><strong>Chrysostcnii</strong></span> <span class='ocrx_word' id='word_1_400' title='bbox 1022 5017 1179 5081; x_wconf 84' lang='lat' dir='ltr'><strong>volumina]</strong></span> <span class='ocrx_word' id='word_1_401' title='bbox 1190 5018 1234 5070; x_wconf 82' lang='lat' dir='ltr'><strong>Gi.</strong></span> <span class='ocrx_word' id='word_1_402' title='bbox 1246 5018 1301 5084; x_wconf 83' lang='lat' dir='ltr'><strong>Ep.</strong></span> <span class='ocrx_word' id='word_1_403' title='bbox 1313 5032 1388 5084; x_wconf 82' lang='lat'>²⁴13·</span> <span class='ocrx_word' id='word_1_404' title='bbox 1402 5032 1477 5085; x_wconf 61' lang='lat'>22-3„</span> 
     </span>
    </p>
   </div>
   <div class='ocr_carea' id='block_1_10' title="bbox 0 0 2037 5900">
    <p class='ocr_par' dir='ltr' id='par_1_17' title="bbox 0 0 2037 5900">
     <span class='ocr_line' id='line_1_49' title="bbox 0 0 2037 5900; baseline 0 0"><span class='ocrx_word' id='word_1_405' title='bbox 0 0 2037 5900; x_wconf 95' lang='lat' dir='ltr'><strong> </strong></span> 
     </span>
    </p>
   </div>
  </div>
 </body>
</html>
