4042 5900
509 685 571 745 212
835 681 1035 745 LETTERS
1056 681 1112 745 01⁴*
1133 681 1338 746 ERASMUS
1611 687 1711 763 [1531

464 868 496 918 35
510 844 782 920 Fra<n>oiscanus
790 842 1016 904 Lutheranum
1028 842 1143 903 violati
1154 842 1243 916 iuris,
1255 843 1344 922 quod
1354 842 1398 903 ad
1408 843 1492 904 hanc
1503 843 1712 906 functionem

508 946 575 989 non
589 926 740 988 admittit
753 946 821 987 non
837 927 983 988 missum.
1026 924 1168 987 Accusat
1183 926 1327 988 violatae
1346 926 1537 988 concordiae
1555 933 1591 989 et
1607 929 1711 1007 pacis,

509 1009 744 1090 propemodum
759 1010 860 1071 etiam
875 1009 991 1070 violati
1005 1009 1129 1089 templi.
1173 1007 1292 1090 Accipe
1308 1009 1441 1071 fabulae
1454 1008 1711 1091 Catsstmphen.

509 1092 721 1154 Ecclesiastes
749 1098 928 1154 contumax
951 1112 1018 1154 non
1046 1094 1239 1173 comparuit.
1283 1092 1411 1154 Iudices
1440 1093 1600 1155 consolati
1631 1100 1714 1156 sunt

510 1176 682 1250 hominem,
704 1175 783 1237 forti
804 1175 1009 1255 infractaque
1034 1182 1119 1238 22221
1142 1177 1262 1250 animo,
1286 1196 1343 1256 spe
1365 1175 1507 1238 melioris
1531 1196 1712 1253 successus,

464 1285 497 1335 4ο
510 1259 646 1340 polliciti
660 1278 789 1320 omnem
807 1279 841 1322 22
862 1258 999 1320 daturos
1018 1278 1160 1340 operam,
1182 1266 1222 1321 vt
1243 1260 1304 1321 hoo
1325 1260 1450 1321 dissidii
1471 1262 1711 1341 consopiretur.
1772 1283 1774 1285 ’

509 1342 607 1404 Vides
622 1342 783 1422 quantula
796 1341 941 1404 scintilla
955 1349 1115 1421 quantum
1129 1344 1285 1404 excitarit
1298 1344 1414 1422 ignem.
1451 1341 1514 1405 Sed
1528 1345 1564 1405 in
1579 1351 1613 1405 te
1629 1344 1713 1407 haec

510 1426 649 1487 cudetur
661 1425 758 1487 faba:
781 1426 838 1505 qui
854 1444 971 1505 graeca
985 1445 1052 1487 non
1067 1426 1153 1487 bona
1166 1426 1230 1488 fide
1244 1426 1356 1487 latinis
1375 1427 1509 1488 auribus
1523 1428 1711 1490 donaueria.

510 1510 589 1570 Ilius
604 1511 650 1571 rei
665 1529 767 1588 quum
781 1515 815 1570 12
830 1510 948 1587 quinto
969 1509 1013 1569 ab
1033 1509 1106 1570 hinc
1128 1509 1180 1570 die
1199 1510 1418 1583 admonerem,
1440 1517 1611 1589 praesente
1632 1510 1711 1574 Gla·

509 1612 618 1666 reano‚
640 1594 712 1654 viro
733 1593 768 1653 in
794 1593 883 1653 omni
906 1591 973 1653 fere
997 1591 1188 1654 literaturae
1208 1612 1326 1673 genere
1349 1594 1548 1668 doctissimo,
1571 1596 1712 1675 ingenue

463 1700 496 1750 45
510 1676 675 1737 2211122222
696 1696 730 1736 22
753 1682 786 1737 12
808 1676 940 1754 quidem
961 1695 1028 1736 non
1048 1675 1230 1737 aduertisse
1248 1678 1404 1750 animum,
1427 1678 1713 1758 incogitanterque

509 1760 682 1840 scripsisse,
699 1761 804 1839 reipsa
818 1766 931 1821 tamen
947 1759 1029 1821 nihil
1044 1759 1172 1831 referre,
1188 1766 1301 1820 vtrum
1312 1760 1467 1840 legamus.
1504 1760 1565 1822 Oui
1575 1763 1712 1840 quidem

510 1844 691 1904 sententiae
707 1843 821 1904 lubens
835 1841 1074 1921 subscripsero:
1091 1862 1157 1904 non
1172 1843 1261 1921 quod
1276 1845 1416 1905 sentiam
1430 1844 1517 1905 idem
1531 1864 1601 1905 esse
1610 1845 1712 1907 fidem

509 1931 545 1988 et
566 1928 715 2006 gratiam,
737 1925 794 1987 sed
816 1926 905 2005 quod
927 1945 1057 1986 necesse
1077 1927 1130 1999 sit,
1152 1945 1227 1986 eum
1245 1927 1302 2005 qui
1321 1927 1437 2007 plenus
1454 1933 1505 1988 est
1521 1930 1629 2007 gratia
1644 1929 1712 1990 fide

510 2028 639 2089 quoque
653 2010 787 2089 plenum
801 2028 879 2082 esse,
895 2027 956 2088 pro
974 2008 1035 2071 hoc
1055 2009 1187 2087 quidem
1207 2015 1309 2081 statu,
1325 2029 1391 2071 vno
1410 2009 1541 2072 Christo
1558 2018 1710 2093 excepto.

464 2116 498 2165 ⁵0
509 2092 604 2167 Quod
627 2094 654 2153 21
679 2092 900 2154 aduertissent
925 2093 990 2166 1211,
1015 2111 1082 2153 1122
1107 2092 1225 2153 (1211112
1250 2094 1330 2171 quin
1352 2092 1487 2173 pulchre
1512 2095 1597 2156 inter
1621 2096 1712 2176 ipsos

509 2183 748 2238 conuenturum
762 2176 881 2237 122121.
926 2175 1083 2249 Quamuis
1094 2181 1207 2237 autem
1220 2194 1260 2236 ea
1274 2175 1315 2236 de
1326 2195 1360 2237 12
1371 2176 1452 2237 alias
1463 2176 1711 2253 contulerimus,

510 2266 623 2321 tamen
641 2259 774 2338 quando
792 2259 964 2320 historiam
985 2260 1020 2320 in
1040 2258 1152 2320 literas
1173 2258 1312 2320 relatam
1330 2260 1380 2320 ris
1400 2260 1462 2321 tibi
1481 2262 1625 2334 mittam,
1643 2281 1711 2323 non

510 2362 641 2424 possum
657 2362 722 2403 non
737 2342 881 2421 obsequi.

552 2426 641 2488 Bene
655 2426 728 2487 vale
743 2427 794 2486 vir
808 2425 935 2487 eximie.

823 2716 924 2777 2472.
971 2711 1024 2777 To
1047 2711 1204 2777 Anrorrr
1228 2712 1394 2778 Danaos.

548 2842 708 2914 Epistolae
720 2841 863 2897 Floridae
876 2859 907 2913 p.
923 2857 969 2895 22.
1481 2842 1641 2915 Freiburg.

548 2918 590 2974 Κ.
603 2935 635 2990 p.
646 2933 700 2987 39:
719 2918 759 2974 N.
774 2935 805 2990 p.
819 2920 892 2985 969:
913 2916 1012 2972 Lond.
1026 2934 1099 2971 xxv.
1117 2929 1168 2984 15:
1187 2917 1252 2972 LB.
1269 2919 1351 2987 1178.
1456 2934 1468 2972 1
1484 2918 1573 2990 April
1588 2934 1672 2989 1531.

545 3037 625 3099 [Τ1112
642 3037 728 3088 121121
745 3036 802 3087 and
816 3037 893 3101 Epp.
909 3049 985 3100 2443,
999 3037 1076 3099 2468,
1093 3049 1169 3099 2473,
1182 3050 1249 3099 ²479
1260 3052 1332 3086 were
1346 3037 1479 3102 perhaps,
1493 3036 1549 3088 like
1563 3038 1618 3103 Ep.
1631 3043 1712 3103 2466,

511 3104 661 3156 2111122126
672 3112 704 3155 16
716 3104 864 3155 Luscinius
877 3104 934 3163 (see
946 3103 1001 3167 Ep.
1014 3116 1090 3167 2477,
1102 3104 1139 3153 ci.
1152 3104 1206 3168 Ep.
1220 3106 1295 3166 25⁶5·
1309 3103 1394 3168 3421]

706 3223 860 3268 ERASMVS
875 3222 996 3268 ROTER.
1013 3223 1164 3268 ANTONIO
1179 3223 1338 3268 DALBONO
1352 3224 1475 3269 ΔΒΒΔΤΙ
1489 3225 1516 3268 S.

554 3315 588 3377 SI
614 3322 684 3376 tam
710 3315 805 3376 facile
826 3320 955 3376 montes
978 3320 1013 3376 et
1034 3315 1137 3376 valles
1158 3316 1424 3376 transmitterent
1448 3334 1585 3395 corpora
1609 3336 1712 3395 quam

512 3400 720 3460 transuolant
734 3399 845 3472 animi,
861 3397 1053 3459 iamdudum
1071 3399 1245 3459 Erasmum
1265 3399 1399 3460 haberet
1420 3399 1583 3478 hospitem
1602 3400 1713 3463 insula

512 3482 666 3555 Barbara,
686 3502 759 3543 meo
780 3482 900 3544 iudicio
921 3481 1048 3561 dignior
1067 3502 1151 3560 quae
1168 3481 1306 3561 μακαρία
1320 3483 1457 3543 dicatur.
1501 3480 1565 3543 Sed
1580 3491 1713 3562 praeter

512 3566 635 3627 itineris
649 3565 885 3644 longitudinem
900 3566 1062 3626 deterruit
1074 3586 1127 3627 me
1142 3565 1310 3626 Mallarius
1327 3565 1456 3645 prolixa
1474 3567 1624 3645 epistola,
1644 3586 1713 3647 qua

482 3677 499 3727 5
512 3650 643 3729 longam
658 3651 744 3710 texit
758 3648 906 3711 fabulam
926 3648 967 3710 de
986 3649 1134 3709 tumultu
1152 3667 1249 3728 quem
1264 3648 1461 3710 cuculliones
1475 3649 1610 3728 quidam
1624 3653 1711 3712 exci-

512 3740 625 3795 tarant
638 3734 673 3794 in
687 3732 855 3794 absentem
877 3733 966 3811 quod
986 3732 1149 3793 diceretur
1167 3733 1328 3812 expetisse
1349 3732 1548 3812 colloquium
1571 3734 1711 3796 Erasmi.

512 3816 597 3891 Quid
626 3816 781 3889 facerent,
808 3817 835 3876 si
860 3816 967 3876 isthuc
993 3817 1265 3895 commigrassem,
1295 3816 1508 3895 viderentque
1533 3835 1593 3877 nos
1616 3824 1713 3879 arcta

512 3899 736 3961 familiaritate
758 3901 910 3960 iunctos?
961 3899 1094 3959 Miseret
1115 3918 1166 3959 me
1188 3898 1335 3978 profecto
1357 3899 1473 3960 talium
1494 3901 1709 3980 ingeniorum.

512 3983 598 4045 Nam
622 3984 649 4044 si
670 3983 754 4043 tales
776 3988 855 4043 sunt
876 3983 933 4061 qui
955 3982 1133 4062 perfectam
1155 3984 1313 4062 pietatem
1335 3983 1435 4044 titulo
1456 3990 1613 4062 vesteque
1634 4004 1710 4064 pro-

468 4093 500 4129 10
513 4066 658 4139 fitentur,
674 4065 753 4144 quid
769 4065 1009 4145 expectandum
1024 4065 1067 4126 ab
1084 4065 1133 4126 his
1148 4085 1230 4144 quos
1249 4067 1305 4126 1211
1319 4067 1502 4127 mundanos
1516 4067 1711 4145 appellant?

513 4148 576 4211 Sed
591 4149 652 4210 hac
668 4149 709 4210 de
723 4169 757 4210 re
773 4150 932 4228 copiosius
947 4149 1100 4229 respondi
1115 4149 1264 4210 Mallario
1279 4151 1443 4210 communi
1457 4151 1571 4210 amieo.

553 4232 693 4293 Abunde
707 4231 868 4293 malorum
884 4233 935 4293 hic
950 4239 1030 4306 2121,
1045 4234 1174 4294 2112221
1194 4233 1275 4293 nihil
1289 4233 1465 4294 accederet.
1510 4233 1711 4314 Iampridem

512 4315 648 4377 infestat
657 4335 716 4377 nos
725 4315 921 4394 pestilentia,
932 4335 1017 4393 quae
1026 4316 1170 4377 desinere
1179 4318 1291 4376 nescit.
1329 4314 1463 4377 Summa
1472 4335 1580 4377 12122
1589 4319 1711 4380 caritas

513 4400 629 4460 crescit
642 4398 756 4460 indies.
790 4397 876 4471 Quid
890 4400 934 4459 sit
948 4403 1163 4476 sequuturum
1178 4400 1273 4460 nouit
1286 4400 1384 4460 deus:
1407 4399 1487 4460 mihi
1500 4420 1711 4479 nequaquam

469 4508 500 4557 15
513 4483 645 4563 placent
669 4482 814 4560 auguria.
858 4482 903 4542 Et
927 4487 1040 4542 tamen
1065 4482 1308 4543 incommodum
1336 4488 1387 4542 est
1412 4482 1487 4543 huie
1516 4485 1711 4563 corpusculo

513 4571 641 4626 mutare
656 4564 781 4637 nidum,
797 4570 837 4625 vt
849 4566 914 4625 iam
929 4565 1071 4625 maxime
1085 4572 1197 4626 tutum
1213 4567 1266 4626 sit.
1297 4566 1444 4627 Narrant
1459 4567 1599 4627 Γ121222
1614 4568 1710 4629 ador-

513 4667 592 4709 nare
613 4655 681 4710 tres
702 4649 875 4720 exercitus,
896 4667 1036 4727 quorum
1058 4668 1125 4709 vno
1145 4650 1291 4710 incurrat
1309 4651 1344 4710 in
1362 4649 1530 4711 Austriam
1553 4651 1711 4714 aduersus

597 4791 672 4840 2472.
690 4803 747 4840 111.
761 4803 898 4840 ausono
911 4791 956 4840 K:
975 4790 1155 4841 nonaoqu.
1205 4827 1208 4836 .
1242 4793 1266 4841 8.
1285 4791 1429 4842 iunctosJ
1438 4810 1445 4842 ι
1463 4792 1576 4843 uinctos
1588 4793 1625 4843 N.

546 4976 621 5025 2472.
640 4992 665 5040 4.
683 4975 881 5041 221216121114).
894 4989 969 5038 2424.
1139 4974 1336 5034 Observants;
1355 4992 1401 5026 see
1412 4976 1467 5042 Ep.
1480 4991 1556 5041 2441.
1568 4981 1630 5040 6511.

547 5057 623 5103 9-10.
641 5042 691 5108 qui
710 5079 716 5092 .
737 5079 743 5092 .
763 5079 769 5092 .
788 5042 971 5108 profitentur]
985 5042 1087 5094 sethe
1174 5057 1213 5092 11.
1231 5044 1375 5108 respondi]
1386 5043 1441 5109 Ep.
1455 5047 1530 5107 2466.
