4042 5900
388 670 483 750 2360]
735 670 858 734 FROM
878 671 996 735 JOHN
1018 672 1223 735 VLATTEN
1563 677 1582 735 7

387 830 572 911 principum
593 836 767 903 conuentu,
789 831 847 909 qui
868 836 927 892 aut
948 850 1109 892 summam
1130 850 1246 911 pacem
1264 837 1325 892 aut
1343 832 1583 893 cruentissimas

387 913 586 975 saediciones
599 914 693 975 nobis
706 914 859 993 presagit,
869 932 935 974 non
945 915 1177 993 nugacissimas
1191 913 1365 993 tragedias,
1375 934 1442 975 non
1455 916 1583 993 iniquas
1596 938 1612 988 3

386 998 595 1077 imposturas,
610 1015 677 1057 non
690 996 887 1058 tirannidem
903 997 1077 1076 plusquam
1094 996 1275 1059 Phalaridis
1293 1004 1453 1077 expectas,
1469 1016 1583 1059 verum

387 1100 428 1141 ea
449 1099 513 1159 que
535 1079 644 1141 forent
668 1079 711 1140 ad
732 1080 1006 1159 tranquillitatem
1027 1082 1106 1159 reip.
1132 1079 1344 1154 Christianae,
1370 1080 1584 1159 Euangelicae

387 1163 557 1224 doctrinae
571 1164 807 1224 incrementum
821 1169 856 1224 et
869 1162 1063 1225 Germaniae
1077 1169 1188 1224 nostre
1202 1163 1351 1226 salutem.
1395 1162 1458 1225 Sed
1471 1170 1584 1225 metuo

388 1266 430 1307 ne
450 1248 606 1308 meretrix
628 1246 686 1307 illa
711 1246 913 1325 Babylonica
934 1246 976 1308 de
997 1266 1057 1308 suo
1077 1247 1196 1326 poculo
1221 1247 1308 1307 bona
1332 1267 1372 1309 ex
1394 1254 1489 1327 parte
1509 1267 1583 1327 pro·

387 1330 517 1391 ceribus
541 1331 685 1391 misceat.
728 1328 790 1391 Cor
815 1330 999 1409 principum
1024 1331 1059 1390 in
1082 1348 1182 1391 manu
1207 1330 1357 1404 Domini;
1389 1350 1583 1409 quocunque
1599 1356 1630 1392 ro

387 1412 488 1485 volet,
504 1412 676 1475 inclinabit
690 1412 781 1474 illud.
825 1412 913 1474 Deus
933 1419 1001 1493 opt.
1017 1432 1104 1475 max.
1120 1413 1201 1474 velit
1214 1420 1326 1474 nostre
1345 1415 1488 1475 misereri
1502 1416 1584 1475 sorti

386 1503 422 1558 et
437 1516 496 1575 per
510 1496 593 1569 illos,
605 1496 798 1557 illuminatis
806 1515 920 1557 eorum
934 1498 1060 1569 animis,
1072 1517 1132 1558 ceu
1147 1517 1205 1577 per
1219 1496 1350 1576 publica
1363 1497 1584 1559 instrumenta

387 1598 503 1660 pacem
526 1598 619 1640 suam
642 1580 736 1641 nobis
758 1581 991 1641 transmittere.
1036 1578 1099 1641 Sed
1127 1599 1242 1642 vereor
1266 1599 1344 1641 sane
1368 1599 1410 1641 ne
1434 1582 1502 1641 sint
1526 1582 1584 1659 qui

387 1664 531 1742 optimos
544 1662 675 1723 illorum
690 1668 827 1725 conatus
840 1664 1064 1727 interturbent
1077 1670 1177 1742 atque
1196 1664 1230 1724 in
1249 1664 1416 1724 sinistrum
1436 1663 1583 1725 trahant.

387 1746 552 1807 Inuictiss.
571 1744 704 1808 Carolus
725 1745 842 1807 Caesar
862 1746 1016 1819 conciliis,
1039 1746 1176 1808 decretis
1196 1754 1338 1826 patrum,
1360 1747 1520 1808 hactenus
1541 1746 1629 1820 ab15

388 1829 535 1891 Ecclesia
563 1829 745 1890 obseruatis
769 1830 957 1890 ceremoniis
982 1849 1049 1890 non
1070 1829 1294 1908 derogandum
1315 1829 1384 1891 fore
1404 1831 1582 1891 existimat.

388 1912 570 1974 Lutherani
584 1914 744 1993 principes
755 1919 855 1991 atque
870 1913 934 1973 illis
944 1912 1074 1973 foedere
1088 1914 1253 1974 coniuncti
1263 1919 1423 1992 quantam
1435 1913 1583 1987 decretis,

387 1996 541 2070 conciliis,
556 1998 744 2057 ceremoniis
758 1996 855 2058 fidem
869 1996 1061 2069 concedant,
1076 1998 1157 2058 satis
1171 2015 1331 2076 superque
1344 2002 1471 2058 notum.

429 2078 481 2141 Ne
494 2079 535 2140 de
549 2079 812 2159 transmigrando
826 2080 948 2159 cogites
961 2078 1096 2140 consulo
1110 2080 1299 2159 priusquam
1315 2085 1448 2159 portum
1463 2079 1584 2140 habeas

388 2164 455 2224 tuis
480 2162 578 2224 rebus
599 2169 717 2242 aptum
740 2169 840 2241 atque
869 2182 889 2223 a
917 2163 1116 2224 tumultibus
1140 2162 1365 2241 tranquillum.
1417 2162 1525 2237 Quare
1550 2169 1583 2223 te
1597 2187 1630 2223 2ο

387 2265 500 2307 rursus
521 2245 654 2307 obsecro
675 2252 714 2307 vt
733 2245 853 2307 indicas
874 2265 953 2307 num
975 2246 1008 2307 in
1030 2246 1187 2326 Principis
1209 2247 1314 2307 nostri
1336 2246 1461 2307 dicione
1476 2246 1583 2307 locum

388 2329 531 2409 aliquem
552 2328 624 2390 iore
644 2330 810 2390 existimes
827 2330 885 2408 qui
906 2330 973 2389 tuis
995 2328 1238 2390 condicionibus
1255 2335 1423 2408 congruat.
1467 2329 1582 2408 Aquis·

387 2432 526 2492 granum
548 2414 685 2473 nimium
706 2412 826 2474 habere
848 2413 973 2492 priscae
994 2412 1151 2473 ruditatis
1176 2419 1277 2491 atque
1300 2414 1409 2491 inepte
1430 2413 1583 2492 supersti-

387 2497 499 2569 cionis,
521 2494 674 2557 Coloniae
696 2515 828 2575 regnare
849 2495 1036 2568 monachos,
1058 2494 1152 2557 Oard.
1173 2495 1343 2557 Leodiensi
1356 2496 1500 2557 vicinum
1514 2496 1584 2556 fore

387 2598 455 2640 non
468 2580 651 2651 conuenire,
666 2598 755 2640 areas
770 2585 803 2640 te
817 2585 972 2652 metuere,
984 2579 1076 2639 aulas
1089 2578 1209 2658 iugera,
1219 2598 1259 2639 ex
1275 2579 1342 2640 tuis
1357 2579 1459 2640 literis
1473 2578 1583 2658 explo—
1598 2601 1630 2650 25

386 2668 499 2724 ratum
513 2662 627 2723 habeo.

431 2745 640 2807 Hermannus
656 2763 763 2806 comes
782 2744 967 2807 Nuenarius
983 2751 1133 2807 extrema
1152 2744 1342 2807 valetudine
1356 2745 1505 2818 laborat;
1528 2746 1585 2806 sad

388 2848 484 2909 spero
499 2828 676 2890 Dominum
690 2848 783 2890 suam
798 2829 990 2908 dignitatem
1005 2829 1236 2890 roboratarum
1255 2834 1356 2907 atque
1377 2828 1471 2890 nobis
1485 2848 1584 2907 quam

388 2912 571 2974 diutissime
586 2918 865 2975 conseruaturum.
894 2911 1046 2974 Felicitas
1055 2912 1137 2986 vale,
1149 2914 1201 2974 vir
1210 2912 1251 2974 de
1265 2932 1317 2974 me
1326 2914 1449 2993 optime
1460 2913 1583 2986 merite,

388 3003 424 3057 et
439 3016 501 3070 me,
517 3003 557 3057 vt
570 2997 661 3070 facis
676 3016 760 3058 ama.
804 2996 973 3076 Augustae
988 2997 1160 3076 9Augusti
1175 3007 1219 3056 a0.
1233 2997 1282 3058 30.
1319 2996 1370 3057 Sic
1385 3003 1583 3075 extempore.
1598 3018 1631 3068 3ο

1035 3079 1125 3141 Tuus
1140 3080 1280 3141 Ioannes
1294 3099 1315 3140 a
1329 3079 1465 3140 Vlatten
1478 3086 1541 3141 etc.

431 3187 605 3332 Erutgitiss.
624 3189 695 3250 viro
716 3188 756 3250 D.
780 3189 918 3249 Erasmo
940 3187 1173 3260 Boterodamo,
1195 3189 1301 3249 amico
1322 3194 1508 3249 reuerenter
1529 3188 1584 3249 ob·

386 3290 507 3334 saruan
531 3290 559 3332 o.

625 3424 783 3490 ²³1⁴2361.
831 3425 884 3490 Το
900 3423 1052 3490 Conana
1069 3442 1114 3489 or
1130 3424 1349 3490 Τ2222922.

427 3537 634 3610 Oopenhagen
646 3537 711 3593 MS.
725 3536 761 3592 G.
775 3537 817 3592 K.
832 3537 862 3592 S.
877 3552 913 3604 95
926 3536 1003 3602 For,
1018 3536 1040 3591 f.
1055 3552 1109 3607 214
1124 3540 1174 3606 (a).
1338 3536 1496 3607 Freiburg.

426 3613 459 3669 J.
466 3613 635 3756 Iszany(
649 3629 680 3683 p.
695 3616 749 3679 69:
769 3612 809 3667 N.
823 3629 854 3683 p.
868 3627 941 3679 995:
962 3612 1060 3667 Lond.
1074 3630 1148 3667 xxv.
1163 3616 1217 3681 36:
1280 3628 1311 3667 11
1326 3614 1450 3683 August
1465 3626 1546 3681 2539.

423 3799 482 3861 [An
493 3798 653 3863 autograph
664 3796 845 3862 rough-dralt
858 3797 910 3858 (cl)
922 3798 1033 3848 reviaed
1044 3798 1084 3862 by
1095 3798 1230 3848 Erasmus
1241 3797 1355 3847 himself
1365 3797 1417 3857 (α’)
1429 3798 1509 3847 later.
1545 3798 1585 3847 As

387 3868 418 3917 in
431 3865 507 3931 Epp.
519 3879 596 3925 2299,
608 3868 684 3928 2326,
696 3878 772 3929 2329,
784 3878 893 3928 2339-2,
906 3866 981 3928 2338,
994 3865 1045 3915 the
1056 3871 1198 3930 secretary
1208 3864 1248 3928 (β)
1259 3864 1331 3914 adds
1342 3864 1392 3914 the
1404 3863 1546 3928 heading]

461 3979 760 4025 nnvmnmssmo
775 3980 813 4024 m
828 3979 969 4024 cnms'ro
980 3979 1080 4024 ram
1095 3979 1137 4025 Ao
1151 3979 1348 4024 mumma.
1363 3978 1514 4023 samem

527 4064 560 4109 D.
576 4063 735 4109 OONBADO
750 4062 1018 4109 Hunnffommffls
1033 4063 1215 4109 nooman
1230 4061 1389 4107 nrlscoro
1404 4063 1447 4107 ET

554 4146 755 4192 omnnrsms
770 4147 939 4192 martem
954 4147 1036 4193 Dvc1
1050 4145 1204 4192 EBASMVS
1218 4146 1338 4191 BO'I'BR.
1355 4146 1381 4192 S.
1391 4146 1424 4192 D.

433 4247 553 4309 anna
564 4265 709 4326 vnquam
719 4246 960 4308 commendatio
973 4249 1070 4308 cessit
1081 4247 1217 4319 felicius,
1227 4247 1433 4307 ornatissime
1441 4245 1586 4320 Praesul,

424 4357 501 4408 2361.
518 4369 575 4406 222.
599 4356 662 4406 odd.
684 4355 717 4419 βε
742 4368 825 4406 nass.
849 4369 915 4407 nor.
936 4371 965 4407 n.
987 4369 1126 4407 99222229
1144 4368 1350 4405 2229222229.
1371 4368 1529 4405 2992222222
1548 4368 1586 4405 22

389 4436 574 4548 οιωτηῧ)
591 4436 739 4472 22229222
757 4435 827 4472 2292
843 4436 866 4473 s.
884 4423 907 4473 J
924 4422 1328 4485 (w1aoansvao...nvc1J.
1345 4435 1437 4472 22229.
1455 4435 1585 4472 222922-

389 4503 521 4542 222922,
578 4527 584 4540 .

325 4614 330 4621 ’
425 4608 502 4658 2660.
523 4622 562 4656 ro.
580 4607 634 4657 Cor
643 4606 815 4672 principum]
826 4606 869 4658 cf.
879 4608 963 4659 Prov.
1082 4607 1209 4671 portum]
1217 4607 1260 4656 Cf.
1270 4607 1345 4673 Epp.
1354 4620 1429 4670 2325.
1439 4607 1498 4665 289,
1510 4619 1584 4668 2332.

391 4689 433 4727 21·
449 4689 473 4726 1·
1015 4687 1057 4737 70.
1067 4687 1142 4737 2³55·
1153 4687 1195 4737 71.
1205 4677 1448 4736 2365·23.2371-3·
1458 4686 1584 4737 ²41⁰·92·

428 4756 468 4792 11.
486 4742 568 4802 sorti]
579 4740 750 4806 apparently
762 4741 806 4790 ior
817 4741 907 4791 sortia
1048 4755 1090 4805 24.
1108 4741 1267 4802 leodiensi]
1282 4740 1324 4790 ci.
1341 4739 1416 4804 Epp.
1433 4742 1506 4803 2467.
1525 4740 1585 4798 282,

426 4823 468 4870 19.
486 4807 724 4872 transmigrando]
738 4807 781 4858 cf.
796 4808 871 4872 Epp
886 4809 961 4870 2368.
1014 4821 1089 4858 2222.
1101 4822 1163 4866 222,
1177 4821 1252 4869 2590.
1267 4810 1327 4857 2622.

390 4893 417 4941 4,
435 4889 511 4940 2379.
532 4876 605 4933 16-8,
623 4888 698 4939 2372.
715 4889 792 4939 22-4,
810 4888 885 4939 2374.
906 4877 963 4932 2-6,
1047 4886 1088 4936 25.
1106 4873 1249 4935 22922102.
1262 4873 1316 4938 Ep.
1330 4885 1404 4923 2222.
1420 4885 1509 4937 23-24.

390 4956 467 5007 2375.
496 4945 573 5006 54-6,
606 4942 681 5004 2383.
711 4954 787 5004 59-2,
816 4955 891 5005 2397.
923 4955 963 5002 29,
1047 4954 1089 5004 27.
1107 4941 1277 5001 Nuenarius]
1297 4938 1343 4990 He
1359 4938 1425 4989 died
1441 4945 1474 4989 at
1496 4941 1586 5004 Auga-

391 5024 467 5075 2429.
480 5012 574 5074 4969.
1014 5007 1135 5072 burgen
1146 5021 1180 5057 20
1191 5005 1255 5057 Oct.
