4042 5900
340 665 435 746 2444]
800 666 856 730 ro
877 668 1068 742 omnum
1472 673 1531 734 (11

607 841 701 887 DRAS.
717 842 965 889 Bomonfflvs
979 845 1145 899 vamo
1158 845 1221 891 SVO
1235 845 1262 891 S.

381 932 572 994 Momauvs
592 952 652 995 suo
673 934 807 996 functus
825 942 877 997 est
898 937 1023 998 officio:
1045 937 1219 999 admonuit
1232 958 1284 1000 me
1299 940 1358 1012 tui,
1373 939 1532 1018 iussitque

339 1016 406 1076 tuis
419 1015 528 1077 verbis
542 1017 677 1079 saluere.
721 1017 784 1080 Sed
804 1018 883 1097 quid
903 1019 965 1081 hoc
983 1025 1035 1081 est
1048 1023 1119 1082 rei?
1161 1021 1252 1082 Nihil
1266 1020 1357 1083 aliud
1370 1041 1423 1083 me
1437 1021 1478 1083 de
1497 1029 1532 1083 te

338 1100 419 1159 scire
440 1098 583 1175 voluisti,
607 1102 669 1161 nisi
693 1102 782 1180 quod
803 1104 895 1182 cupis
915 1105 1046 1183 agnosci
1071 1123 1130 1184 pro
1152 1110 1248 1166 meo?
1290 1105 1358 1166 Nec
1379 1106 1467 1167 enim
1491 1105 1532 1166 de

338 1181 455 1243 studiis
476 1184 553 1257 tuis,
573 1189 633 1245 aut
653 1203 761 1246 rerum
782 1192 916 1247 tuarum
935 1192 1029 1248 statu
1042 1188 1180 1249 verbum
1195 1187 1308 1249 vllum.
1352 1189 1424 1250 Iam
1443 1187 1533 1268 quod

338 1266 432 1345 petia,
453 1266 645 1345 iampridem
667 1288 687 1329 a
708 1288 761 1330 me
781 1269 907 1330 iactum
928 1277 997 1331 est:
1020 1273 1133 1351 scripsi
1152 1272 1223 1345 tibi,
1244 1271 1301 1333 sed
1315 1291 1358 1333 an
1373 1273 1561 1352 scriptums

338 1368 447 1409 meum
471 1352 632 1430 acceperis
656 1354 773 1413 nescio.
817 1352 880 1426 Qui
902 1355 1022 1433 possim
1048 1361 1161 1416 autem
1185 1360 1220 1416 te
1242 1354 1388 1434 profiteri
1412 1374 1533 1429 meum,

338 1451 440 1511 quum
455 1438 494 1494 tu
508 1452 560 1494 me
573 1440 707 1496 tuarum
721 1454 829 1497 rerum
843 1436 925 1498 nihil
939 1438 1021 1498 scire
1035 1437 1138 1499 velis?
1169 1437 1202 1500 Si
1213 1439 1264 1499 vis
1277 1440 1389 1511 amari,
1401 1444 1534 1518 praesta

337 1522 372 1576 te
392 1517 584 1579 amabilem:
607 1523 641 1578 et
658 1520 686 1580 si
702 1520 752 1579 vie
771 1526 810 1581 vt
832 1539 1005 1599 agnoscam
1028 1527 1061 1582 te
1081 1541 1201 1596 meum,
1221 1521 1274 1583 iac
1295 1529 1336 1582 vt
1352 1522 1534 1601 intelligam

338 1598 463 1677 liquido
475 1620 529 1661 me
542 1620 612 1662 esse
631 1606 736 1664 tuum.
780 1602 856 1665 Non
873 1602 953 1664 haee
972 1603 1089 1678 scribo,
1104 1605 1194 1684 quod
1213 1606 1336 1667 sinistri
1356 1606 1533 1684 quicquam

339 1681 379 1743 de
393 1688 428 1743 te
442 1686 596 1763 suspicer,
611 1684 669 1745 sed
683 1692 722 1746 vt
735 1685 779 1747 ad
793 1687 935 1748 officium
948 1688 1099 1749 excitem.
1136 1689 1277 1750 Panicus
1290 1690 1354 1750 iste
1368 1687 1533 1750 tumultus
1547 1703 1579 1740 10

338 1785 435 1844 quem
449 1768 610 1829 excitauit
624 1787 716 1829 meus
729 1768 967 1844 Ciceronianus,
978 1771 1059 1831 facit
1073 1778 1112 1832 vt
1126 1772 1297 1851 aliquanto
1310 1774 1418 1833 minus
1432 1791 1533 1851 quam

338 1848 427 1910 soleo
441 1849 541 1912 fidam
556 1849 725 1913 Gallorum
740 1854 886 1932 ingeniis.
930 1853 1019 1915 Bene
1033 1854 1115 1916 vale.

380 1932 530 2013 Friburgi
544 1935 598 1996 vii.
615 1935 665 1996 Id.
681 1936 817 1997 Martias
830 1936 927 1998 Anno
938 1957 958 1997 a
972 1936 1103 1999 Christo
1116 1944 1197 2000 nato
1211 1955 1381 2001 unum.

626 2295 784 2363 ²⁴⁸⁰2445.
831 2294 884 2361 To
906 2295 1077 2361 Marsus
1100 2296 1239 2363 Karrz.

375 2423 503 2479 Munich
515 2423 580 2479 MS.
594 2424 660 2479 Fol.
674 2426 712 2479 A.
727 2425 798 2480 Lat.
812 2441 841 2479 a.
858 2426 902 2479 18.
1298 2424 1456 2495 Freiburg.

374 2498 406 2553 J.
420 2515 451 2569 p.
466 2500 520 2567 85(
543 2500 585 2554 K.
599 2516 630 2570 p.
644 2512 698 2569 97:
718 2499 759 2555 N.
772 2517 803 2572 p.
820 2501 909 2555 1018:
1242 2515 1273 2553 11
1288 2499 1396 2554 March
1411 2513 1493 2569 1531.

413 2573 511 2629 Lond.
525 2575 609 2629 xxvi.
626 2576 677 2629 18:
697 2576 762 2630 LB.
779 2579 860 2645 1163.

371 2690 443 2751 [The
450 2694 635 2759 manuscript,
645 2694 675 2743 in
684 2710 702 2743 a
711 2694 782 2744 xviv.
792 2693 879 2752 hand,
887 2708 945 2743 was
951 2693 1098 2758 evidently
1104 2693 1203 2759 copied
1212 2692 1332 2757 directly
1339 2708 1372 2743 or
1382 2691 1533 2757 indirectly

338 2758 411 2808 from
419 2760 470 2809 the
478 2760 605 2825 original,
616 2776 649 2810 as
660 2762 684 2811 it
695 2761 773 2825 gives
784 2762 834 2811 the
846 2761 999 2825 signatura,
1011 2777 1030 2810 a
1040 2761 1206 2826 postscript,
1213 2760 1271 2810 and
1281 2760 1332 2810 the
1342 2759 1468 2809 addresa.
1502 2758 1532 2809 It

338 2826 362 2874 11
373 2826 470 2875 bound
484 2828 513 2876 in
525 2828 594 2877 with
610 2843 628 2876 a
643 2828 764 2877 number
776 2828 806 2878 ol
821 2828 904 2877 other
918 2827 985 2878 lolio
996 2840 1044 2877 111.
1056 2827 1151 2877 leaves
1161 2832 1193 2877 at
1204 2827 1255 2876 the
1266 2827 1322 2876 end
1333 2827 1363 2876 ol
1374 2842 1412 2875 an
1424 2825 1531 2876 edition

337 2892 367 2941 ol
385 2893 504 2954 Horace,
522 2893 618 2944 edited
635 2895 674 2960 by
691 2894 798 2944 Locher
814 2893 1003 2954 Philomusus,
1022 2893 1182 2959 strasburg,
1201 2894 1243 2943 Io.
1259 2892 1415 2952 Reinhard,
1430 2906 1530 2958 eogno-

337 2966 435 3011 mento
446 2960 613 3026 Gununger,
627 2963 701 3026 1498,
713 2977 777 3012 now
788 2963 817 3011 in
826 2961 876 3012 the
884 2961 1051 3026 University
1062 2962 1166 3025 library
1174 2967 1206 3010 at
1216 2961 1341 3010 Munich.
1375 2959 1436 3010 The
1446 2958 1532 3010 letter

337 3026 367 3076 ol
378 3026 513 3077 Erasmus
524 3028 549 3077 11
560 3029 610 3079 the
621 3028 689 3093 only
700 3029 778 3093 pieee
789 3029 819 3078 in
831 3029 889 3078 this
900 3028 987 3087 hand,
999 3029 1057 3078 and
1067 3029 1198 3093 occupies
1208 3027 1264 3077 flve
1275 3026 1357 3077 lolios
1367 3028 1482 3077 written
1493 3041 1532 3077 on

337 3092 387 3144 the
402 3100 480 3144 recto
495 3095 572 3159 only.
606 3095 667 3146 The
682 3101 741 3146 rest
753 3096 784 3146 ol
800 3096 851 3146 the
868 3108 916 3146 us.
933 3095 1028 3145 leaves
1044 3111 1092 3145 ara
1109 3096 1261 3145 xv⁰.-xvi⁰.
1279 3094 1375 3160 copies
1390 3095 1464 3144 from
1481 3092 1532 3145 the

336 3159 486 3212 rhetorical
496 3162 623 3227 writings
633 3163 664 3212 ol
675 3162 791 3224 Cicero]

338 3285 370 3329 D.
386 3284 540 3330 DRASMVS
554 3285 804 3331 Romaenfflvs
818 3285 989 3330 ABSOLVTO
1003 3285 1182 3330 mnouooo
1202 3284 1356 3329 muman
1375 3282 1532 3328 nauem

616 3369 752 3414 bucano
768 3369 810 3413 ΕΤ
824 3369 1067 3414 accessuram
1081 3369 1256 3414 MONACDN.

379 3459 410 3522 S.
426 3461 466 3522 D.
510 3461 599 3535 Quae
628 3461 668 3522 de
693 3463 825 3522 nouatis
853 3461 950 3522 isthic
975 3461 1073 3522 rebus
1101 3460 1224 3534 scribis,
1253 3458 1310 3521 sed
1338 3478 1404 3521 non
1433 3457 1531 3532 solus,

337 3564 456 3623 magno
477 3564 552 3605 oum
573 3546 674 3606 animi
695 3544 806 3606 dolore
826 3544 899 3624 legi.
943 3544 1065 3607 Vereor
1082 3543 1217 3624 nequid
1232 3544 1287 3604 isti
1302 3543 1430 3604 ciuitati
1445 3543 1532 3603 inter

337 3626 545 3689 Germanicas
569 3630 763 3709 praecipuae
788 3635 861 3689 tum
886 3628 1071 3689 nobilitatis
1094 3634 1167 3688 tum
1193 3626 1379 3707 opulentiae
1403 3624 1532 3686 accidat

337 3711 426 3790 quod
440 3712 609 3774 nollemus.
651 3710 770 3774 Caesar
784 3711 886 3774 habet
899 3731 990 3772 acres
1004 3712 1079 3784 iras,
1093 3730 1153 3772 nee
1168 3730 1285 3791 parum
1299 3709 1418 3770 excelsi
1430 3709 1532 3770 animi

337 3801 388 3855 est
403 3814 460 3855 rex
475 3795 709 3857 Ferdinaudus.
752 3794 835 3857 Cum
850 3795 957 3856 Turca
971 3797 1067 3856 aiunt
1080 3795 1150 3856 lore
1163 3793 1288 3855 foedus.
1331 3792 1399 3854 Nec
1410 3791 1532 3852 desunt
1544 3812 1560 3863 5

337 3879 394 3956 qui
408 3876 539 3939 Caesari
553 3886 588 3940 et
602 3879 699 3940 huius
712 3898 868 3959 germano
882 3878 956 3958 plus
971 3879 1053 3939 satis
1066 3879 1214 3950 irritatis,
1235 3875 1429 3938 suffundent
1443 3875 1530 3954 irigi·

336 3962 424 4034 dam,
446 3968 481 4022 et
501 3962 609 4023 oleum
631 3962 758 4024 addant
781 3964 918 4024 camino.
970 3962 1110 4022 Diuinat
1133 3963 1249 4040 opinor
1273 3966 1333 4020 tua
1356 3958 1532 4038 prudentia

337 4063 420 4123 quos
431 4047 580 4107 sentiam.
625 4045 666 4107 In
679 4046 829 4125 proximo
845 4052 924 4107 sunt
938 4045 1100 4107 Bauariae
1114 4044 1230 4105 duces:
1253 4043 1300 4104 hii
1314 4062 1390 4122 quo,
1400 4060 1531 4121 quaeso,

337 4130 529 4208 speciosiore
548 4130 648 4191 titulo
665 4134 800 4209 possent
816 4148 933 4209 augere
952 4129 1112 4190 ditionem
1131 4147 1224 4189 suam
1245 4146 1346 4207 quam
1365 4144 1530 4204 expugna-

337 4218 447 4273 tarum
462 4213 647 4287 haereseon,
662 4233 701 4275 ac
715 4220 942 4294 propugnatae
956 4212 1032 4273 fidei
1046 4211 1251 4274 catholicae?
1286 4209 1405 4272 Nescio
1418 4227 1462 4270 an
1475 4208 1531 4269 isti
1546 4228 1578 4265 10

337 4295 425 4357 malo
439 4296 588 4357 nonnihil
602 4296 790 4358 addiderint
804 4297 977 4377 purpurati
988 4295 1133 4375 quidam,
1142 4296 1200 4374 qui
1214 4313 1289 4356 cum
1303 4312 1369 4354 uon
1381 4294 1531 4370 ignorent

337 4398 377 4439 ex
389 4378 471 4440 luxu
482 4380 637 4458 fastuque
651 4380 858 4442 sacerdotum
873 4381 1080 4460 potissimum
1089 4385 1203 4440 natam
1214 4385 1249 4439 et
1259 4377 1436 4439 conflatam
1447 4374 1530 4436 hanc

370 4498 445 4547 2445.
469 4511 527 4548 rrr.
551 4497 632 4548 MS:
662 4511 796 4549 11111111
818 4511 884 4547 aer.
902 4511 1038 4548 mm
1055 4509 1207 4546 11111111
1224 4505 1442 4545 concionamur
1463 4504 1487 4542 1.
1508 4491 1531 4542 J

337 4566 626 4624 (concionaroarom.
635 4565 664 4615 N
667 4565 685 4626 ).
758 4580 781 4615 1.
799 4565 827 4616 S.
835 4565 870 4615 D.
879 4564 970 4615 om.J.
1033 4567 1059 4615 6.
1077 4563 1143 4629 plus
1149 4564 1220 4614 11111
1231 4561 1350 4612 irritatis
1361 4558 1442 4609 MR:
1460 4559 1532 4609 11111

336 4630 646 4764 {tugvligffiirlitatisd
715 4633 740 4682 8.
758 4631 974 4698 (1111111αά11.
1042 4645 1118 4692 9-10.
1136 4628 1392 4696 expugnandamm
1405 4664 1411 4676 .
1426 4664 1432 4677 .
1447 4640 1530 4692 .pro·

341 4795 445 4884 1111.
465 4848 488 4884 1.
506 4796 671 4895 nolanus]
693 4832 736 4884 cr.
757 4833 811 4899 sp.
832 4834 907 4896 2380.
958 4832 1091 4898 ingfrom
1102 4828 1409 4894 emtumwucer,
1421 4827 1531 4892 though

338 4915 382 4952 1n.
417 4901 545 4968 Nothing
559 4903 583 4951 is
596 4902 700 4952 known
713 4900 744 4950 11
755 4900 909 4951 Montanus
959 4900 1010 4950 the
1022 4898 1107 4949 letter
1118 4897 1186 4948 (1111
1194 4904 1247 4947 not
1257 4895 1380 4946 survive.

335 4969 452 5035 viaiting
463 4969 598 5019 Erasmus
605 4969 704 5019 atthis
715 4968 794 5028 time,
804 4966 862 5018 and
873 4966 910 5018 he
992 4966 1068 5016 244⁵.
1082 4966 1107 5015 8.
1121 4963 1261 5016 Β1111111
1266 4960 1531 5022 ducealfleeRanko

336 5051 403 5100 may
413 5035 519 5100 merely
533 5036 606 5086 have
619 5035 723 5101 passed
736 5049 774 5086 cn
787 5050 806 5085 1
818 5040 908 5100 great·
959 5032 1033 5084 11111.
1042 5031 1177 5098 Reme.
1185 5043 1230 5090 m,
1242 5030 1286 5080 ch.
1296 5045 1327 5079 v:
1362 5028 1391 5079 k.
1403 5040 1432 5090 v,
1441 5028 1486 5079 oh.
1498 5028 1528 5079 ii.
