4042 5900
486 648 547 709 roa
811 646 1009 710 10110110
1032 646 1313 711 0110010000
1586 653 1685 728 [1531

486 807 636 879 florenos,
648 825 751 884 quum
764 804 940 885 plusquam
954 814 1030 868 octo
1044 812 1219 868 coronatos
1233 814 1333 870 antea
1343 808 1489 870 dederim
1503 807 1687 869 liberaliter

487 889 611 968 absque
625 895 732 969 pacto.
777 888 884 962 Quum
900 888 1082 952 Glareanus
1100 891 1233 964 diceret,
1248 910 1315 953 non
1334 910 1404 952 essa
1417 892 1593 971 prestitam
1608 911 1687 953 con-

488 973 647 1034 ditionem
670 992 770 1051 quam
796 991 997 1052 exceperam,
1024 973 1113 1035 Trib.
1140 974 1327 1053 respondit:
1351 975 1467 1035 Potest
1489 993 1585 1054 agere
1609 994 1687 1036 cum

445 1077 476 1127 15
488 1055 650 1118 Luscinio.
694 1055 795 1130 Quasi
809 1056 851 1117 ob
866 1056 956 1118 aliud
970 1058 1152 1137 exceperim
1167 1057 1301 1119 domum
1315 1057 1452 1119 liberam
1467 1076 1569 1136 quam
1588 1065 1628 1119 vt
1646 1077 1689 1118 na

489 1158 617 1219 agerem
631 1159 706 1201 cum
721 1139 882 1201 Luscinio.
926 1140 972 1201 Et
985 1140 1156 1201 Luscinius
1171 1160 1236 1201 non
1251 1140 1350 1202 semel
1370 1141 1553 1221 predicauit
1567 1160 1602 1202 00
1621 1140 1689 1202 col·

489 1223 665 1301 loquutum
680 1242 755 1284 cum
773 1223 930 1294 Tribun0,
946 1242 1087 1302 eumque
1106 1224 1198 1285 aliud
1216 1225 1279 1302 ipsi
1297 1224 1418 1285 dixisse
1438 1243 1538 1303 quam
1554 1224 1690 1285 dixerat

490 1306 580 1368 mihi.
624 1305 708 1367 Rem
731 1307 845 1386 scripsi
861 1306 1018 1380 Tribuno,
1040 1313 1075 1368 et
1096 1307 1208 1369 addidi
1229 1307 1403 1387 epistolam
1422 1307 1566 1368 Luscinii
1586 1327 1691 1369 manu

491 1390 657 1469 scriptam,
681 1390 715 1449 in
739 1409 805 1468 qua
829 1395 881 1451 ter
903 1390 1051 1451 vindicat
1073 1390 1135 1452 sibi
1157 1392 1209 1451 ius
1236 1392 1271 1451 in
1299 1390 1385 1452 hanc
1410 1391 1545 1452 domum
1569 1396 1690 1453 totam.

446 1492 479 1530 20
492 1472 657 1534 Tribunus
671 1473 817 1534 nondum
832 1473 1012 1553 respondit.
1036 1473 1136 1535 Cuius
1145 1473 1303 1535 cuniculis
1314 1473 1393 1535 haec
1404 1481 1556 1553 agantur,
1568 1476 1691 1536 nescio.

535 1556 690 1617 Furiosus
698 1556 824 1630 Eccius,
833 1558 900 1617 imo
909 1562 1025 1635 terque
1036 1564 1218 1636 quaterque
1227 1557 1385 1630 rabiosus,
1398 1557 1512 1618 multis
1524 1558 1695 1619 nobilibus

493 1641 665 1720 persuasit,
675 1639 849 1701 Erasmum
860 1660 930 1701 esse
941 1660 1107 1701 summum
1118 1640 1339 1701 Haereticum.
1382 1640 1500 1702 Caesar
1511 1640 1638 1720 colligit
1649 1641 1694 1701 ab

494 1723 646 1785 omnibus
666 1723 871 1804 Principibus
893 1723 1118 1804 chirographa,
1136 1725 1193 1802 qui
1212 1723 1318 1784 velint
1332 1725 1445 1785 adesse
1468 1724 1696 1785 restituendae

494 1806 667 1867 Ecclesiae.
711 1806 873 1867 Videntur
894 1805 977 1868 illud
997 1808 1111 1880 vereri,
1134 1826 1175 1868 ne
1196 1814 1272 1886 post
1289 1827 1443 1869 excussos
1461 1807 1642 1868 monachos
1659 1812 1696 1867 et

450 1907 481 1956 25
495 1889 680 1951 sacerdotes
694 1890 828 1951 tandem
843 1892 1054 1952 excutiantur
1068 1895 1103 1950 et
1116 1891 1188 1970 ipsi.
1232 1890 1318 1964 Quid
1336 1891 1488 1951 futurum
1503 1891 1556 1963 sit,
1572 1892 1695 1951 nescio.

495 1972 565 2053 Ego
580 1972 644 2034 alio
659 1975 775 2052 cogito,
792 1973 850 2034 sed
864 1973 1011 2034 nondum
1026 1975 1130 2034 statui
1144 1992 1218 2052 quo.
1263 1972 1297 2034 Si
1310 1974 1373 2035 tibi
1387 1973 1596 2035 commodum
1607 1979 1699 2034 esset

495 2058 658 2136 expatiari
672 2056 761 2117 feriis
774 2056 992 2135 paschalibus,
1008 2056 1211 2119 conferemus
1226 2058 1367 2136 quedam
1382 2077 1467 2136 quae
1482 2056 1560 2118 nolo
1573 2056 1699 2118 litteris

496 2141 711 2201 committere.
755 2140 843 2201 Bene
858 2140 941 2202 vale.

539 2222 689 2303 Friburgi
704 2222 733 2284 8.
749 2222 816 2285 Cal.
832 2222 970 2304 Apriles.

452 2325 485 2375 30
1392 2307 1550 2369 Erasmus
1563 2312 1654 2368 tuus.

540 2412 670 2475 Clarias.
687 2415 765 2477 Viro
780 2416 819 2477 D.
836 2415 1006 2477 Bonifatio
1020 2415 1238 2477 Amerbachio
1252 2415 1279 2477 Ι.
1296 2416 1333 2477 V.
1354 2414 1498 2477 Doctori.
1537 2414 1699 2476 Basileae.

770 2729 870 2790 2463.
918 2724 1025 2789 saon
1049 2722 1238 2790 N1cnoms
1262 2722 1376 2789 01011.

538 2870 711 2941 Esterhazy
723 2868 788 2924 MS.
802 2886 833 2940 p.
847 2872 911 2923 226.
1451 2868 1616 2924 Ratisbon.

539 2947 604 3003 OE.
621 2959 683 3015 127.
1405 2960 1441 3013 25
1454 2943 1563 3000 March
1579 2960 1662 3015 1531.

677 3097 711 3141 N.
728 3096 806 3140 OLAI
821 3096 866 3139 AD
882 3095 1045 3140 ERASMVM
1059 3095 1317 3140 BOTEBODAMVM
1331 3095 1528 3140 RESPONSIO.

544 3205 633 3267 Nom
648 3205 769 3277 mirari,
784 3205 830 3264 mi
845 3203 989 3277 Erasmc,
1005 3204 1095 3282 quod
1114 3203 1158 3265 ad
1177 3210 1252 3264 tuas
1273 3203 1386 3264 literas
1407 3223 1512 3283 nuper
1533 3202 1704 3282 Augustae

504 3290 585 3350 mihi
599 3289 745 3349 redditas
759 3289 794 3347 in
812 3286 899 3349 hunc
919 3287 1005 3348 diem
1027 3306 1094 3348 non
1117 3287 1348 3367 responderim.
1392 3286 1479 3347 Nam
1500 3289 1527 3347 si
1548 3288 1705 3366 cogitaris

504 3373 637 3453 quantis
659 3373 819 3432 iactemur
840 3373 875 3432 in
897 3371 979 3431 aulis
1002 3372 1187 3450 principum
1207 3373 1302 3443 curis,
1321 3369 1488 3431 laboribus
1507 3377 1543 3431 et
1564 3389 1704 3449 occupa-

504 3456 660 3528 tionibus,
675 3460 824 3533 atquem
844 3456 970 3515 incerta
989 3457 1033 3514 sit
1049 3462 1164 3516 nostra
1182 3455 1216 3514 in
1231 3474 1298 3515 vno
1311 3453 1384 3514 loco
1397 3454 1593 3533 permansio,
1607 3452 1705 3514 facile

475 3539 585 3601 51111111
603 3540 734 3600 veniam
754 3538 848 3599 dabis
867 3538 907 3599 de
927 3539 1075 3617 preteriti
1096 3539 1253 3617 temporis
1275 3539 1513 3610 taciturnitate,
1531 3538 1706 3616 presertim

505 3625 533 3685 si
553 3628 630 3702 post
652 3621 712 3682 hoc
734 3621 939 3701 frequentius
957 3621 1001 3682 ad
1019 3626 1053 3682 10
1073 3622 1238 3701 scripsero.
1282 3619 1462 3700 Scripseras
1477 3620 1622 3681 seculum
1641 3620 1706 3680 hoc

505 3706 613 3769 multa
620 3707 751 3786 gignere
761 3705 931 3767 hominum
943 3710 1108 3784 portenta,
1118 3724 1201 3783 quae
1213 3709 1246 3764 te
1255 3703 1468 3783 plaerumquc
1479 3705 1513 3764 in
1525 3704 1706 3764 maximam

506 3792 661 3853 duxerint
674 3789 919 3862 turbacioncm3
942 3789 1138 3850 charitatem
1157 3793 1192 3848 01
1211 3788 1451 3848 humanitatem
1467 3806 1554 3848 nunc
1568 3786 1686 3865 frigere
1698 3809 1706 3860 ;

507 3874 677 3935 simulatas
692 3892 761 3933 esse
775 3873 957 3946 amicicias;
979 3871 1177 3950 multosque,
1193 3889 1275 3949 quos
1290 3870 1372 3932 fidos
1386 3872 1556 3950 putaueris
1573 3871 1706 3943 amicos,

463 3969 494 4005 10
507 3965 542 4020 et
564 3957 760 4037 quibuscum
785 3956 868 4017 bene
893 3955 1017 4028 feceris,
1039 3975 1077 4016 00
1100 3955 1261 4034 aquibus
1283 3955 1365 4015 bene
1386 3954 1562 4015 merebaris
1583 3952 1708 4014 oblitos

508 4043 613 4104 omnis
630 4041 847 4102 humanitatis
862 4059 882 4100 a
897 4046 930 4100 te
945 4040 1133 4118 turpissime
1152 4038 1333 4109 desciuisse,
1354 4044 1389 4098 et
1407 4057 1448 4098 ex
1468 4039 1580 4098 amicis
1599 4036 1708 4097 iactos

509 4125 569 4187 tibi
584 4125 694 4186 hostes
708 4122 874 4203 capitales.
917 4121 1008 4183 Nihil
1022 4123 1142 4183 mirum
1156 4128 1217 4194 est,
1232 4122 1278 4181 mi
1292 4121 1437 4194 Erasme,
1449 4122 1477 4181 si
1488 4121 1634 4181 homines
1644 4118 1708 4180 hac

508 4214 675 4289 postrema
690 4206 790 4267 seculi
804 4213 915 4268 aetate
930 4225 1005 4266 cum
1020 4206 1223 4285 temporibus
1241 4210 1423 4276 mutentur,
1439 4205 1590 4283 quamuis
1604 4202 1707 4264 bono-

509 4311 583 4353 rum
609 4290 723 4352 cadem
751 4296 802 4351 001
827 4308 954 4369 semper
979 4291 1178 4361 constancia,
1202 4288 1317 4349 eadem
1339 4289 1446 4348 virtus
1470 4289 1561 4348 etin
1586 4287 1709 4347 amicos

465 4385 495 4434 15
508 4376 698 4437 humanitas
712 4393 750 4434 ac
764 4372 1004 4435 beneuolentia.
1046 4372 1268 4433 Inueniuntur
1279 4377 1390 4432 tamen
1404 4389 1638 4450 saepenumero
1651 4371 1711 4448 qui

544 4559 619 4610 2462.
635 4573 675 4608 12.
694 4557 846 4623 plusquam
851 4562 917 4608 octo
922 4558 1084 4619 coronatos]
1134 4556 1237 4607 should
1248 4557 1320 4606 have
1332 4557 1382 4606 tha
1394 4557 1482 4605 house
1495 4553 1622 4605 ‘libera’.

511 4627 608 4690 InEp.
617 4625 825 4690 2470Erasmua
834 4625 964 4689 explains
971 4625 1085 4684 thatin
1169 4637 1210 4673 21.
1229 4623 1341 4684 Eccius]
1354 4623 1404 4673 See
1416 4622 1471 4687 Ep.
1484 4623 1550 4684 2387
1563 4621 1669 4671 introd.

510 4693 639 4744 addition
650 4699 682 4743 1ο
692 4707 710 4742 a
722 4692 849 4756 gratuity
860 4693 891 4742 oi
903 4708 920 4755 4
934 4706 1043 4741 crowns
1054 4695 1086 4741 to
1169 4690 1244 4740 2463.
1260 4705 1282 4740 1.
1295 4689 1402 4749 literas]
1411 4695 1462 4738 not
1469 4695 1586 4746 extant;
1598 4688 1710 4753 though

511 4761 560 4810 the
580 4760 703 4817 tribune,
724 4759 760 4808 he
780 4757 837 4807 had
860 4758 927 4822 paid
948 4758 1008 4807 him
1029 4757 1086 4808 five
1137 4757 1234 4808 Olah's
1241 4756 1581 4807 letterseemstoreierto
1589 4760 1711 4806 matters

510 4842 619 4877 orowns
629 4841 667 4876 on
679 4829 800 4874 account
811 4823 842 4874 oi
851 4825 969 4903 repaire.
1136 4824 1260 4874 touched
1271 4839 1308 4872 on
1320 4824 1350 4872 in
1362 4822 1416 4886 Ep.
1429 4835 1505 4884 2303.

511 4891 1085 5023 aia.ii”133⁸3ni·i¹it¹3⁰a,;i.tt
1135 4888 1712 5022 instilithffffi‘gtltstti

512 5026 715 5077 hsdnotbeen
727 5024 879 5085 iulflllcd’;
897 5025 950 5075 viz.
967 5025 1034 5075 that
1048 5024 1085 5075 hs
1135 5039 1185 5090 pp.
1200 5036 1307 5074 110-11.
