4042 5900
330 695 425 773 2431]
573 690 630 754 ro
650 688 846 754 wrmmn
867 690 995 754 nunu
1017 688 1073 752 or
1092 688 1255 752 chavus
1464 689 1523 753 131

330 852 527 933 Augustum,
549 850 705 931 quicquid
725 869 864 929 vsquam
886 849 1004 912 talium
1025 854 1273 931 praeceptorum
1293 854 1411 911 nactus
1429 854 1523 925 esset,

332 936 580 998 describendum
594 953 708 995 curare
722 933 866 1007 solitum,
880 940 915 996 et
928 933 972 995 ad
986 935 1080 994 varia
1096 933 1168 995 loca
1187 934 1326 995 mittere.
1370 932 1525 995 Videmus
1537 955 1587 992 220

330 1025 443 1081 autem
457 1019 570 1100 priscis
585 1017 649 1079 illis
664 1017 866 1098 sapientibus
885 1016 946 1079 hoc
965 1018 1142 1097 praecipuo
1159 1016 1259 1078 fuisse
1278 1016 1398 1090 studio,
1414 1023 1453 1077 vt
1473 1036 1525 1079 res

330 1104 445 1183 dignas
466 1103 599 1182 cognitu
620 1100 802 1181 voluptatis
822 1100 974 1162 illecebra
994 1101 1114 1162 teneris
1135 1101 1268 1179 ingeniis
1284 1102 1471 1174 insererent,
1485 1120 1524 1162 ac

329 1186 421 1247 rudis
445 1190 537 1247 aetas
564 1183 709 1246 nondum
737 1189 869 1245 matura
897 1184 987 1244 seriis
1010 1182 1235 1264 philosophiae
1260 1185 1442 1264 praeceptis
1467 1203 1525 1264 per

330 1268 439 1330 lusum
453 1268 592 1330 disceret
605 1286 690 1347 quae
709 1286 767 1347 per
786 1286 915 1328 omnem
937 1267 1042 1329 vitam
1059 1285 1177 1346 magno
1196 1265 1305 1328 forent
1325 1268 1407 1329 veui.
1452 1267 1524 1329 Hoc

331 1352 465 1414 consilio
487 1350 777 1431 cosmographiam,
801 1350 1012 1430 astrologiam
1033 1357 1069 1412 et
1089 1351 1257 1424 musicam,
1278 1350 1464 1412 naturalem
1485 1370 1524 1412 ac
1537 1375 1586 1425 225

330 1435 487 1497 moralem
508 1433 748 1515 philosophiam
772 1434 852 1495 scite
874 1432 1021 1495 confictis
1044 1433 1166 1495 fabulis
1186 1439 1222 1494 et
1245 1433 1391 1513 apologis
1415 1453 1522 1515 asper·

329 1525 452 1582 serunt.

373 1602 413 1664 In
427 1602 478 1663 his
492 1620 570 1662 vero
583 1600 705 1662 nostris
718 1599 919 1661 videbuntur
932 1618 1001 1661 esse
1023 1600 1185 1679 quaedam
1201 1619 1286 1680 quaa
1304 1599 1385 1660 nihil
1399 1599 1524 1662 faciant

330 1686 374 1747 ad
397 1684 500 1747 bonos
523 1703 638 1757 mores,
660 1683 717 1745 sed
738 1684 839 1744 risum
859 1683 958 1745 modo
978 1688 1217 1745 commoneant.
1259 1682 1310 1744 Ne
1332 1684 1367 1745 id
1391 1684 1523 1763 quidem

331 1770 414 1831 vitio
428 1768 573 1830 dandum
591 1767 753 1840 existimo,
769 1767 835 1827 risu
854 1785 1090 1845 nonnunquam
1107 1766 1253 1827 relaxare
1274 1767 1419 1829 animum
1438 1769 1523 1829 curis
1536 1795 1586 1845 230

328 1852 517 1932 fatigatum,
532 1850 631 1912 modo
645 1851 729 1911 risus
743 1850 787 1911 sit
801 1856 938 1929 argutus
952 1869 990 1911 ac
1004 1849 1156 1911 liberalis.
1193 1849 1284 1911 Haec
1298 1851 1385 1911 euim
1398 1850 1521 1912 exhila-

330 1942 407 1997 rant
425 1955 464 1996 ac
484 1939 639 2013 vegetant
655 1935 811 1995 iuuenum
830 1934 968 2012 ingenia,
983 1953 1042 1994 nec
1061 1933 1267 1994 mediocriter
1283 1932 1409 1995 faciunt
1427 1934 1523 1996 etad

330 2020 420 2080 vitae
434 2019 624 2080 comitatem
639 2022 674 2077 et
687 2015 731 2077 ad
745 2016 901 2078 orationis
919 2016 1168 2078 iucunditatem.
1211 2015 1297 2090 Quid
1317 2018 1404 2078 euim
1421 2019 1523 2097 magis

330 2102 463 2163 edulcat
488 2102 532 2162 M.
554 2100 654 2162 Tullii
676 2100 861 2173 dictionem,
885 2119 986 2178 quam
1008 2099 1099 2179 quod
1121 2119 1194 2161 eam
1219 2099 1405 2161 huiuamodi
1427 2102 1523 2162 dictis

329 2184 468 2247 subinde
488 2184 624 2246 condit?
659 2181 745 2256 Quid
766 2202 862 2263 porro
883 2189 961 2245 sunt
983 2182 1153 2245 Plutarchi
1178 2183 1323 2257 Moralia,
1345 2185 1406 2244 nisi
1428 2184 1523 2246 aulea
1536 2209 1585 2261 23⁵

332 2268 520 2330 huiusmodi
540 2266 704 2329 coloribus
719 2267 909 2346 picturata?
931 2267 1002 2327 Iam
1024 2266 1081 2328 illa
1102 2285 1186 2346 quae
1206 2268 1348 2328 maxime
1369 2267 1524 2329 videntur

331 2351 478 2426 ridicula,
493 2349 669 2412 tractando
683 2349 768 2411 fiunt
781 2350 874 2411 seria.
918 2349 1004 2425 Quid
1018 2351 1104 2410 euim
1118 2351 1221 2430 magis
1236 2349 1409 2411 ridiculum
1423 2370 1523 2430 quam

330 2435 491 2515 Diogenes
505 2436 539 2495 in
558 2433 691 2495 meridie
709 2452 784 2494 cum
803 2432 934 2494 lucerna
956 2432 1180 2506 obambulans,
1195 2439 1230 2495 et
1251 2433 1415 2495 hominem
1436 2435 1524 2495 sein

332 2518 497 2598 frequenti
518 2517 591 2579 foro
608 2535 763 2595 quaerere
784 2515 964 2578 dictitans?
984 2515 1031 2577 At
1052 2517 1182 2578 interim
1203 2516 1339 2578 ridendo
1360 2517 1522 2591 discimus,

333 2621 400 2663 non
413 2620 483 2662 esse
496 2602 610 2662 statim
625 2600 771 2661 homines
785 2601 843 2679 qui
852 2601 992 2679 speciem
1002 2599 1282 2673 habenthominis,
1292 2619 1391 2679 quam
1402 2600 1526 2663 habent
1537 2628 1588 2680 240

329 2691 365 2746 et
379 2690 519 2756 statuae,
535 2683 593 2744 sed
607 2690 646 2744 vt
660 2684 807 2744 inuenies
821 2683 985 2744 hominem
999 2684 1245 2763 inuestigandus
1258 2690 1310 2744 est
1323 2684 1461 2745 animus.
1490 2684 1524 2745 Is

332 2770 360 2829 si
381 2774 472 2829 recta
488 2768 614 2829 ratione
633 2766 765 2827 ducitur
785 2767 997 2846 potiusquam
1018 2766 1149 2839 affectu,
1164 2773 1237 2829 tum
1259 2767 1391 2828 demum
1412 2786 1523 2848 reppe-

331 2852 404 2912 risti
419 2851 592 2912 hominem.
635 2849 722 2911 Item
743 2850 824 2928 quid
843 2869 945 2928 aeque
966 2848 1141 2911 ridiculum
1160 2855 1261 2929 atque
1281 2849 1371 2929 quod
1392 2850 1523 2930 Phryne

332 2934 493 3016 stipulata
515 2940 554 2996 vt
580 2932 669 3014 quod
690 2934 762 3013 ipsa
782 2934 871 3014 prior
891 2933 1023 3007 faceret,
1045 2932 1131 2995 idem
1152 2938 1299 2995 caeterae
1320 2933 1470 2996 mulieres
1490 2935 1524 2996 in

332 3019 485 3080 conuiuio
503 3017 648 3079 facerent
667 3036 796 3078 omnes:
819 3036 952 3078 manum
973 3016 1023 3077 bis
1044 3036 1149 3096 aquae
1170 3019 1355 3079 immersam
1374 3018 1525 3080 admouit
1538 3045 1586 3097 ²45

335 3102 446 3175 fronti,
472 3101 532 3162 hoc
556 3107 742 3162 commento
763 3119 881 3180 magno
905 3101 1052 3162 omnium
1074 3101 1140 3162 risu
1163 3101 1302 3181 prodens
1324 3108 1526 3164 caeterarum

330 3185 432 3258 fucos,
458 3204 561 3263 quum
582 3185 655 3264 ipsa
675 3183 843 3245 rideretur
862 3184 963 3245 etiam
984 3182 1178 3246 formosior?
1198 3183 1262 3246 Sed
1283 3184 1335 3245 hic
1360 3186 1443 3246 risus
1465 3205 1525 3247 nos

333 3268 430 3329 docet
454 3268 541 3329 idem
564 3268 654 3347 quod
677 3267 760 3328 serio
785 3266 870 3328 dixit
892 3265 1051 3341 Socrates,
1074 3274 1113 3329 vt
1137 3267 1221 3329 tales
1243 3286 1312 3329 esse
1334 3269 1524 3330 studeamus

331 3351 444 3431 quales
459 3351 572 3412 haberi
586 3350 735 3423 velimus,
749 3370 791 3412 ne
805 3350 955 3412 detracto
969 3349 1045 3413 fuco
1061 3370 1122 3430 pro
1139 3351 1243 3431 gloria
1263 3351 1349 3413 male
1367 3351 1525 3414 affectata

330 3442 535 3515 reportemus
557 3435 777 3513 ignominiam.
821 3434 927 3496 Docet
950 3440 986 3495 et
1007 3433 1099 3508 illud,
1121 3454 1162 3496 ne
1182 3435 1328 3496 nitamur
1349 3434 1443 3496 bonis
1467 3455 1522 3496 ex·
1537 3462 1586 3511 250

330 3519 432 3579 ternis
446 3518 618 3597 durisque,
633 3536 718 3596 quae
739 3518 838 3578 variis
856 3517 986 3579 casibus
1004 3517 1101 3579 facile
1119 3519 1303 3598 eripiuntur
1319 3518 1452 3590 homini,
1467 3519 1524 3581 sed

329 3621 483 3681 paremus
504 3620 599 3663 veras
621 3621 700 3681 opes
724 3601 835 3674 animi,
857 3601 892 3662 in
917 3620 999 3679 quas
1024 3600 1152 3663 nullum
1178 3602 1230 3662 ius
1252 3601 1354 3663 hahet
1378 3601 1522 3664 fortuna.

330 3685 476 3746 'l'antum
490 3685 592 3745 aeriae
606 3683 830 3764 philosophiae
844 3683 1009 3746 docetnos
1019 3684 1103 3745 illud
1113 3684 1287 3747 ridiculum
1298 3685 1524 3747 meretriculae

329 3767 465 3829 factum.
510 3767 649 3829 Proinde
664 3786 854 3847 quanquam
868 3767 990 3846 alioqui
1005 3769 1126 3828 seueris
1140 3768 1322 3829 rationibus
1335 3769 1524 3831 institueret

329 3853 418 3913 ciues
432 3870 509 3912 suos
523 3850 700 3930 Lycurgus,
711 3857 824 3912 tamen
838 3851 989 3912 liberales
1003 3852 1091 3912 iocos
1100 3851 1164 3912 illis
1175 3852 1356 3914 nonsolum
1365 3854 1522 3932 permisit,
1537 3878 1587 3928 25⁵

331 3935 510 3996 sedetiam
532 3935 706 4015 praecepit.
750 3934 904 3995 Instituit
928 3935 1015 3995 euim
1037 3936 1286 3996 exercitamenti
1308 3954 1411 4014 genus
1434 3935 1524 4015 quod

330 4017 443 4096 λέσχας
457 4017 656 4097 appellabat,
671 4017 715 4079 ad
736 4017 826 4096 quod
842 4017 1082 4080 conueniebant
1101 4019 1243 4080 seniores
1264 4020 1328 4079 iam
1348 4038 1369 4080 a
1385 4019 1524 4100 publicis

329 4100 555 4162 functionibus
583 4102 720 4174 emeriti,
743 4100 860 4180 lepidis
889 4101 985 4162 dictis
1014 4101 1267 4180 liberalibusque
1289 4103 1368 4164 iocis
1394 4108 1524 4183 tempus

329 4204 404 4246 cum
414 4184 587 4264 voluptate
597 4185 869 4257 transmittentes,
879 4185 937 4245 sed
946 4203 1031 4263 quae
1042 4184 1094 4245 vel
1104 4184 1183 4263 <ed>
1193 4185 1322 4246 honesti
1329 4185 1461 4246 laudem
1470 4185 1524 4246 vel

330 4268 373 4330 ad
388 4268 544 4329 vitiorum
559 4269 836 4348 vituperationem
851 4268 1080 4329 conducerent.
1124 4267 1209 4342 Quin
1223 4276 1259 4330 et
1277 4271 1405 4348 signum
1424 4268 1523 4330 collo·
1538 4284 1587 4330 260

329 4352 420 4414 cauit
431 4349 550 4412 Γέλωτι
560 4351 632 4424 deo,
643 4351 678 4412 id
688 4356 748 4424 est,
759 4350 863 4424 Risui,
873 4351 962 4429 quod
972 4352 1182 4414 utilissimum
1197 4352 1357 4413 iudicaret
1367 4351 1524 4413 modestia

329 4434 457 4496 facetiis
470 4435 655 4496 animorum
666 4436 811 4514 vigorem
823 4453 976 4507 recreare,
988 4441 1023 4496 et
1033 4434 1077 4496 ad
1092 4435 1244 4497 honestos
1258 4435 1386 4496 labores
1401 4435 1525 4496 alacres

329 4517 475 4592 reddere,
490 4518 623 4596 quando
637 4519 671 4578 in
686 4518 783 4579 rebus
796 4517 948 4579 humanis

538 4599 634 4674 Quod
648 4608 738 4663 caret
751 4601 880 4663 alterna
894 4601 1004 4680 requie
1019 4601 1167 4663 durabile
1180 4621 1247 4662 non
1261 4607 1321 4662 est.

330 4682 416 4757 Quin
430 4690 466 4745 et
479 4682 667 4746 Cleomenes
681 4685 764 4747 adeo
778 4704 911 4746 seuerus
929 4690 969 4745 vt
987 4703 1047 4745 nec
1067 4685 1193 4759 mimos,
1208 4703 1268 4746 nec
1286 4683 1449 4765 psaltrias,
1464 4703 1524 4748 nec
1537 4698 1587 4760 265

386 4807 444 4844 222.
463 4809 539 4844 aco:
557 4808 654 4859 quoy.
739 4808 799 4860 244.
817 4792 894 4859 vtfl:
913 4793 1076 4860 priusvta.
1144 4807 1202 4857 232.
1220 4792 1335 4860 quasti:
1352 4808 1463 4859 quaec.

363 4978 422 5042 238.
440 4978 590 5044 Diogenes]
607 4978 758 5043 Apoptst„
780 4978 842 5029 Lib.
860 4977 900 5038 iii,
984 4980 1045 5042 264.
1063 4976 1146 5037 Quod
1165 4981 1243 5028 caret
1266 5011 1275 5027 .
1297 5011 1305 5026 .
1331 5013 1339 5028 .
1361 4976 1418 5039 est]
1439 4976 1524 5038 Ovid,

328 5045 410 5111 Diog.
422 5046 465 5110 63.
951 5044 1062 5096 Heroid.
1075 5061 1101 5110 4.
1113 5045 1156 5107 89.
