4042 5900
388 638 482 717 2587]
722 637 779 701 ro
800 637 980 701 corano
1001 636 1246 701 sociamus
1518 639 1579 699 4or

386 798 467 858 nihil
493 798 594 875 egisse
619 797 796 859 videantur
817 796 1058 877 χρηματολόγοι.
1102 797 1187 871 Quid
1208 816 1268 877 ego
1292 797 1414 859 audio?
1460 796 1581 857 Euenit

387 880 482 942 nobis
504 880 595 953 illud,
617 879 678 959 πρὸ
699 888 755 960 τῆς
774 879 860 961 νίκης
876 880 1040 959 ἐγκώμιον.
1083 880 1244 959 Equidem
1261 880 1413 953 mirabar,
1436 880 1494 941 sed
1513 899 1580 940 non

388 963 551 1025 audebam
567 964 628 1024 tibi
643 971 712 1025 tem
727 965 814 1025 clare
828 965 1005 1026 affirmanti
1019 964 1168 1025 ἀπιστεῖν.
1212 964 1275 1025 Hic
1289 970 1340 1025 est
1359 963 1457 1025 ludus
1474 962 1579 1024 Curti·

388 1066 550 1108 sanorum.
594 1046 828 1109 Commendaui
848 1054 882 1109 te
903 1047 1055 1109 Valdesio
1071 1067 1137 1109 non
1158 1047 1371 1126 indiligenter,
1391 1065 1580 1125 quanquam
1594 1066 1628 1116 4ο

388 1131 534 1192 nondum
550 1132 649 1191 etiam
669 1132 735 1191 scio
754 1130 844 1210 apud
863 1150 946 1210 quoa
967 1138 1086 1210 agatur
1106 1150 1213 1192 causa.
1257 1130 1411 1191 Libenter
1432 1137 1467 1191 et
1487 1131 1580 1191 Cam·

388 1216 482 1293 pegio
504 1221 538 1275 te
559 1214 829 1287 commendarem,
848 1215 909 1275 nisi
928 1233 1056 1275 vererer
1069 1234 1110 1275 ne
1128 1233 1185 1294 per
1201 1214 1403 1275 occasionem
1421 1213 1580 1274 efficerem

388 1304 449 1358 tuo
463 1299 602 1376 negotio.
646 1296 711 1358 Sed
725 1298 817 1359 breui
831 1304 969 1377 expecto
982 1297 1053 1359 fore
1064 1305 1103 1358 vt
1117 1297 1256 1376 vigilans
1270 1297 1411 1369 audiam,
1427 1297 1579 1357 Vicimus.

430 1379 586 1459 Caminga
597 1385 688 1442 totus
698 1386 863 1459 quatuor?
891 1380 995 1460 Atqui
1006 1400 1153 1443 summae
1161 1381 1297 1441 deerant
1307 1379 1416 1459 plures
1425 1385 1580 1457 quatuor·

388 1464 503 1536 decim,
518 1466 553 1524 ni
566 1463 672 1525 fallor.
716 1464 806 1525 Nihil
820 1484 966 1543 unquam
981 1464 1049 1525 vidi
1063 1463 1119 1525 illo
1136 1465 1253 1524 iuuene
1266 1464 1384 1523 vanius
1397 1468 1458 1524 aut
1476 1482 1580 1524 moro·
1595 1481 1629 1533 45

389 1548 464 1607 sius.
509 1546 661 1627 Suspicor
675 1547 835 1609 offensum
855 1547 1011 1628 proximis
1028 1547 1131 1608 literis
1152 1549 1242 1619 meis,
1263 1547 1383 1625 quibus
1404 1545 1582 1625 significaui

389 1650 440 1691 me
462 1630 542 1690 nihil
568 1631 678 1710 fugere
700 1631 741 1692 de
762 1631 854 1692 adita
875 1630 984 1704 Italia,
1006 1651 1109 1710 quum
1135 1632 1265 1691 iuterim
1290 1629 1332 1691 ad
1354 1649 1406 1690 me
1428 1630 1583 1690 scriberet

388 1714 482 1774 velut
493 1733 511 1773 e
523 1714 633 1775 Frisia.
677 1714 722 1774 Et
733 1714 813 1775 haec
825 1714 956 1793 quidem
966 1716 1047 1775 ioco.
1091 1714 1255 1774 Hortatus
1269 1718 1381 1774 autem
1396 1732 1468 1773 sum
1479 1713 1581 1774 homi·

389 1816 472 1868 nem,
484 1803 522 1855 vt
532 1817 606 1856 cum
616 1798 720 1857 amico
730 1797 867 1877 simplici
877 1797 1067 1876 simpliciter
1075 1804 1195 1875 ageret.
1222 1797 1290 1858 Nec
1299 1797 1384 1857 alter
1394 1796 1491 1875 Hayo
1500 1796 1581 1857 Her·

389 1881 841 1959 mannusseribitquioquam,
851 1880 974 1953 Alardi,
984 1882 1019 1941 ni
1027 1879 1133 1952 fallor,
1144 1900 1258 1959 opera:
1275 1882 1331 1957 qui
1340 1899 1445 1958 nuper
1454 1880 1583 1958 scripsit
1596 1900 1629 1949 5ο

390 1962 590 2041 Hieronymo
611 1964 780 2037 Frobeuio,
803 1970 837 2025 se
858 1972 1033 2024 venturum
1059 1963 1221 2025 Basileam
1244 1982 1318 2024 cum
1341 1964 1583 2024 commentariis

389 2048 456 2106 suis
473 2047 507 2106 in
523 2066 621 2125 opera
636 2046 803 2126 Rodolphi
815 2046 992 2127 Agricolae,
1008 2048 1036 2107 si
1050 2046 1150 2107 vellet
1164 2048 1295 2107 mittere
1309 2047 1477 2119 viaticum,
1493 2053 1527 2107 et
1541 2046 1583 2107 de

390 2131 525 2190 caeteris
546 2149 651 2209 aequa
672 2131 818 2191 mercede
838 2131 966 2210 paciaci.
1009 2130 1050 2191 ln
1067 2150 1120 2191 me
1137 2132 1287 2209 concepit
1305 2130 1416 2190 odium
1432 2129 1582 2209 capitale,

390 2213 479 2290 quod
500 2214 535 2273 in
553 2211 763 2274 Ciceroniano
782 2216 825 2275 sit
843 2214 1050 2294 praeteritus.
1094 2212 1184 2287 Quae
1205 2219 1358 2293 portenta
1379 2214 1483 2292 giguit
1503 2212 1583 2273 haec
1634 2230 1639 2239 ·

389 2301 503 2356 aetas?
545 2295 702 2376 Caminga
726 2316 785 2358 uec
807 2298 967 2358 iritandus
988 2303 1048 2369 est,
1071 2316 1130 2357 nec
1151 2296 1323 2358 curandus.
1367 2296 1516 2370 Quatuor
1537 2296 1584 2356 illi
1597 2319 1629 2368 55

389 2378 503 2439 floreni
528 2380 578 2439 tui
606 2387 715 2453 sunto,
744 2381 801 2458 qui
826 2387 885 2442 tuo
908 2386 1043 2460 sumptu
1058 2382 1182 2440 miseris
1207 2379 1270 2441 huc
1293 2379 1454 2440 medicum
1480 2379 1582 2439 Theo·

390 2461 518 2523 drinoki
533 2462 704 2536 famulum,
719 2482 779 2524 neo
794 2465 968 2542 quicquam
988 2463 1081 2524 dedit
1100 2463 1329 2541 Hieronymus,
1345 2463 1423 2524 licet
1439 2469 1514 2523 tota
1533 2481 1584 2523 res

389 2546 432 2606 ad
447 2545 539 2605 illum
554 2548 741 2626 pertineret.

433 2628 520 2702 Quas
534 2629 678 2709 appelles
692 2631 857 2710 proximas
871 2630 993 2703 literas,
1008 2631 1125 2691 nescio.
1162 2630 1237 2691 Non
1248 2630 1334 2690 enim
1350 2649 1461 2690 omnes
1475 2628 1518 2689 ad
1532 2647 1584 2689 me

390 2712 608 2791 perferuntur.
652 2712 693 2773 In
712 2713 831 2792 quibus
848 2713 909 2774 hoc
928 2715 1023 2792 petis,
1039 2733 1140 2791 quum
1155 2713 1278 2774 tuerint
1294 2715 1434 2792 scriptae
1451 2712 1498 2773 16.
1515 2711 1581 2773 Cal.
1597 2725 1631 2773 60

390 2796 539 2874 Augusti,
555 2796 617 2856 sub
631 2795 728 2856 finem
743 2796 938 2857 Nouembris
951 2796 1033 2857 mibi
1051 2803 1130 2858 sunt
1149 2796 1305 2857 redditae.
1348 2796 1401 2857 Ad
1421 2814 1503 2875 quas
1520 2815 1583 2857 rea·

391 2879 491 2958 pondi
516 2898 575 2958 per
595 2878 764 2940 Galterum
787 2880 953 2958 quondam
973 2878 1171 2940 eanonicam
1194 2880 1335 2940 Traiecti
1356 2879 1530 2959 superioris
1549 2885 1585 2939 et

392 2962 512 3022 leodii.
557 2962 708 3023 Valdesio
722 2982 789 3023 non
803 2964 925 3042 scripsi,
942 2963 1032 3041 quod
1046 2983 1112 3024 non
1126 2963 1301 3024 videbatur
1314 2964 1465 3024 aditurus
1474 2962 1583 3023 aulam

392 3046 493 3106 breui.
538 3045 599 3106 Per
620 3065 695 3107 eum
716 3053 750 3106 et
773 3046 914 3107 Martino
936 3046 1057 3126 Lypsio
1079 3048 1201 3126 scripsi,
1220 3053 1265 3119 et,
1283 3047 1416 3125 quando
1434 3048 1502 3125 ipse
1523 3046 1584 3106 hoc

392 3128 574 3207 flagitabat,
585 3128 696 3202 Hezio,
707 3130 764 3207 qui
774 3149 877 3208 quum
888 3129 1015 3191 Romae
1025 3149 1077 3191 me
1088 3131 1281 3209 inpoteutur
1291 3137 1426 3202 amaret,
1436 3149 1585 3190 reuersus
1598 3142 1631 3203 65

392 3213 426 3272 in
454 3213 596 3291 patriam
626 3212 757 3273 videtur
781 3213 890 3274 factus
918 3213 1010 3275 alius.
1055 3213 1213 3286 Demiror,
1236 3233 1322 3292 quur
1347 3213 1489 3274 leuinus
1512 3218 1584 3273 tan·

392 3302 505 3373 topere
528 3296 654 3356 ambiat
675 3295 864 3357 cubicularii
888 3295 996 3357 locum
1019 3296 1108 3375 apud
1131 3296 1290 3375 Reginam
1313 3296 1461 3369 Mariam,
1483 3315 1585 3374 quum

392 3381 494 3456 magis
508 3378 556 3439 illi
570 3386 729 3457 congruat
742 3381 906 3440 secretarii
919 3399 1056 3441 munus:
1079 3379 1255 3440 obsecutus
1269 3399 1341 3441 sum
1361 3379 1448 3440 illius
1465 3380 1585 3451 animo,

393 3461 449 3521 sed
471 3481 544 3522 meo
565 3462 762 3523 reclamante
782 3464 900 3525 animo.
945 3463 1090 3525 Primum
1110 3463 1260 3524 adhaesit
1278 3461 1447 3542 Sceppero,
1467 3463 1529 3535 cui,
1548 3468 1586 3523 vt

392 3544 500 3617 audio,
527 3545 617 3606 dedit
642 3559 692 3622 50.
722 3553 894 3607 coronatos
916 3553 1043 3608 mutuo.
1088 3546 1183 3607 Nunc
1208 3544 1386 3626 Scepperus
1408 3565 1483 3607 eum
1506 3545 1587 3607 mihi
1600 3570 1633 3621 70

393 3627 506 3700 tradit,
528 3629 671 3690 scribens
693 3650 726 3689 se
743 3629 791 3690 illi
807 3629 899 3691 nulla
915 3631 950 3690 in
969 3649 1003 3690 re
1018 3649 1112 3709 posse
1126 3630 1287 3709 prodesse.
1331 3630 1444 3691 leuini
1458 3630 1586 3708 ingenio

393 3711 538 3771 nondum
563 3713 643 3773 satis
665 3711 739 3773 fido.
783 3712 970 3775 Maluissem
989 3714 1067 3774 dare
1091 3713 1211 3774 bonam
1235 3714 1389 3793 pecuniae
1413 3731 1585 3785 summam,

393 3813 492 3872 quam
507 3814 579 3856 eam
595 3796 919 3857 commendationem.
963 3796 1094 3857 Miseret
1109 3816 1160 3857 me
1175 3796 1302 3857 Erasmi
1316 3797 1429 3868 nostri,
1441 3797 1498 3875 qui
1513 3802 1585 3856 tan·

393 3883 465 3937 tum
485 3877 657 3939 vulnerum
675 3898 790 3958 passus
804 3899 863 3959 pro
882 3879 984 3940 literis
1003 3898 1091 3940 nunc
1107 3879 1288 3941 meditatur
1306 3898 1374 3940 esse
1392 3880 1586 3958 negotiator,

393 3967 432 4021 vt
453 3963 497 4021 sit
518 3962 696 4040 aliquando
715 3962 858 4024 famulus
877 3982 989 4024 eorum
1012 3982 1150 4040 quorum
1173 3968 1304 4042 poterat
1324 3982 1393 4023 esse
1415 3962 1584 4022 Dominus.
1601 3987 1633 4039 75

394 4043 614 4123 Hieronymus
639 4045 865 4107 constabiliuit
889 4066 957 4108 rem
986 4065 1089 4107 suam.
1133 4044 1221 4125 Opto
1248 4052 1287 4106 vt
1316 4045 1453 4106 feliciter
1481 4046 1587 4107 discat

393 4125 547 4207 linguam,
563 4130 620 4207 qui
635 4130 680 4190 sic
695 4129 857 4203 haesitat;
879 4137 914 4191 et
928 4129 1034 4190 bonus
1049 4129 1109 4190 fiat
1125 4130 1318 4208 negotiator,
1334 4130 1391 4208 qui
1405 4129 1472 4191 duo
1486 4129 1587 4190 verba

789 4255 831 4304 44.
849 4244 930 4290 totus
943 4240 1028 4291 bend.
1040 4258 1047 4291 ι
1065 4246 1143 4291 totos
1154 4239 1186 4290 0.

427 4393 468 4456 38.
487 4397 532 4457 τῆς
548 4392 629 4458 νίκης]
649 4393 807 4445 Goclanius’
828 4394 965 4460 expected
1016 4395 1041 4445 is
1051 4401 1154 4446 extant
1169 4395 1297 4446 between
1310 4395 1365 4460 Ep.
1380 4398 1448 4458 23⁶9
1459 4395 1502 4456 (28
1514 4395 1587 4459 Aug.

393 4462 504 4525 victory
521 4463 550 4511 in
567 4463 724 4512 connexion
741 4463 812 4513 with
828 4463 878 4513 the
894 4463 965 4513 Ant·
1019 4462 1168 4525 153otend
1185 4462 1239 4527 Ep.
1258 4475 1323 4526 2573
1340 4464 1383 4525 (23
1401 4462 1475 4512 Nou.
1494 4463 1587 4525 1530:

393 4543 470 4592 werp
483 4528 616 4592 prebend.
1017 4528 1161 4578 Erasmua’
1179 4530 1311 4593 previous
1328 4535 1431 4579 extant
1453 4528 1538 4578 letter
1556 4535 1589 4578 to

427 4610 469 4658 44.
488 4594 632 4659 Caminga]
656 4595 706 4646 See
728 4596 782 4660 Ep.
807 4598 882 4659 23⁶4·
905 4609 965 4645 11n.
1016 4595 1576 4660 GoeleniurisEp.1890(15Oct.1527).

394 4660 454 4710 The
467 4661 550 4710 letter
562 4661 682 4711 referred
695 4668 726 4713 to
738 4664 761 4712 is
773 4669 825 4712 not
836 4668 947 4713 extant.
1049 4665 1091 4711 62.
1108 4661 1267 4723 Galterum]
1285 4662 1336 4713 We
1355 4663 1429 4713 have
1448 4668 1501 4712 not
1518 4662 1590 4712 been

428 4741 469 4788 52.
483 4727 625 4792 Rodolphi
632 4728 787 4793 Agricolae]
794 4729 848 4778 For
854 4728 967 4778 Alard's
1016 4728 1080 4777 able
1090 4733 1122 4779 to
1133 4729 1263 4792 identity.

394 4794 501 4845 edition
510 4795 540 4843 of
548 4795 763 4858 Agricolaseell
788 4794 965 4859 .433introd.
1049 4797 1092 4856 64.
1110 4794 1234 4845 Martum
1250 4795 1367 4860 Lypsio]
1387 4795 1448 4845 The
1463 4795 1550 4846 letter
1566 4796 1590 4845 is

427 4864 502 4924 56-7.
521 4861 661 4912 medicum
674 4861 718 4911 'l'h
773 4861 862 4911 rineki
876 4861 966 4911 tamu·
1017 4866 1190 4912 notextant.

393 4927 465 4989 lum]
477 4928 535 4978 Not
546 4928 700 4979 identified.
1050 4931 1093 4989 65.
1111 4927 1211 4990 Hesio]
1223 4928 1283 4979 The
1294 4928 1379 4979 letter
1387 4928 1412 4979 ia
1420 4933 1590 4988 notextant,

427 5008 469 5057 59.
487 4996 597 5058 omnes]
611 4995 655 5047 No
670 4994 754 5046 letter
771 4994 801 5045 ot
817 4993 967 5046 Goelenius
1017 4994 1073 5046 but
1083 4994 1120 5046 ct.
1132 4994 1187 5061 Ep.
1200 4997 1275 5058 2566.
1290 5008 1366 5062 174n.
