4042 5900
332 696 427 774 2506]
631 694 687 758 ΤΟ
709 694 927 758 BONIFAOE
948 693 1195 757 AMERBAOH
1465 696 1527 757 283

373 853 404 916 S.
420 875 452 935 p.
496 854 565 916 Noe
590 854 642 915 hic
667 854 860 916 iamdudum
884 855 1051 916 licitamur
1073 854 1150 915 edes
1180 854 1259 916 boni
1287 854 1438 927 nominis,
1468 853 1525 915 sed

331 939 435 1017 iniqui
453 939 561 1018 precii.
605 938 713 999 Hodie
733 944 794 999 aut
814 958 871 1000 ero
891 937 1054 1011 dominus,
1074 943 1134 999 aut
1155 956 1334 1016 nunquam.
1378 937 1444 998 Eas
1464 937 1527 998 tibi

332 1021 447 1094 liciter,
470 1023 573 1101 magis
594 1040 693 1100 quam
715 1021 804 1082 mihi.
849 1019 883 1082 Si
904 1040 1001 1100 quem
1019 1028 1119 1101 putas
1136 1020 1215 1093 iore,
1237 1022 1294 1099 qui
1313 1025 1408 1100 petat
1426 1019 1525 1082 Sado-

332 1105 445 1177 letnm,
471 1104 523 1166 fac
547 1103 713 1183 significes.
758 1103 927 1184 Simulque
949 1104 1002 1165 fac
1029 1105 1138 1176 sciam,
1169 1122 1269 1183 quam
1298 1104 1418 1165 dextro
1443 1104 1525 1165 Mer·

331 1190 422 1249 curio
438 1206 570 1249 causam
584 1188 687 1267 egeris
702 1193 805 1249 tuam.
849 1187 938 1249 Bene
953 1187 1028 1248 vale
1043 1206 1119 1249 cum
1134 1187 1196 1249 tibi
1211 1187 1417 1248 charissimis.
1539 1208 1556 1257 5

373 1271 532 1350 Friburgi.
552 1270 581 1332 6.
598 1269 665 1332 Cal.
678 1270 791 1333 Iulias.

1206 1354 1362 1433 Agnoscis
1377 1360 1483 1415 tuum.

372 1461 501 1524 Clarias.
517 1462 653 1524 Doctori
668 1462 708 1525 D.
725 1462 895 1524 Bonifacio
910 1461 1136 1524 Amerbachio.
1181 1461 1337 1524 Basileae.

554 1751 712 1816 ²⁵⁰⁶2507.
760 1750 866 1816 Fnou
879 1750 1067 1816 Borrnsca
1083 1750 1300 1816 Aumsson.

370 1888 461 1944 Baslc
473 1886 538 1944 Me.
551 1888 604 1943 Ki.
618 1888 672 1943 Ar.
689 1888 748 1942 18⁸.
762 1907 790 1959 4.
1276 1887 1432 2017 8JBasle.

1258 1978 1274 2016 2
1329 1978 1390 2017 une
1406 1976 1488 2030 1531.

364 2090 422 2152 [An
438 2090 599 2155 autograph
613 2090 709 2149 letter,
724 2089 775 2140 the
788 2089 851 2141 first
862 2094 929 2155 pert
940 2088 1003 2140 well
1015 2090 1130 2140 written
1141 2089 1199 2140 end
1210 2087 1348 2139 intended
1359 2094 1390 2139 to
1404 2090 1440 2139 be
1451 2095 1527 2149 sent,

330 2157 380 2208 the
391 2158 548 2222 postscript
559 2173 597 2207 an
608 2157 712 2207 almost
723 2155 845 2221 illegible
855 2156 942 2207 draft.

363 2223 423 2274 The
435 2224 520 2275 letter
532 2224 606 2274 from
617 2223 721 2274 Alciati
734 2222 826 2273 which
838 2223 975 2274 Bonifsce
991 2223 1135 2274 mentions
1150 2224 1175 2273 is
1191 2222 1342 2288 preserved
1357 2238 1461 2287 among
1476 2223 1527 2274 the

330 2291 489 2340 Amerbech
507 2305 619 2355 papam,
637 2289 725 2340 dated
744 2302 774 2351 15
790 2289 867 2340 June
885 2303 947 2354 1531
968 2290 1063 2351 (Besle
1080 2289 1136 2341 MS.
1155 2289 1189 2339 G.
1207 2289 1247 2339 11.
1268 2304 1308 2353 14,
1320 2290 1341 2340 f.
1359 2290 1414 2351 90),
1429 2288 1488 2340 end
1502 2291 1527 2341 it

330 2356 446 2407 enables
458 2358 517 2407 this
534 2357 619 2408 letter
636 2362 668 2407 to
684 2357 720 2406 be
737 2355 915 2421 deoiphered.
949 2356 980 2407 It
995 2358 1126 2407 contens
1139 2357 1190 2407 the
1203 2356 1346 2422 following
1361 2363 1525 2407 sentences:

330 2423 466 2474 ‘Peccaui
487 2424 608 2474 insciens
630 2423 823 2488 superioribus
843 2423 954 2482 diebus,
974 2425 1026 2488 qui
1047 2423 1131 2474 amici
1149 2422 1297 2473 cuiusdam
1319 2424 1451 2489 precibus
1473 2423 1527 2473 hoc

329 2491 486 2541 tribuerem
497 2496 532 2541 vt
542 2490 693 2541 Erasmum
707 2496 837 2541 nostrum
851 2491 1059 2549 submonerem,
1074 2490 1099 2540 si
1113 2489 1150 2540 de
1165 2505 1324 2540 successore
1341 2490 1439 2540 Zasius
1454 2490 1526 2555 eogi-

329 2563 415 2616 taret‚
428 2557 473 2607 hic
488 2572 549 2607 esse
562 2556 639 2607 vnde
652 2556 753 2621 eligere
768 2562 866 2622 posset
878 2594 885 2606 .
900 2593 906 2606 .
921 2594 927 2605 .
940 2555 987 2606 Ad
997 2556 1148 2606 Erasmum
1162 2557 1257 2622 ipsum
1271 2557 1301 2607 in
1312 2557 1457 2622 presentie
1469 2571 1527 2606 non

330 2624 430 2683 scribo,
443 2623 521 2689 quod
531 2624 652 2674 nuntius
662 2638 771 2673 moram
785 2622 893 2673 nullam
908 2624 992 2682 ferat,
1007 2624 1058 2673 sed
1069 2629 1099 2673 et
1110 2623 1179 2688 quia
1189 2622 1261 2673 adeo
1272 2624 1342 2673 mihi
1353 2624 1412 2673 suis
1423 2622 1528 2673 litteris

330 2692 374 2740 vir
390 2690 437 2740 ille
453 2691 593 2741 satisfecit
611 2727 617 2738 .
638 2728 644 2740 .
664 2726 670 2739 .
688 2696 723 2741 vt
739 2690 810 2739 nihil
826 2690 948 2740 habeam
964 2689 1043 2755 quod
1062 2690 1116 2740 fari
1133 2690 1210 2740 vltra
1226 2690 1343 2754 possim,
1360 2691 1390 2739 in
1409 2690 1528 2755 eiusque

329 2757 502 2808 sententiam
513 2757 636 2823 pedibus
646 2763 678 2807 et
688 2757 820 2807 manibus
830 2757 1006 2819 transeem.’]

372 2871 403 2934 S.
420 2873 456 2934 P.
500 2872 541 2933 In
558 2872 656 2933 domo
672 2871 839 2945 licitanda,
860 2871 981 2933 clariss.
997 2871 1141 2944 Erasme‚
1161 2876 1201 2931 vt
1219 2889 1374 2952 prospera
1393 2871 1528 2931 fortuna
1579 2901 1581 2906 .

330 2958 443 3030 vteris,
459 2963 560 3036 atque
574 2956 656 3017 adeo
670 2962 710 3016 vt
724 2957 859 3017 minimo
872 2975 912 3017 ea
925 2956 988 3017 tibi
1001 2955 1185 3029 addicatur,
1197 2957 1297 3017 etiam
1311 2961 1413 3034 atque
1426 2955 1528 3016 etiam

330 3041 435 3184 οιᾶρίο.
457 3037 730 3184 dpldasszdolgmm
744 3040 771 3100 si
785 3038 923 3184 sclpgbere
933 3040 1117 3183 lllllithlmi‘,
1127 3039 1189 3182 aph
1199 3038 1385 3183 Augppgm
1399 3037 1528 3099 litteras

329 3143 350 3184 a
387 3142 456 3184 nun
592 3143 635 3203 ug
659 3141 795 3184 unenses
853 3141 914 3183 nae
978 3142 1008 3183 er
1049 3141 1148 3183 emim
1172 3141 1211 3183 us
1229 3141 1275 3182 mr
1329 3140 1372 3194 m,
1388 3139 1528 3200 quorum

330 3207 432 3267 ductu
458 3206 644 3267 reddentur.
688 3204 805 3268 Omnia
827 3225 901 3266 mea
923 3206 975 3266 hic
1003 3206 1184 3267 etiamnum
1206 3205 1339 3265 suntin
1361 3203 1557 3285 pendentis

330 3290 418 3351 Dum
433 3289 575 3369 qualiter
588 3289 761 3351 clientibus
770 3295 869 3350 cauta
879 3308 930 3350 res
944 3307 1014 3350 esse
1025 3290 1129 3368 possit
1142 3288 1273 3368 publice
1284 3287 1394 3361 doceo,
1404 3307 1444 3348 ne
1459 3288 1528 3368 ipse

329 3374 454 3434 interea
462 3373 542 3433 mihi
550 3392 667 3453 parum
676 3391 811 3433 caueam
820 3372 1003 3434 submetuo.
1028 3371 1148 3433 Verum
1157 3373 1244 3433 iacta
1253 3370 1325 3433 alea
1333 3378 1394 3433 est.
1416 3370 1528 3432 Etiam

331 3458 358 3517 si
383 3475 482 3517 cauea
506 3456 659 3529 cecidero,
686 3455 763 3516 boni
786 3455 962 3529 consulam,
985 3455 1118 3535 quando
1138 3457 1297 3536 insignem
1320 3455 1528 3516 fortunarum

330 3540 491 3601 iacturam
506 3539 721 3600 conscientiae
735 3558 801 3601 non
815 3538 1065 3600 labefactandae
1080 3538 1325 3619 praeferendam
1341 3538 1435 3600 duco.

372 3623 460 3684 Bene
474 3623 558 3696 vale,
574 3622 695 3683 clariss.
711 3622 856 3685 Erasme.
900 3622 1122 3703 Praepropera
1140 3623 1251 3683 nuncii
1265 3621 1473 3683 festinatione
1486 3640 1528 3682 ne
1543 3643 1575 3680 ιο
1630 3640 1634 3652 ·

330 3706 426 3786 plura
440 3707 560 3785 possim
574 3705 739 3767 excludor.

373 3788 519 3850 Basileae
533 3788 636 3870 pridie
651 3789 723 3851 DD.
739 3789 828 3850 Petri
843 3796 878 3851 et
892 3789 996 3850 Pauli.
1040 3789 1135 3850 Anno
1150 3804 1320 3850 sanun.

755 3872 845 3934 rl'uus
859 3891 901 3934 ex
915 3873 1025 3933 animo
1040 3871 1227 3933 Bonifacius
1241 3870 1484 3933 Amerbachiua.

371 3955 520 4017 Alciatus
538 3961 650 4016 noster
668 3957 852 4017 nouissimis
871 3956 938 4016 suis
957 3956 1000 4017 ad
1020 3975 1072 4016 me
1091 3955 1209 4016 litteris
1230 3955 1299 4016 heri
1320 3954 1456 4015 redditis
1475 3973 1527 4015 ac·

331 4045 444 4100 curate
458 4039 635 4099 admodum
650 4058 684 4100 se
699 4040 742 4100 ob
755 4039 877 4118 mande
892 4040 953 4115 (ita
967 4039 1054 4099 enim
1068 4038 1203 4118 apellat)
1216 4044 1386 4118 peccatum
1397 4043 1527 4117 purgat,
1543 4065 1574 4117 15

331 4122 420 4201 quod
434 4128 468 4183 te
489 4124 597 4183 nescio
611 4141 750 4201 quorum
768 4142 867 4183 causa
880 4128 916 4183 et
935 4122 1095 4202 precibus,
1110 4122 1139 4182 si
1157 4121 1270 4182 Zesius
1286 4121 1327 4182 de
1346 4139 1528 4182 successore

331 4206 499 4284 cogitaret,
514 4205 708 4266 solliciterit.
745 4205 859 4284 quue
869 4205 999 4266 nomine
1008 4207 1138 4266 veniam
1175 4211 1323 4266 recatur:
1346 4205 1528 4284 quasivero

332 4288 384 4350 vel
405 4308 464 4369 ego
486 4308 631 4367 vnquam
650 4289 706 4350 isti
724 4288 895 4350 succedere
914 4289 1094 4361 ambierim‚
1110 4224 1281 4351 ueletiam
1301 4289 1329 4348 si
1348 4287 1526 4363 ambierim‚

331 4379 370 4433 vt
389 4392 441 4433 me
458 4372 618 4434 doctiores
640 4371 909 4434 commendentur
927 4372 999 4451 pati
1018 4389 1195 4450 nequeam:
1222 4391 1288 4451 quo
1307 4371 1425 4450 quida
1441 4371 1528 4434 bono

335 4505 341 4509 .
350 4505 436 4510 μ..-
467 4505 562 4512 ...—

364 4571 439 4621 2506.
459 4585 483 4621 1.
500 4571 568 4621 boni
585 4571 719 4633 nominis]
737 4571 870 4636 ‘bearing
885 4586 904 4621 a
952 4576 985 4621 at
1000 4570 1051 4621 the
1068 4569 1228 4621 Eucharist.
1264 4569 1315 4621 See
1330 4570 1385 4635 Ep.
1401 4583 1469 4632 2519
1485 4572 1526 4620 in·

330 4639 404 4702 good
419 4638 527 4697 nsmc',
562 4639 666 4703 erhaps
678 4637 749 4688 with
762 4638 904 4688 reference
953 4637 1039 4696 trud„
1053 4637 1090 4687 cf.
1107 4636 1182 4702 Epp.
1201 4650 1275 4701 2567.
1292 4650 1351 4699 5-9,
1363 4649 1438 4702 2541.
1450 4651 1527 4696 21-2,

330 4713 363 4755 to
375 4704 461 4754 ‘Zum
476 4653 561 4755 Kiml
570 4704 665 4764 Iesu';
683 4719 729 4755 see
744 4704 820 4770 Epp.
836 4706 903 4769 2462
953 4717 1028 4769 2542.
1053 4717 1144 4768 11-17,
1162 4707 1237 4769 2546.
1256 4717 1334 4767 9-13,
1353 4716 1427 4765 2551.
1451 4716 1527 4767 7-1o,

331 4772 447 4831 introd„
470 4785 544 4834 2512.
571 4785 611 4830 ιο,
635 4784 709 4834 2517.
732 4773 808 4836 27·8‚
827 4771 902 4832 2518.
953 4772 1293 4834 263ο.1-59,2631.1-52.

331 4841 373 4898 26,
386 4839 461 4900 2528.
475 4850 887 4903 55-4,255ο.1-2,2554.24-5.
987 4837 1063 4886 2601.
1081 4851 1106 4898 9.
1124 4836 1195 4898 non]
1212 4836 1272 4887 'l'he
1289 4837 1421 4903 negative
1436 4850 1528 4886 seems

365 4918 390 4966 5.
407 4906 533 4967 oensem]
542 4904 602 4955 The
609 4905 712 4955 Senate
719 4906 750 4955 of
756 4903 905 4955 Bulehsd
953 4903 1126 4954 redundant.

331 4970 422 5022 called
438 4987 517 5037 upon
534 4972 669 5023 Bonifeoe
688 4977 721 5022 to
739 4971 845 5022 defend
860 4971 906 5021 his
990 4984 1080 5021 10-11.
1098 4970 1293 5036 Praepropera
1309 5004 1317 5022 .
1333 5004 1341 5022 .
1359 4968 1528 5032 ,excludcrl

332 5037 906 5104 positioninoonnexionwithattendanoe
955 5037 1091 5089 Bonifsce
1102 5037 1155 5088 hn
1165 5036 1264 5088 crued
1274 5037 1355 5090 these
1366 5035 1466 5088 words.
