4042 5900
446 598 508 660 roa
772 596 971 659 unrrnas
992 596 1275 660 ornnssuus
1559 602 1654 680 [1531

384 785 434 835 55⁰
446 759 565 820 temnit
580 758 738 838 pietatem
757 762 793 818 et
810 756 1027 818 eruditionem
1040 756 1226 837 Augustini.
1240 758 1293 820 oui
1310 759 1488 838 quicquam
1509 760 1548 821 in
1567 760 1655 823 illius

447 843 509 903 viri
530 842 658 920 scriptis
679 860 746 901 non
768 839 968 919 probaturi’
1011 839 1135 902 Contra
1159 847 1193 902 te
1219 842 1326 921 ipsum
1350 843 1452 922 igitur
1476 862 1652 923 argumen-

446 926 544 987 taris:
578 924 747 997 Dissentis,
769 923 843 984 ideo
865 924 1064 985 contemnis:
1096 943 1239 986 menon
1261 926 1411 986 nominas
1435 926 1500 987 nisi
1527 926 1651 990 dissen-

446 1009 577 1070 tiendo:
611 1026 687 1085 ergo
716 1013 848 1066 tantum
877 1006 1135 1068 contemnendo:
1169 1027 1247 1068 nam
1272 1008 1409 1069 verbum
1434 1010 1540 1087 <nisi>
1562 1012 1652 1090 quod

447 1110 525 1172 pras
544 1090 681 1152 scierat
701 1095 928 1170 contemptum
947 1088 1038 1151 aliud
1057 1090 1103 1151 ibi
1121 1090 1250 1151 nullum
1264 1096 1324 1152 est.
1368 1091 1461 1153 Haec
1475 1112 1650 1173 argumen-

383 1202 433 1253 555
446 1179 532 1236 tatio
557 1175 666 1253 palam
691 1172 856 1252 colligitur
876 1192 917 1234 ex
940 1173 1048 1233 verbis
1073 1174 1149 1235 tuis.
1193 1173 1286 1235 Idem
1311 1194 1413 1253 genus
1437 1184 1649 1255 argumenta

446 1259 545 1319 tionis
572 1258 673 1318 etiam
701 1257 735 1316 in
763 1256 921 1335 principio
948 1257 1097 1335 posuisti,
1126 1276 1201 1318 cum
1229 1257 1586 1337 Forosempronianum
1615 1266 1650 1322 et

446 1342 601 1403 Lirenum
622 1359 643 1400 a
664 1359 715 1400 me
737 1345 943 1417 contemptos
964 1341 1100 1419 putasti,
1123 1341 1200 1419 quia
1221 1340 1426 1403 dissentirem
1451 1341 1495 1403 ab
1517 1342 1586 1405 illis
1605 1349 1649 1417 et,

447 1424 536 1503 quod
560 1425 626 1485 risu
656 1423 784 1502 dignius
813 1429 848 1483 et
875 1422 968 1483 senili
995 1424 1178 1503 suspicione
1207 1424 1399 1503 proiectum,
1429 1426 1508 1505 quia
1538 1433 1649 1489 essent

446 1507 608 1569 Germani.
653 1506 817 1567 Dissentio
840 1512 962 1578 autem,
985 1513 1021 1566 et
1046 1508 1179 1568 nomino
1204 1513 1247 1579 te,
1269 1527 1336 1568 non
1357 1510 1589 1589 contemptim,
1610 1517 1649 1571 vt

384 1608 434 1666 560
447 1598 485 1652 tu
500 1598 608 1670 putas,
620 1609 725 1668 neque
739 1590 824 1650 enim
839 1589 882 1650 ob
897 1588 931 1649 id
944 1589 1035 1650 fama
1048 1590 1240 1651 eruditionis
1254 1597 1333 1651 tuae
1349 1591 1439 1671 apud
1452 1611 1506 1653 me
1520 1594 1649 1671 pericli·

447 1680 549 1747 tatur,
569 1674 625 1734 sed
646 1673 689 1734 ob
708 1673 792 1733 hanc
812 1692 953 1734 causam.
987 1672 1074 1733 Nam
1091 1691 1167 1734 cum
1186 1680 1299 1735 textus
1321 1674 1503 1736 Hebraious
1523 1676 1650 1739 habeat

447 1758 565 1838 Ioseph
588 1757 721 1818 solitum
746 1775 898 1816 accusare
923 1755 1051 1828 iratres,
1074 1758 1180 1817 etita
1204 1758 1342 1818 verterit
1367 1758 1594 1837 Hieronymus
1615 1762 1649 1821 in

446 1842 566 1903 nostris
588 1840 754 1900 codicibus
776 1845 811 1899 et
832 1840 951 1899 caeteri
972 1858 1084 1900 omues
1107 1840 1361 1919 interpretantes
1382 1839 1507 1915 Graeci,
1529 1849 1568 1904 et
1594 1845 1650 1923 qui

446 1944 555 1986 sacras
583 1924 694 1984 literas
721 1928 892 2001 exponunt
920 1924 969 1982 ita
996 1923 1170 1983 dicendum
1199 1923 1385 1996 ostendant,
1415 1931 1453 1984 tu
1483 1924 1567 1987 haec
1596 1927 1649 1988 vel

384 2024 434 2083 565
446 2009 592 2069 nesciens
606 2006 659 2066 vel
676 2005 883 2066 dissimulans
896 2025 963 2066 non
982 2005 1089 2067 solum
1103 2008 1138 2066 iu
1154 2006 1348 2086 Parapbrasi
1363 2007 1526 2082 dissentis,
1541 2010 1602 2071 sed
1615 2012 1649 2071 in

447 2096 507 2152 tus
523 2090 649 2168 Lingua
668 2090 850 2168 expressius
868 2089 947 2149 dicis
965 2108 1035 2149 esse
1054 2090 1162 2150 verius
1176 2089 1265 2168 quod
1279 2090 1420 2151 babetur
1434 2091 1525 2170 apud
1540 2092 1648 2156 LXX.

446 2192 546 2253 quam
565 2172 655 2251 quod
669 2172 831 2233 habeatur
845 2173 876 2231 in
892 2179 1006 2232 nostra
1019 2173 1171 2233 editione.
1215 2172 1288 2233 Hoc
1305 2180 1416 2234 autem
1431 2193 1507 2235 cum
1522 2175 1648 2250 dixisti,

447 2257 655 2328 Hebraicum,
678 2262 770 2335 puto,
793 2256 958 2334 quomodo
980 2255 1115 2316 haberet
1136 2256 1317 2334 ignorabas.
1361 2257 1402 2318 Id
1422 2276 1481 2336 ego
1503 2258 1575 2319 dixi
1597 2279 1649 2321 me

446 2340 609 2412 admirari,
625 2358 682 2399 cur
696 2340 845 2399 nescieris
860 2339 921 2398 hoc
936 2338 1057 2399 babere
1068 2338 1266 2400 Hebraioum
1277 2340 1367 2418 quod
1380 2347 1494 2401 nostra
1509 2341 1649 2404 baberet

384 2449 434 2500 570
446 2423 557 2484 editio.
601 2422 679 2482 Dixi
698 2428 809 2483 autem
830 2421 943 2482 multis
965 2423 998 2482 in
1018 2422 1106 2495 locis,
1127 2422 1216 2501 qnod
1236 2442 1303 2483 non
1325 2423 1431 2484 solum
1452 2425 1486 2484 in
1508 2424 1647 2505 Lingua,

446 2506 617 2568 sedetiam
632 2507 666 2566 in
681 2505 876 2584 Paraphrasi
891 2504 952 2565 boc
969 2505 1231 2583 comprobasses;
1253 2526 1366 2567 sensus
1382 2512 1495 2568 autem
1513 2510 1649 2588 typicus

445 2609 467 2651 a
491 2590 587 2650 litera
611 2588 754 2669 pendeat
775 2607 902 2649 necesse
926 2595 995 2649 est:
1022 2595 1124 2668 typus
1145 2595 1257 2650 autem
1278 2609 1434 2650 essenon
1455 2597 1569 2670 potest
1591 2594 1647 2654 vbi

445 2692 615 2753 perperam
626 2672 722 2733 litera
732 2671 860 2751 legitur.
887 2672 991 2732 Nemo
1000 2672 1187 2751 praeferret,
1197 2673 1321 2751 opinor,
1332 2673 1436 2734 LXX.
1463 2673 1648 2737 Hebraicae

447 2757 589 2817 veritati.
619 2755 689 2833 Ego
707 2756 733 2815 si
753 2754 886 2833 quando
900 2755 1048 2833 praefero
1063 2754 1167 2816 LXX.
1198 2756 1409 2835 Hieronymo,
1424 2776 1466 2817 ex
1481 2758 1647 2820 Hebraico

384 2840 540 2916 575facio,
562 2859 627 2900 non
649 2844 764 2899 contra
785 2838 891 2917 ipsum
912 2838 1048 2898 fontem.
1093 2838 1190 2899 Vides
1211 2858 1311 2918 quam
1336 2841 1436 2900 simus
1461 2840 1646 2904 dissimiles.

446 2924 666 3002 Hieronymus
683 2927 814 2983 enarrat
831 2922 920 3001 quod
938 2921 986 2983 illi
1001 2927 1181 2995 verterunt,
1200 2924 1277 3002 quia
1293 2930 1424 3003 recepta
1442 2929 1515 2985 erat
1532 2944 1647 2988 eorum

446 3007 556 3080 editio,
571 3006 652 3067 nihil
674 3006 753 3067 dum
773 3011 919 3066 verterat
937 3007 1005 3085 ipse
1024 3025 1065 3066 cx
1081 3005 1253 3067 Hebraico.
1297 3006 1337 3067 Iu
1357 3007 1422 3067 alio
1436 3007 1508 3068 loco
1526 3008 1584 3070 vbi
1599 3011 1647 3071 ais

447 3096 481 3152 te
501 3110 553 3151 me
572 3091 728 3169 attigisse,
744 3089 924 3167 dispeream
942 3090 969 3148 si
988 3089 1068 3166 quid
1085 3090 1207 3150 sinistri
1227 3090 1267 3150 dc
1287 3096 1320 3150 te
1340 3091 1467 3151 animus
1484 3111 1578 3153 meus
1593 3093 1647 3154 vel

446 3174 633 3236 somniabat
660 3172 802 3252 quidem.
845 3171 919 3232 Mea
943 3171 1044 3232 verba
1069 3172 1150 3232 haec
1178 3179 1266 3245 sunt,
1295 3172 1455 3234 Genescos
1485 3194 1555 3254 cap.
1581 3176 1644 3255 46:

384 3271 434 3333 580
448 3257 556 3317 ‘Haec
565 3270 643 3335 ergo
657 3260 709 3316 est
719 3256 788 3316 eius
802 3255 880 3316 nodi
895 3255 1024 3328 solutio,
1037 3273 1134 3332 quem
1148 3255 1264 3316 dicunt
1276 3256 1514 3335 Hieronymum
1528 3258 1647 3338 ligasse

446 3360 484 3400 ac
499 3359 565 3400 non
580 3340 714 3400 soluisse
724 3339 742 3399 ’.
780 3337 905 3411 Quaeso
916 3345 960 3411 te,
975 3339 1021 3399 mi
1036 3338 1179 3411 Erasme,
1195 3341 1274 3400 situ
1290 3340 1375 3400 huno
1389 3340 1513 3402 nodum
1527 3341 1647 3421 ligasse

446 3430 480 3484 et
502 3443 567 3483 non
589 3422 723 3483 soluisse
745 3421 983 3500 Hieronymum
1006 3422 1127 3494 dixisti,
1150 3422 1230 3500 quid
1250 3423 1331 3483 mihi
1351 3422 1392 3484 de
1414 3430 1448 3484 te
1469 3423 1646 3487 dicendum

445 3507 577 3567 iuerat?
620 3505 692 3578 Qua
712 3505 819 3565 forma
839 3511 989 3583 poteram
1011 3505 1116 3565 dicere
1137 3505 1339 3567 modestius?
1382 3505 1415 3567 si
1437 3513 1547 3568 tecum
1569 3528 1644 3570 con·

447 3589 653 3650 suetudinem
673 3588 867 3658 habuissem,
883 3590 909 3648 si
929 3588 1061 3666 quando
1082 3595 1116 3648 te
1134 3588 1326 3666 alloquutus
1343 3589 1486 3663 fuissem,
1502 3592 1536 3651 in
1557 3591 1644 3653 bunc

384 3689 432 3749 585
446 3673 584 3733 fortasse
619 3672 754 3732 modum
790 3671 961 3731 dixissem:
1000 3671 1116 3731 ‘Hunc
1151 3673 1274 3732 nodum
1310 3673 1518 3734 doctissimus
1553 3695 1645 3737 meus

446 3757 601 3817 Erasmus
629 3756 771 3815 affirmat
800 3754 1037 3832 Hieronymum
1066 3754 1191 3833 ligasse,
1221 3755 1278 3816 sed
1307 3775 1373 3816 non
1402 3757 1577 3819 soluisse':
1609 3766 1645 3820 et

446 3840 551 3901 omnis
565 3839 627 3899 tibi
641 3838 782 3917 suspicio
796 3837 912 3898 violati
926 3857 947 3898 a
961 3858 1014 3898 me
1028 3839 1167 3898 nominis
1181 3840 1232 3899 tui
1246 3838 1403 3918 adempta
1416 3839 1540 3901 luisset.

488 3923 590 3983 Venio
603 3941 690 3982 nunc
704 3921 748 3982 ad
761 3940 816 3982 eos
831 3922 919 3982 locos
933 3940 1026 4000 quos,
1041 3926 1081 3981 vt
1098 3921 1159 3981 tibi
1178 3927 1293 3983 contra
1312 3942 1363 3983 me
1384 3925 1644 4002 patrocinareris,

446 4006 589 4085 vndiqne
620 4005 819 4083 conquisisti.
866 4004 952 4065 Nam
984 4024 1059 4065 oum
1088 4005 1272 4083 suspicatus
1300 4025 1385 4066 esses
1416 4026 1522 4067 meam
1552 4007 1645 4070 illam

383 4089 705 4169 5900biurgationem
730 4088 816 4149 bona
844 4093 938 4167 parte
966 4089 1000 4148 in
1029 4094 1063 4149 te
1088 4088 1255 4160 directam,
1281 4108 1380 4167 qnam
1405 4091 1584 4168 generatim
1609 4093 1645 4153 in

446 4173 686 4251 vituperatores
700 4191 808 4233 rerum
823 4190 988 4232 sacrarum
1002 4172 1116 4232 iratior
1130 4172 1309 4233 effuderam
1325 4174 1429 4248 (cuius
1448 4175 1643 4254 principium

445 4273 487 4315 ex
505 4256 612 4316 verbis
632 4255 763 4333 quidem
783 4256 850 4318 tuis
868 4254 977 4316 iuerat
995 4261 1175 4334 sumptum,
1196 4255 1315 4334 quibus
1335 4262 1372 4316 tu
1395 4256 1438 4317 ab
1459 4257 1645 4336 Augustino

446 4339 660 4417 contemptim
675 4337 892 4415 dissenseras),
907 4358 959 4400 me
974 4344 1047 4398 tum
1061 4338 1104 4398 ab
1122 4339 1193 4417 ipso
1212 4339 1396 4417 Augustino
1416 4346 1487 4400 tum
1507 4339 1551 4401 ab
1570 4341 1644 4402 aliis

446 4421 560 4483 multis
584 4423 618 4481 in
643 4421 721 4481 locis
747 4420 916 4482 dissentire
940 4422 1068 4483 conaris
1090 4422 1269 4493 ostendere,
1296 4428 1335 4482 vt
1359 4423 1448 4501 quod
1473 4423 1535 4484 tibi
1560 4425 1644 4486 vitio

384 4531 433 4580 59⁵
446 4503 615 4577 dedissem,
637 4505 671 4564 in
692 4503 727 4564 id
747 4505 854 4583 ipsum
876 4506 944 4583 ipse
970 4524 1202 4583 saepenumero
1226 4505 1405 4577 ceciderim,
1427 4525 1579 4584 generose
1604 4515 1643 4569 tu

447 4587 577 4667 quidem
592 4593 627 4647 ct
641 4586 831 4666 perurbane,
847 4587 903 4647 sed
917 4587 998 4647 nihil
1012 4587 1056 4649 ad
1070 4607 1147 4648 rem.
1191 4588 1266 4648 Non
1281 4590 1366 4649 enim
1381 4609 1449 4668 ego,
1465 4591 1492 4649 si
1509 4591 1643 4668 quando

481 4768 538 4817 559.
557 4752 701 4814 Germani]
724 4753 767 4803 cl.
790 4754 841 4804 the
858 4754 1020 4806 dedication
1104 4757 1162 4817 565.
1181 4755 1361 4820 Paraphrasi]
1374 4757 1453 4807 Luke
1465 4771 1506 4821 24.

446 4820 867 4879 totheAducrscsLutbsronos3
880 4822 930 4884 Op.
939 4822 1018 4874 Ome.
1103 4825 1162 4884 566.
1180 4823 1300 4887 Lingua]
1312 4824 1369 4873 LB.
1382 4825 1419 4873 iv.
1433 4826 1546 4886 708n-r.

449 4902 522 4949 1591,
535 4888 611 4952 App.
624 4903 653 4951 p.
668 4901 690 4936 1.
1104 4901 1161 4950 572.
1180 4890 1279 4953 typus]
1292 4890 1334 4939 cf.
1347 4891 1401 4955 Ep.
1415 4894 1489 4954 2465.
1503 4905 1563 4954 432·

481 4957 538 5016 562.
556 4953 671 5018 Ioseph]
684 4953 735 5004 See
746 4953 801 5019 Ep.
813 4956 888 5018 2465.
900 4967 979 5017 42222.
1103 4956 1161 5014 581.
1180 4956 1298 5017 nodum]
1310 4956 1353 5006 cf.
1365 4957 1420 5022 Ep.
1433 4960 1509 5022 2465.
1521 4961 1633 5023 446-65.
