4042 5900
391 702 489 780 2379]
728 700 784 765 TO
805 700 1049 766 GERMANUS
1070 702 1257 766 BRIXIUS
1548 700 1588 761 41

393 877 542 920 summae
553 861 622 940 spei
632 861 783 922 iuuenem
798 861 898 923 fuisse
912 861 1112 940 μινυνθάδιον,
1125 869 1163 924 vt
1178 862 1286 924 dicam
1298 860 1484 941 Ὁμηρικῶς.
1514 858 1590 921 Non

393 944 477 1004 satis
498 948 549 1003 est
570 949 683 1005 autem
704 945 792 1006 inter
812 945 979 1007 litteratos
1000 946 1185 1007 animorum
1206 964 1276 1006 esse
1295 943 1512 1016 concordiam,
1533 940 1590 1003 sed

395 1026 497 1086 refert
511 1026 545 1087 id
560 1027 712 1089 omnibus
726 1047 795 1089 esse
809 1030 1018 1108 perspicuum
1032 1048 1070 1090 ac
1090 1034 1261 1102 testatum,
1277 1028 1469 1107 praesertim
1484 1025 1525 1087 de
1539 1025 1590 1086 his
1602 1039 1653 1091 450

393 1110 482 1170 inter
507 1129 589 1189 quos
618 1110 730 1190 aliqua
757 1113 977 1174 contentionis
1005 1113 1128 1192 species
1156 1112 1348 1173 intercessit.
1393 1109 1533 1172 Proinde
1562 1109 1590 1169 si

395 1191 550 1254 Budaeus
578 1195 670 1255 volet
698 1194 822 1257 mederi
855 1195 1094 1275 suspicionibus
1122 1195 1301 1267 hominum,
1331 1214 1400 1255 rem
1427 1194 1528 1254 faciet
1555 1198 1591 1253 et

393 1277 541 1338 amicitia
554 1283 669 1339 nostra
683 1279 749 1339 iam
764 1280 869 1340 veteri
883 1280 1014 1358 suisque
1029 1279 1175 1340 moribus
1189 1278 1331 1358 dignam.
1369 1276 1426 1338 Sin
1439 1283 1491 1337 est
1505 1294 1591 1354 quur

393 1359 456 1420 boc
482 1360 576 1434 nolit,
603 1361 682 1422 boui
711 1362 890 1435 consulam,
920 1363 1050 1424 etiamsi
1075 1362 1185 1442 plures
1210 1361 1311 1422 libros
1335 1361 1431 1421 nobis
1456 1360 1590 1420 emittat

389 1441 519 1587 {aliquid
541 1445 752 1525 stropharum
774 1445 944 1519 habentes,
962 1445 1062 1507 modo
1083 1453 1180 1507 tanta
1201 1444 1294 1523 fruge
1315 1443 1507 1505 eruditionis
1529 1441 1589 1502 dii·
1602 1452 1653 1506 455

404 1533 505 1587 ertos.

435 1609 586 1688 Epistola
611 1618 671 1672 tua
696 1631 755 1691 per
778 1631 896 1673 manus
924 1612 1104 1674 multorum
1133 1612 1302 1684 volitaret,
1331 1629 1397 1671 uon
1426 1610 1591 1688 resignata

393 1699 526 1754 tantum
541 1693 599 1755 sed
613 1713 696 1774 pene
706 1695 839 1757 detrita.
881 1694 1033 1775 Suspicor
1047 1695 1138 1756 illam
1149 1713 1319 1756 excussam
1330 1693 1373 1755 ab
1385 1691 1591 1771 Euangelicis

391 1776 562 1837 fratribus.
593 1778 714 1838 Iacobo
725 1778 857 1840 Tusauo
865 1778 1007 1840 multam
1018 1799 1059 1839 ex
1068 1798 1121 1839 me
1130 1778 1271 1839 salutem
1281 1777 1390 1838 dicito.
1420 1775 1591 1837 Budaeum

392 1860 473 1920 item
493 1862 573 1921 meis
593 1861 701 1922 verbis
721 1861 882 1923 salutabis
901 1867 1097 1935 reuerenter,
1117 1863 1145 1922 si
1161 1860 1260 1922 modo
1279 1862 1306 1922 is
1323 1867 1375 1921 est
1391 1879 1490 1939 quem
1510 1858 1591 1919 mihi
1604 1858 1654 1921 4⁶⁰

392 1962 628 2022 persuaseram,
643 1951 679 2005 et
693 1946 883 2024 priusquam
899 1952 938 2007 tu
952 1945 1034 2006 mihi
1047 1944 1260 2025 praedicares.
1299 1943 1445 2017 Quorum
1460 1943 1591 2020 vtrique

392 2027 421 2086 si
442 2029 651 2105 persuaseris,
674 2035 709 2089 et
730 2029 820 2107 quod
840 2035 880 2091 tu
901 2028 1042 2109 spondes
1063 2028 1194 2089 illorum
1218 2028 1359 2100 nomine,
1382 2028 1444 2106 ipsi
1468 2026 1592 2105 scripto

392 2108 621 2189 profiteantur,
637 2110 751 2172 eodem
766 2113 871 2173 officio
885 2132 947 2174 nos
966 2131 1079 2173 omnes
1097 2111 1321 2172 demereberis.
1365 2110 1439 2183 Hic,
1454 2111 1482 2170 si
1499 2108 1590 2181 libet,

391 2192 521 2272 explica
540 2200 635 2255 tuam
655 2195 861 2257 rhetoricam.
905 2195 1057 2257 Alterum
1076 2213 1143 2256 non
1163 2194 1281 2274 egebat
1300 2201 1360 2255 tua
1377 2192 1541 2264 facundie,
1556 2197 1591 2252 et

391 2275 455 2336 hoc
477 2276 558 2337 mihi
577 2280 741 2357 pertinere
760 2279 894 2339 videtur
913 2278 956 2340 ad
975 2297 1183 2340 communem
1199 2277 1384 2339 studiorum
1398 2276 1589 2338 utilitatem.
1604 2274 1654 2336 465

392 2358 523 2420 Rumor
536 2360 588 2421 hic
603 2368 771 2441 sparserat
785 2362 925 2423 Badium
940 2361 1013 2424 lato
1032 2361 1236 2434 defunctum,
1251 2360 1396 2422 Fabrum
1416 2365 1589 2432 exustum;

391 2450 562 2522 vtrunque
582 2464 706 2505 vanum
725 2465 794 2507 esse
814 2446 950 2525 gaudeo.
994 2444 1047 2507 Sic
1068 2445 1158 2525 apud
1176 2444 1341 2523 Biturigas
1361 2449 1499 2504 exustus
1519 2448 1591 2502 erat

391 2526 558 2588 Erasmus.
612 2528 733 2589 Verum
763 2548 823 2608 ego
852 2530 952 2590 toties
979 2534 1132 2589 mortuus
1166 2547 1248 2601 sum,
1279 2529 1378 2587 toties
1407 2526 1522 2598 reuixi‚
1552 2532 1592 2585 vt

389 2610 577 2671 existimem
589 2612 645 2671 vix
657 2630 845 2691 quenquam
860 2612 1072 2685 crediturum,
1087 2611 1189 2672 etiam
1200 2630 1303 2690 quum
1318 2629 1395 2671 vere
1412 2610 1589 2671 decessero.

389 2692 481 2772 Opto
496 2694 558 2754 tibi
571 2702 766 2774 perpetuam
780 2695 982 2769 felicitatem,
999 2694 1161 2757 Germane
1175 2694 1373 2755 charissime.
1604 2700 1655 2753 470

388 2775 560 2921 dDatum
590 2777 680 2857 apud
710 2777 907 2859 Friburgum
938 2778 1114 2859 Brisgoiae,
1144 2777 1250 2839 Nonis
1281 2774 1463 2857 Septembr.
1494 2774 1592 2836 Anno

413 2878 517 2921 ommi
531 2876 688 2922 uum.

687 3164 788 3224 2380.
836 3159 890 3225 To
905 3158 1078 3226 Wunmu
1095 3158 1298 3238 Qumouus.

428 3304 591 3376 Epistulae
603 3305 747 3361 Floridse
760 3323 791 3377 p.
806 3309 852 3372 96.
1325 3305 1485 3376 Freiburg.

428 3380 662 3525 2131?sz
677 3398 708 3453 p.
726 3393 814 3449 1027:
835 3381 933 3436 Loud.
948 3382 1033 3437 xxvi.
1048 3397 1102 3452 30:
1243 3386 1262 3436 6
1275 3380 1457 3453 September
1471 3393 1553 3448 1530.

425 3572 499 3635 [The
516 3572 664 3638 yesrdate
681 3575 706 3624 is
722 3574 877 3625 confirmed
895 3575 933 3640 by
947 3574 998 3626 the
1013 3581 1155 3626 contenta.
1191 3574 1243 3625 We
1260 3575 1334 3625 have
1352 3575 1424 3624 been
1439 3573 1544 3623 unable
1560 3578 1591 3623 to

387 3640 515 3705 identiiy
526 3638 696 3702 Quinonus.]

549 3763 704 3809 ERASMVS
718 3764 793 3810 ROT.
810 3765 1009 3810 omnmo
1026 3764 1180 3819 QVINONO
1194 3764 1396 3809 munerum
1411 3764 1437 3809 S.

434 3869 578 3934 Gavuuo
588 3879 684 3933 tuum
696 3873 736 3934 de
751 3874 912 3934 Montano
926 3873 1083 3935 iudicium
1093 3893 1168 3935 cum
1183 3892 1256 3935 meo
1270 3875 1463 3946 consentire,
1480 3872 1591 3952 plane·

389 3975 456 4035 que
478 3955 558 4016 mihi
577 3975 768 4035 persuasum
790 3956 896 4018 habeo
918 3964 952 4019 te
972 3957 1128 4036 quicquid
1148 3959 1182 4018 in
1197 3957 1291 4018 illum
1305 3956 1482 4018 contuleris
1496 3955 1591 4017 bene-

389 4039 540 4100 liciorum
575 4040 665 4119 apud
700 4041 845 4120 optimae
881 4040 957 4102 fidei
985 4041 1095 4102 virum
1126 4041 1362 4121 depositurum.
1421 4040 1522 4100 Porro
1551 4038 1592 4099 de

390 4121 611 4202 prouehendis
632 4123 719 4184 illius
742 4124 860 4184 studiis
889 4131 929 4185 vt
953 4144 1026 4185 mea
1049 4124 1204 4185 voluntas
1230 4143 1305 4185 cum
1330 4130 1391 4184 tua
1416 4123 1591 4194 consentit,

390 4207 441 4267 ita
465 4224 533 4266 nou
560 4212 612 4267 est
640 4226 702 4286 par
730 4207 891 4268 ambobus
914 4207 1066 4268 facultas.
1129 4208 1276 4285 Denique
1299 4226 1366 4267 non
1391 4225 1505 4268 recuso
1530 4204 1621 4284 tibi5

389 4288 480 4350 illius
494 4291 625 4350 nomine
639 4308 777 4370 sponsor
789 4310 868 4365 esse,
883 4310 943 4352 nec
957 4296 1071 4352 metuo
1085 4291 1268 4370 sponsionis
1283 4292 1436 4351 comitem
1451 4289 1548 4350 Aten.

433 4371 567 4433 Amicus
596 4372 651 4434 ille
676 4380 789 4434 noster
817 4373 937 4453 quibus
961 4373 1055 4435 iuriis
1083 4380 1202 4454 agatur
1230 4375 1348 4447 nescio,
1378 4373 1435 4435 sed
1464 4373 1591 4433 exuisse

541 4498 617 4549 2379.
635 4513 694 4564 471.
713 4500 846 4565 Brisgoae
858 4498 895 4550 N.
985 4501 1061 4551 2380.
1079 4513 1136 4551 rm.
1149 4512 1325 4550 masuam
1336 4515 1389 4550 mn.
1402 4498 1439 4549 N.

423 4663 501 4714 2379.
518 4665 611 4728 458-9.
629 4664 806 4731 Euangelicis
819 4666 968 4728 iratribus]
1052 4668 1112 4731 468.
1128 4667 1216 4716 toties
1224 4665 1366 4727 mortuus]
1375 4665 1417 4715 Οἱ.
1427 4665 1503 4729 Epp.
1515 4677 1591 4729 2144.

388 4731 432 4782 ci.
446 4730 502 4796 Ep.
514 4732 590 4795 2487.
1019 4748 1075 4797 3n..
1087 4746 1163 4796 2373.
1175 4747 1250 4796 3-20.

424 4801 486 4862 466.
505 4797 641 4861 Fabrum]
653 4799 696 4849 cf.
708 4799 763 4864 Ep.
777 4804 853 4863 2362.
866 4814 941 4860 20-9.
1053 4800 1129 4850 2380.
1149 4813 1172 4849 1.
1190 4799 1338 4860 Montano]
1359 4799 1384 4849 A
1404 4798 1590 4858 Frencbman,

423 4868 484 4928 467.
502 4866 634 4926 exustus]
658 4866 813 4931 Evidently
841 4867 892 4917 the
920 4882 965 4916 ru-
1017 4866 1082 4917 wbo
1108 4866 1166 4916 bad
1192 4867 1264 4917 been
1291 4865 1435 4915 Erasmus’
1463 4871 1590 4916 servant·

388 4947 482 4990 mour,
489 4931 643 4983 circulated
650 4939 682 4982 at
688 4933 967 4997 Bourges,badbeen
1018 4933 1100 4998 pupil
1110 4948 1135 4983 c.
1150 4935 1229 4994 1528:
1247 4948 1294 4984 see
1306 4932 1361 4997 Ep.
1374 4935 1440 4994 2065
1451 4932 1557 4983 introd.

389 4998 526 5064 reported
538 4998 577 5063 by
588 5014 643 5049 one
655 4999 685 5050 oi
701 5000 846 5051 Erasmus‘
859 5000 967 5050 friends
1051 5015 1076 5066 7.
1095 5001 1211 5051 Amicus
1233 4999 1290 5061 ille]
1313 4998 1524 5050 Geldeuhauer:
1553 4999 1591 5051 cl.

389 5066 488 5116 there:
503 5064 607 5116 Alciati
617 5066 959 5133 chigliusorSucquet.
1017 5066 1265 5132 Ep.2358.13-17.
1424 5086 1427 5093 ⁴
