4042 5900
435 628 497 688 414
761 621 960 686 narrans
981 622 1037 686 on
1058 620 1272 686 saisitus
1575 625 1641 702 [1532

435 783 615 864 opulentia.
658 784 750 846 Adeo
771 783 852 845 nihil
875 783 1000 845 habent
1021 783 1101 856 nasi,
1124 780 1177 844 vel
1194 782 1222 843 si
1242 783 1467 856 odorantur,
1490 802 1553 845 nse
1569 790 1599 844 te
1612 784 1643 844 lli

392 892 422 943 15
437 870 604 930 verissima
618 869 781 947 scripsisse
795 867 1021 946 comprobant,
1036 866 1156 945 quibus
1169 872 1204 926 et
1218 865 1451 928 eiuscemodi
1469 867 1553 928 lucri
1566 867 1643 928 bonu

436 958 487 1012 est
502 952 591 1012 odor.
635 951 778 1012 lazarus
796 950 932 1029 Bayfius
952 949 1099 1011 Oratoris
1117 948 1183 1009 illic
1203 968 1354 1011 munere
1370 950 1497 1012 adhuc
1511 950 1643 1031 fungitur,

436 1042 470 1095 et
486 1035 534 1095 De
548 1034 689 1096 nauibus
703 1033 896 1115 opusculum
911 1034 1014 1095 habet
1027 1034 1061 1094 in
1076 1032 1236 1094 manibus.

478 1118 640 1179 Proximis
651 1117 766 1179 diebus
776 1118 930 1178 Venetiae
941 1117 1046 1178 redire
1057 1117 1232 1177 constitui:
1252 1122 1334 1177 tum
1353 1117 1460 1179 dabo
1472 1137 1608 1198 operam,
1617 1126 1644 1178 rt

436 1202 545 1262 omnia
554 1200 670 1262 melius
679 1202 880 1280 inuestigem.
911 1199 1044 1262 Patauii
1052 1218 1119 1260 non
1128 1198 1311 1260 illubenter
1320 1199 1480 1263 habito:
1499 1209 1537 1263 et
1545 1202 1644 1282 profes

388 1310 422 1346 κο
435 1303 523 1345 sores
537 1283 622 1346 Iuris
639 1284 743 1346 ciuilis
757 1283 887 1346 abunde
901 1283 981 1344 mihi
996 1283 1213 1356 satisfaciunt,
1228 1301 1361 1361 magna
1377 1286 1480 1346 enim
1495 1285 1645 1365 diligenda

434 1369 708 1446 contentioneque
729 1367 918 1429 auditorum
941 1366 1052 1428 studia
1074 1366 1270 1439 accendunt,
1296 1366 1529 1430 humanioris
1553 1376 1645 1430 umen

435 1451 625 1513 literaturae
639 1452 736 1531 plane
751 1450 856 1512 rudes.
899 1450 1019 1528 Agitur
1032 1450 1074 1511 de
1087 1449 1284 1511 aduocando
1304 1451 1476 1529 quodam
1494 1452 1645 1514 Ludouico

434 1533 526 1607 Cato,
550 1536 621 1596 viro
646 1536 680 1595 in
705 1536 774 1595 iure
796 1534 876 1595 bene
897 1533 1037 1606 erudito,
1058 1540 1094 1594 ct
1115 1535 1148 1594 in
1170 1532 1368 1594 melioribus
1397 1534 1525 1610 literis,
1548 1538 1575 1597 si
1594 1556 1646 1596 non

434 1617 543 1690 docto,
560 1617 676 1679 saltem
692 1617 829 1679 imbuto.
874 1617 917 1689 Is,
933 1635 986 1678 me
1000 1618 1035 1677 in
1048 1615 1156 1678 Gallia
1169 1622 1298 1694 agente,
1315 1616 1424 1679 ducis
1441 1619 1646 1681 Ferrariensis

388 1710 420 1759 25
434 1700 523 1780 apud
538 1700 849 1762 christianissimum
865 1700 987 1779 Regem
1002 1699 1123 1761 Orator
1136 1706 1217 1772 erat,
1232 1699 1292 1759 vbi
1310 1718 1398 1762 cum
1421 1701 1557 1764 lenitur
1572 1704 1645 1764 noui

434 1784 583 1845 Alciatus
604 1784 702 1845 rediit
723 1784 898 1863 Biturigas,
918 1803 1016 1862 quem
1038 1783 1156 1845 illicet
1173 1782 1370 1844 auditorum
1397 1784 1451 1846 ob
1470 1788 1646 1866 proximem

434 1867 655 1946 pestilentiam
670 1869 789 1929 raritas
802 1874 837 1928 et
851 1868 973 1928 ciuium
987 1865 1133 1946 perfidia,
1152 1867 1208 1945 qui
1227 1866 1342 1928 nescio
1362 1869 1459 1945 quid
1476 1870 1521 1931 de
1540 1870 1646 1931 salario

433 1952 699 2030 tergiuersantur,
722 1950 869 2012 offendit.
914 1950 1033 2029 Itaque
1054 1950 1098 2011 ad
1119 1969 1179 2010 nos
1200 1950 1343 2028 scripsit,
1367 1958 1546 2030 paratum
1569 1955 1646 2014 sein

433 2034 566 2095 Italiam
581 2034 695 2107 redire,
710 2035 737 2094 si
752 2034 916 2095 honorarii
930 2034 1009 2095 iusti
1027 2037 1063 2094 et
1082 2034 1164 2094 certi
1181 2052 1254 2113 spes
1270 2031 1344 2094 fiat.
1393 2034 1506 2108 Quod
1523 2057 1546 2098 a
1565 2037 1647 2098 nobis

386 2129 420 2180 30
433 2116 547 2178 sedulo
571 2124 784 2197 procuratum
809 2123 877 2179 est:
900 2136 1004 2195 eoque
1027 2118 1092 2178 iam
1118 2135 1186 2177 rem
1209 2116 1417 2178 deduximus
1444 2126 1490 2181 vt
1514 2119 1646 2182 Senatus

434 2200 577 2261 Venetus
599 2201 801 2261 conditiones
822 2199 989 2261 obtulerit.
1033 2198 1098 2261 Sed
1120 2218 1233 2260 vereor
1253 2218 1294 2259 ne
1318 2198 1463 2263 frustra
1486 2223 1646 2275 conemur,

432 2284 550 2362 illeque
571 2285 605 2344 id
626 2291 759 2346 tantum
780 2291 859 2362 agat
880 2290 919 2344 vt
943 2284 1081 2344 ostensis
1097 2282 1249 2344 riualium
1272 2282 1592 2361 pollicitationibus
1612 2287 1648 2348 ad

432 2369 664 2446 promissorum
682 2367 943 2428 obseruationem
961 2367 1179 2428 Biturioenses
1200 2371 1297 2444 cogat
1315 2365 1473 2431 facilius.
1522 2370 1647 2431 Medici·

431 2469 508 2511 nam
531 2452 582 2512 hic
604 2457 702 2511 antea
723 2457 774 2511 est
795 2450 959 2530 professus
981 2450 1172 2511 Matthaeus
1196 2448 1339 2520 Curtius,
1365 2450 1487 2514 frater
1506 2455 1581 2515 eius
1597 2455 1647 2533 qui

386 2546 418 2596 35
432 2536 581 2613 princeps
606 2534 915 2595 Iurisconsultorum
941 2534 993 2594 hic
1018 2533 1170 2596 habetur.
1213 2532 1247 2594 Is
1272 2550 1382 2593 seram
1409 2537 1572 2613 quidem,
1598 2538 1648 2598 sed

432 2623 544 2678 tamen
568 2637 634 2678 non
656 2619 785 2678 inanem
807 2637 940 2697 operam
961 2616 1092 2679 Graecis
1113 2616 1215 2677 literis
1236 2615 1423 2696 impendit:
1459 2639 1575 2700 eoque
1597 2640 1647 2682 no

431 2702 518 2762 mine
532 2701 626 2762 facile
641 2702 762 2780 primas
777 2700 828 2761 hic
844 2707 954 2780 partes
973 2702 1060 2761 inter
1076 2698 1270 2779 Symmistas
1284 2698 1485 2765 obtinebat.
1535 2702 1602 2765 Sed
1614 2724 1648 2765 eo

432 2783 572 2844 Romam
587 2784 712 2864 pridem
727 2791 865 2845 euocato
882 2803 977 2844 nemo
995 2784 1104 2845 adhuc
1124 2784 1280 2845 suffectus
1294 2788 1356 2855 est,
1373 2785 1479 2847 cuius
1495 2787 1649 2850 doctrina

430 2867 610 2928 medicinae
626 2867 772 2928 studium
787 2867 839 2928 hic
854 2866 1045 2928 celebretur.

384 2966 418 3016 40
472 2951 644 3012 Nicolaum
656 2951 871 3013 Leonicenum
881 2953 1045 3031 superiore
1054 2971 1140 3013 anno
1149 2952 1211 3013 scis
1221 2970 1261 3012 ex
1271 2948 1430 3012 humanis
1440 2953 1647 3018 discessisse

431 3033 574 3095 Lazarus
589 3035 786 3096 Bonamicus
800 3036 886 3095 inter
900 3035 1069 3096 literarum
1085 3036 1275 3096 Latinarum
1290 3041 1325 3095 et
1340 3031 1559 3101 Graecarum
1577 3060 1648 3121 pro·

430 3116 566 3178 fessores
586 3120 757 3197 praecipue
779 3117 956 3198 probatur:
981 3118 1079 3179 seda
1103 3120 1241 3179 nonita
1260 3117 1372 3177 multis
1396 3119 1433 3179 in
1456 3120 1648 3185 factionem

430 3199 673 3262 Ciceronianam
685 3203 815 3262 deuotis
825 3221 863 3262 ac
875 3203 990 3262 iuratis
1001 3223 1008 3275 ;
1027 3203 1084 3280 qui
1095 3202 1146 3262 hic
1158 3208 1334 3281 patronum
1349 3200 1488 3264 habent
1505 3205 1648 3269 Petrum

430 3284 601 3357 Bembum,
616 3304 713 3363 quem
729 3286 828 3346 semel
843 3291 944 3363 atque
962 3286 1081 3345 iterum
1101 3285 1262 3345 salutaui:
1285 3282 1342 3343 sed
1359 3289 1523 3349 assueuit
1542 3292 1648 3371 magis

383 3381 415 3432 45
430 3367 545 3428 Italics
555 3368 653 3446 loqui,
666 3374 766 3446 atque
777 3388 849 3430 eam
861 3369 902 3429 ob
915 3387 1047 3428 causam
1059 3369 1166 3428 minus
1181 3367 1260 3427 mihi
1275 3386 1371 3446 saepe
1386 3366 1449 3429 illo
1463 3369 1541 3433 frui
1557 3373 1646 3435 licet.

429 3450 630 3529 Suoquetum
650 3460 799 3512 nostrum
819 3451 882 3511 huc
903 3451 1092 3512 tendentem
1110 3450 1257 3511 intellexi
1277 3450 1413 3510 Taurini
1432 3452 1645 3519 substitisse.

429 3534 579 3613 Egocum
587 3534 1053 3614 Augustanisadolescentibus
1061 3534 1264 3614 splendidam
1273 3534 1323 3593 hic
1332 3532 1472 3596 domum
1479 3540 1646 3614 conduxi,

428 3726 1000 3858 s.¹⁷e?hlli¹i'.¹¹⁸fls¹³'0⁶{hildilid
1052 3723 1648 3859 ‹noilliisii'iffiuffliii’dt'i

427 3860 532 3910 introd.
1052 3859 1155 3909 Pavia:
1179 3860 1294 3909 became
1314 3858 1399 3923 judge
1419 3861 1452 3909 oi
1472 3866 1592 3927 appeal
1615 3874 1648 3918 gt

461 3941 536 3989 ²2-3·
555 3927 699 3978 Ludouico
724 3927 806 3988 Cato]
832 3926 920 3976 Catus
942 3926 1000 3976 had
1051 3926 1187 3976 Mantua:
1221 3925 1373 3976 coancillor
1397 3925 1428 3974 of
1459 3927 1590 3982 Francis
1618 3948 1645 3984 1:

427 3994 499 4043 been
516 3995 570 4044 like
586 3995 689 4044 Alciati
705 3995 747 4053 (to
765 3996 858 4044 whom
872 3994 908 4043 he
923 3992 999 4042 dedi·
1050 3993 1134 4042 made
1145 3993 1274 4058 prisoner
1281 3992 1320 4056 by
1327 3993 1376 4043 the
1385 3991 1528 4056 Imperial
1537 4003 1646 4065 troops

427 4061 605 4111 catedoneof
613 4063 656 4111 his
664 4061 764 4120 books)
772 4060 912 4125 spupilof
919 4059 1000 4109 Oarlo
1050 4059 1189 4109 atPavia:
1202 4058 1352 4109 ransomed
1358 4059 1645 4122 bytheVenetians:

427 4127 522 4178 Ruini.
558 4128 617 4177 The
633 4127 783 4191 projectos
798 4127 929 4192 bringing
940 4127 1000 4176 him
1050 4126 1165 4176 became
1182 4126 1327 4176 Professor
1343 4126 1373 4175 oi
1393 4124 1447 4175 law
1462 4133 1498 4177 at
1515 4128 1645 4183 Padua:

426 4209 458 4243 as
469 4194 614 4244 Professor
628 4201 659 4243 to
673 4194 772 4243 Padua
783 4210 872 4244 seems
883 4199 915 4244 to
926 4194 999 4244 have
1050 4199 1139 4243 wrote
1150 4192 1221 4257 legal
1232 4193 1371 4243 treatisea.

426 4261 497 4310 been
518 4261 626 4310 carried
643 4261 705 4309 into
722 4261 814 4319 effect,
833 4262 909 4311 since
926 4261 998 4311 from
1083 4273 1125 4324 40.
1150 4259 1299 4309 Nicolaum
1332 4259 1538 4323 Leonicenum]
1580 4265 1643 4329 †28

426 4326 508 4376 VZE.
527 4342 560 4376 20
576 4343 618 4377 we
636 4327 714 4377 leam
732 4329 797 4378 that
813 4329 842 4377 in
857 4343 889 4377 or
903 4327 999 4377 before
1050 4327 1147 4376 March
1161 4340 1240 4388 1531;
1258 4341 1304 4375 see
1315 4325 1369 4390 Ep.
1384 4338 1456 4389 1479.
1474 4329 1556 4378 r8on.

427 4393 490 4443 Oct.
505 4407 568 4456 153²
579 4394 616 4443 he
627 4394 774 4444 conferred
789 4395 838 4444 the
852 4394 999 4444 doctorate
1083 4407 1124 4456 45.
1143 4393 1243 4443 Italics
1251 4392 1340 4457 loqui]
1347 4390 1558 4456 WhatViglius
1568 4413 1641 4464 says

426 4460 456 4510 of
478 4461 545 4510 laws
568 4476 605 4510 on
628 4460 745 4525 Viglius'
768 4467 826 4511 two
849 4460 999 4524 Augsburg
1049 4461 1080 4510 of
1095 4459 1229 4511 Bembo’s
1244 4459 1405 4524 preference
1419 4458 1464 4507 for
1481 4459 1597 4513 Italian
1614 4467 1641 4515 is

447 4527 530 4592 upils‚
540 4526 629 4576 Claud
638 4527 791 4592 Peutinger
801 4528 859 4577 and
870 4527 999 4576 Leonard
1049 4527 1185 4592 repeated
1198 4527 1256 4577 and
1269 4525 1413 4591 amplified
1427 4526 1456 4575 in
1471 4525 1639 4591 cognatus*

425 4543 637 4658 {angemantel
1051 4594 1253 4658 Tcpoprcphia,
1265 4592 1330 4657 Cog.
1343 4592 1377 4641 Ε.
1390 4592 1409 4650 i,
1422 4607 1450 4657 p.
1463 4594 1524 4657 383.

459 4674 499 4725 34.
518 4659 999 4725 MatthaeusCurtius]†1544‚aged
1084 4674 1125 4724 47.
1155 4660 1331 4726 Augustanis
1384 4659 1635 4728 adolescentibus]

425 4741 466 4791 70.
501 4728 578 4777 Born
586 4733 618 4777 at
627 4727 730 4777 Pavia:
749 4728 852 4791 taught
860 4726 998 4776 medicine
1048 4727 1165 4791 Viglius’
1192 4728 1288 4792 pupils
1312 4725 1380 4777 Geo.
1406 4726 1634 4793 Paumgartner,

424 4799 456 4843 at
470 4793 567 4852 Pavia,
584 4793 693 4852 Padus,
705 4794 841 4857 Bologna,
854 4793 996 4851 Florence‚
1048 4793 1137 4843 Claud
1149 4793 1302 4858 Peutinger
1310 4793 1368 4843 and
1377 4793 1506 4844 Iconmd
1517 4795 1631 4861 Lange-

424 4860 482 4910 and
493 4860 574 4910 Pisa:
592 4876 650 4910 was
659 4859 821 4925 frequently
829 4859 997 4910 summoned
1047 4860 1176 4918 mantell,
1203 4860 1260 4909 and
1282 4861 1384 4926 Henry
1405 4859 1464 4910 and
1487 4859 1632 4919 Quirinus

424 4932 455 4977 to
469 4927 560 4977 Rome
574 4928 613 4991 by
626 4927 755 4979 Clement
768 4939 826 4976 vn:
845 4926 997 4991 published
1047 4926 1224 4992 Rechlinger,
1241 4928 1291 4977 the
1305 4927 1361 4978 last
1375 4933 1433 4979 two
1447 4926 1584 4991 nephews
1596 4930 1631 4980 of

423 5009 511 5058 many
522 4993 641 5044 medical
650 4994 789 5045 trectiscs.
824 4993 994 5044 Seoncher.
1046 4994 1115 5045 Ant.
1125 4993 1260 5059 Fugger's
1270 4994 1344 5044 wife.
