<?xml version="1.0" encoding="UTF-8"?>
<!DOCTYPE html PUBLIC "-//W3C//DTD XHTML 1.0 Transitional//EN"
    "http://www.w3.org/TR/xhtml1/DTD/xhtml1-transitional.dtd">
<html xmlns="http://www.w3.org/1999/xhtml" xml:lang="en" lang="en">
 <head>
  <title>
</title>
<meta http-equiv="Content-Type" content="text/html;charset=utf-8" />
  <meta name='ocr-system' content='tesseract 3.04.00' />
  <meta name='ocr-capabilities' content='ocr_page ocr_carea ocr_par ocr_line ocrx_word'/>
</head>
<body>
  <div class='ocr_page' id='page_1' title='image "./opusepistolarum02garrgoog_0474.png"; bbox 0 0 4042 5900; ppageno 0'>
   <div class='ocr_carea' id='block_1_1' title="bbox 448 595 1641 676">
    <p class='ocr_par' dir='ltr' id='par_1_1' title="bbox 448 595 1641 676">
     <span class='ocr_line' id='line_1_1' title="bbox 448 595 1641 676; baseline 0 -16"><span class='ocrx_word' id='word_1_1' title='bbox 448 598 510 660; x_wconf 83' lang='lat'><strong>438</strong></span> <span class='ocrx_word' id='word_1_2' title='bbox 795 595 994 659; x_wconf 82' lang='lat' dir='ltr'>LETTERS</span> <span class='ocrx_word' id='word_1_3' title='bbox 1016 595 1072 658; x_wconf 86' lang='lat' dir='ltr'><strong>OE</strong></span> <span class='ocrx_word' id='word_1_4' title='bbox 1091 595 1316 659; x_wconf 84' lang='lat' dir='ltr'><strong>ERASMUS</strong></span> <span class='ocrx_word' id='word_1_5' title='bbox 1582 600 1641 676; x_wconf 69' lang='lat'>[1532</span> 
     </span>
    </p>
   </div>
   <div class='ocr_carea' id='block_1_2' title="bbox 387 754 1672 4504">
    <p class='ocr_par' dir='ltr' id='par_1_2' title="bbox 387 754 1672 4504">
     <span class='ocr_line' id='line_1_2' title="bbox 448 754 1644 837; baseline -0.003 -18"><span class='ocrx_word' id='word_1_6' title='bbox 448 758 626 820; x_wconf 82' lang='lat' dir='ltr'>Eusebium</span> <span class='ocrx_word' id='word_1_7' title='bbox 655 756 854 837; x_wconf 82' lang='lat' dir='ltr'><strong>Episcopum</strong></span> <span class='ocrx_word' id='word_1_8' title='bbox 882 756 1063 817; x_wconf 75' lang='lat' dir='ltr'><strong>ambitione</strong></span> <span class='ocrx_word' id='word_1_9' title='bbox 1091 754 1294 816; x_wconf 86' lang='lat' dir='ltr'><strong>tendentem</strong></span> <span class='ocrx_word' id='word_1_10' title='bbox 1329 754 1381 816; x_wconf 85' lang='lat' dir='ltr'><strong>ad</strong></span> <span class='ocrx_word' id='word_1_11' title='bbox 1414 755 1603 817; x_wconf 84' lang='lat' dir='ltr'><strong>seditionem</strong></span> <span class='ocrx_word' id='word_1_12' title='bbox 1620 776 1644 816; x_wconf 83' lang='lat' dir='ltr'><strong>a</strong></span> 
     </span>
     <span class='ocr_line' id='line_1_3' title="bbox 448 837 1644 919; baseline -0.001 -17"><span class='ocrx_word' id='word_1_13' title='bbox 448 840 577 903; x_wconf 87' lang='lat' dir='ltr'><strong>aemulo</strong></span> <span class='ocrx_word' id='word_1_14' title='bbox 600 840 745 902; x_wconf 79' lang='lat' dir='ltr'><strong>reddidit</strong></span> <span class='ocrx_word' id='word_1_15' title='bbox 772 840 1016 901; x_wconf 88' lang='lat' dir='ltr'><strong>amicissimum.</strong></span> <span class='ocrx_word' id='word_1_16' title='bbox 1059 838 1131 899; x_wconf 86' lang='lat' dir='ltr'><strong>Hac</strong></span> <span class='ocrx_word' id='word_1_17' title='bbox 1164 837 1375 899; x_wconf 76' lang='lat' dir='ltr'><strong>Modestum</strong></span> <span class='ocrx_word' id='word_1_18' title='bbox 1408 838 1562 901; x_wconf 85' lang='lat' dir='ltr'><strong>Caesaris</strong></span> <span class='ocrx_word' id='word_1_19' title='bbox 1584 859 1644 919; x_wconf 74' lang='lat' dir='ltr'><strong>pru·</strong></span> 
     </span>
     <span class='ocr_line' id='line_1_4' title="bbox 401 922 1646 1003; baseline -0.002 -17"><span class='ocrx_word' id='word_1_20' title='bbox 401 945 435 994; x_wconf 84' lang='lat'><strong>95</strong></span> <span class='ocrx_word' id='word_1_21' title='bbox 447 925 571 986; x_wconf 89' lang='lat' dir='ltr'><strong>fectum</strong></span> <span class='ocrx_word' id='word_1_22' title='bbox 586 925 631 985; x_wconf 88' lang='lat' dir='ltr'><strong>sic</strong></span> <span class='ocrx_word' id='word_1_23' title='bbox 643 924 840 1003; x_wconf 78' lang='lat' dir='ltr'><strong>contempsit</strong></span> <span class='ocrx_word' id='word_1_24' title='bbox 854 929 893 983; x_wconf 89' lang='lat' dir='ltr'><strong>vt</strong></span> <span class='ocrx_word' id='word_1_25' title='bbox 907 923 1072 984; x_wconf 93' lang='lat' dir='ltr'><strong>hominem</strong></span> <span class='ocrx_word' id='word_1_26' title='bbox 1081 922 1218 1002; x_wconf 91' lang='lat' dir='ltr'><strong>impium</strong></span> <span class='ocrx_word' id='word_1_27' title='bbox 1235 923 1393 983; x_wconf 85' lang='lat' dir='ltr'><strong>virtutis</strong></span> <span class='ocrx_word' id='word_1_28' title='bbox 1405 922 1542 1002; x_wconf 80' lang='lat' dir='ltr'><strong>fulgore</strong></span> <span class='ocrx_word' id='word_1_29' title='bbox 1554 932 1646 1003; x_wconf 74' lang='lat' dir='ltr'><strong>repara</strong></span> 
     </span>
     <span class='ocr_line' id='line_1_5' title="bbox 448 1005 1647 1084; baseline -0.002 -15"><span class='ocrx_word' id='word_1_30' title='bbox 448 1010 481 1069; x_wconf 93' lang='lat' dir='ltr'><strong>in</strong></span> <span class='ocrx_word' id='word_1_31' title='bbox 507 1009 557 1068; x_wconf 90' lang='lat' dir='ltr'><strong>sui</strong></span> <span class='ocrx_word' id='word_1_32' title='bbox 580 1007 841 1069; x_wconf 78' lang='lat' dir='ltr'><strong>admirationem.</strong></span> <span class='ocrx_word' id='word_1_33' title='bbox 884 1006 957 1067; x_wconf 89' lang='lat' dir='ltr'><strong>Hac</strong></span> <span class='ocrx_word' id='word_1_34' title='bbox 977 1005 1154 1067; x_wconf 82' lang='lat' dir='ltr'><strong>Eusebium</strong></span> <span class='ocrx_word' id='word_1_35' title='bbox 1177 1005 1282 1066; x_wconf 85' lang='lat' dir='ltr'><strong>Ponti</strong></span> <span class='ocrx_word' id='word_1_36' title='bbox 1310 1006 1540 1084; x_wconf 88' lang='lat' dir='ltr'><strong>praefectum</strong></span> <span class='ocrx_word' id='word_1_37' title='bbox 1559 1006 1647 1067; x_wconf 74' lang='lat' dir='ltr'><strong>derisit</strong></span> 
     </span>
     <span class='ocr_line' id='line_1_6' title="bbox 448 1087 1648 1170; baseline -0.001 -18"><span class='ocrx_word' id='word_1_38' title='bbox 448 1092 639 1170; x_wconf 87' lang='lat' dir='ltr'><strong>deiecitque,</strong></span> <span class='ocrx_word' id='word_1_39' title='bbox 655 1110 693 1151; x_wconf 87' lang='lat' dir='ltr'><strong>ao</strong></span> <span class='ocrx_word' id='word_1_40' title='bbox 709 1109 785 1152; x_wconf 89' lang='lat' dir='ltr'><strong>mox</strong></span> <span class='ocrx_word' id='word_1_41' title='bbox 807 1090 934 1151; x_wconf 89' lang='lat' dir='ltr'><strong>deiecto</strong></span> <span class='ocrx_word' id='word_1_42' title='bbox 949 1088 1029 1150; x_wconf 91' lang='lat' dir='ltr'><strong>tulit</strong></span> <span class='ocrx_word' id='word_1_43' title='bbox 1043 1108 1148 1169; x_wconf 90' lang='lat' dir='ltr'><strong>opem.</strong></span> <span class='ocrx_word' id='word_1_44' title='bbox 1191 1087 1270 1149; x_wconf 90' lang='lat' dir='ltr'><strong>Hac</strong></span> <span class='ocrx_word' id='word_1_45' title='bbox 1288 1089 1417 1167; x_wconf 84' lang='lat' dir='ltr'><strong>ipsum</strong></span> <span class='ocrx_word' id='word_1_46' title='bbox 1438 1089 1648 1170; x_wconf 77' lang='lat' dir='ltr'><strong>Imperatorrr</strong></span> 
     </span>
     <span class='ocr_line' id='line_1_7' title="bbox 449 1172 1650 1253; baseline -0.001 -18"><span class='ocrx_word' id='word_1_47' title='bbox 449 1175 630 1246; x_wconf 89' lang='lat' dir='ltr'><strong>Valentem,</strong></span> <span class='ocrx_word' id='word_1_48' title='bbox 650 1193 751 1252; x_wconf 91' lang='lat' dir='ltr'><strong>quum</strong></span> <span class='ocrx_word' id='word_1_49' title='bbox 774 1175 938 1253; x_wconf 91' lang='lat' dir='ltr'><strong>ingressus</strong></span> <span class='ocrx_word' id='word_1_50' title='bbox 959 1178 1045 1234; x_wconf 87' lang='lat' dir='ltr'><strong>esset</strong></span> <span class='ocrx_word' id='word_1_51' title='bbox 1063 1172 1243 1244; x_wconf 90' lang='lat' dir='ltr'><strong>ecclesiam,</strong></span> <span class='ocrx_word' id='word_1_52' title='bbox 1267 1173 1434 1251; x_wconf 91' lang='lat' dir='ltr'><strong>primum</strong></span> <span class='ocrx_word' id='word_1_53' title='bbox 1457 1175 1497 1234; x_wconf 92' lang='lat' dir='ltr'><strong>in</strong></span> <span class='ocrx_word' id='word_1_54' title='bbox 1515 1181 1650 1253; x_wconf 72' lang='lat' dir='ltr'><strong>stupores</strong></span> 
     </span>
     <span class='ocr_line' id='line_1_8' title="bbox 449 1254 1650 1338; baseline 0.001 -20"><span class='ocrx_word' id='word_1_55' title='bbox 449 1258 576 1338; x_wconf 89' lang='lat' dir='ltr'><strong>adegit:</strong></span> <span class='ocrx_word' id='word_1_56' title='bbox 608 1277 685 1318; x_wconf 94' lang='lat' dir='ltr'><strong>mox</strong></span> <span class='ocrx_word' id='word_1_57' title='bbox 701 1258 843 1337; x_wconf 75' lang='lat' dir='ltr'><strong>sapienti</strong></span> <span class='ocrx_word' id='word_1_58' title='bbox 856 1255 1020 1334; x_wconf 90' lang='lat' dir='ltr'><strong>colloquio</strong></span> <span class='ocrx_word' id='word_1_59' title='bbox 1039 1275 1059 1317; x_wconf 94' lang='lat' dir='ltr'><strong>a</strong></span> <span class='ocrx_word' id='word_1_60' title='bbox 1076 1260 1236 1334; x_wconf 90' lang='lat' dir='ltr'><strong>concepta</strong></span> <span class='ocrx_word' id='word_1_61' title='bbox 1254 1254 1483 1317; x_wconf 86' lang='lat' dir='ltr'><strong>crudelitate</strong></span> <span class='ocrx_word' id='word_1_62' title='bbox 1503 1257 1650 1327; x_wconf 60' lang='lat' dir='ltr'><strong>deterruit</strong></span> 
     </span>
     <span class='ocr_line' id='line_1_9' title="bbox 387 1338 1651 1419; baseline 0 -17"><span class='ocrx_word' id='word_1_63' title='bbox 387 1354 436 1389; x_wconf 93' lang='grc'>100</span> <span class='ocrx_word' id='word_1_64' title='bbox 448 1347 548 1419; x_wconf 88' lang='lat' dir='ltr'><strong>atque</strong></span> <span class='ocrx_word' id='word_1_65' title='bbox 558 1342 660 1401; x_wconf 89' lang='lat' dir='ltr'><strong>etiam</strong></span> <span class='ocrx_word' id='word_1_66' title='bbox 674 1341 716 1402; x_wconf 91' lang='lat' dir='ltr'><strong>ab</strong></span> <span class='ocrx_word' id='word_1_67' title='bbox 727 1341 850 1402; x_wconf 86' lang='lat' dir='ltr'><strong>Ariana</strong></span> <span class='ocrx_word' id='word_1_68' title='bbox 860 1339 1003 1400; x_wconf 88' lang='lat' dir='ltr'><strong>faotione</strong></span> <span class='ocrx_word' id='word_1_69' title='bbox 1013 1340 1190 1410; x_wconf 88' lang='lat' dir='ltr'><strong>reuocauit,</strong></span> <span class='ocrx_word' id='word_1_70' title='bbox 1201 1338 1277 1411; x_wconf 86' lang='lat' dir='ltr'><strong>nisi,</strong></span> <span class='ocrx_word' id='word_1_71' title='bbox 1289 1339 1396 1417; x_wconf 90' lang='lat' dir='ltr'><strong>quod</strong></span> <span class='ocrx_word' id='word_1_72' title='bbox 1408 1339 1518 1402; x_wconf 90' lang='lat' dir='ltr'><strong>huius</strong></span> <span class='ocrx_word' id='word_1_73' title='bbox 1532 1340 1651 1402; x_wconf 75' lang='lat' dir='ltr'><strong>amabi&#39;s</strong></span> 
     </span>
     <span class='ocr_line' id='line_1_10' title="bbox 448 1421 1652 1502; baseline 0.001 -17"><span class='ocrx_word' id='word_1_74' title='bbox 448 1425 583 1486; x_wconf 86' lang='lat' dir='ltr'><strong>libertas</strong></span> <span class='ocrx_word' id='word_1_75' title='bbox 607 1429 837 1485; x_wconf 74' lang='lat' dir='ltr'><strong>construxerat</strong></span> <span class='ocrx_word' id='word_1_76' title='bbox 861 1423 999 1485; x_wconf 91' lang='lat' dir='ltr'><strong>aliorum</strong></span> <span class='ocrx_word' id='word_1_77' title='bbox 1025 1424 1177 1502; x_wconf 81' lang='lat' dir='ltr'><strong>pertinax</strong></span> <span class='ocrx_word' id='word_1_78' title='bbox 1202 1421 1424 1500; x_wconf 82' lang='lat' dir='ltr'><strong>improbitas</strong></span> <span class='ocrx_word' id='word_1_79' title='bbox 1449 1424 1652 1485; x_wconf 67' lang='lat' dir='ltr'><strong>destruxisti</strong></span> 
     </span>
     <span class='ocr_line' id='line_1_11' title="bbox 448 1504 1653 1586; baseline 0.002 -18"><span class='ocrx_word' id='word_1_80' title='bbox 448 1508 585 1569; x_wconf 89' lang='lat' dir='ltr'><strong>Animus</strong></span> <span class='ocrx_word' id='word_1_81' title='bbox 599 1513 671 1569; x_wconf 90' lang='lat' dir='ltr'><strong>erat</strong></span> <span class='ocrx_word' id='word_1_82' title='bbox 690 1507 772 1568; x_wconf 90' lang='lat' dir='ltr'><strong>adeo</strong></span> <span class='ocrx_word' id='word_1_83' title='bbox 788 1512 925 1586; x_wconf 89' lang='lat' dir='ltr'><strong>paratus</strong></span> <span class='ocrx_word' id='word_1_84' title='bbox 947 1505 990 1566; x_wconf 87' lang='lat' dir='ltr'><strong>ad</strong></span> <span class='ocrx_word' id='word_1_85' title='bbox 1009 1507 1206 1584; x_wconf 82' lang='lat' dir='ltr'><strong>martyrium</strong></span> <span class='ocrx_word' id='word_1_86' title='bbox 1223 1511 1266 1566; x_wconf 91' lang='lat' dir='ltr'><strong>vt</strong></span> <span class='ocrx_word' id='word_1_87' title='bbox 1283 1504 1381 1567; x_wconf 91' lang='lat' dir='ltr'><strong>illud</strong></span> <span class='ocrx_word' id='word_1_88' title='bbox 1406 1510 1562 1570; x_wconf 88' lang='lat' dir='ltr'><strong>muneris</strong></span> <span class='ocrx_word' id='word_1_89' title='bbox 1578 1510 1653 1569; x_wconf 81' lang='lat' dir='ltr'><strong>etim</strong></span> 
     </span>
     <span class='ocr_line' id='line_1_12' title="bbox 449 1587 1655 1672; baseline 0.001 -20"><span class='ocrx_word' id='word_1_90' title='bbox 449 1598 623 1671; x_wconf 78' lang='lat' dir='ltr'><strong>exoptaret</strong></span> <span class='ocrx_word' id='word_1_91' title='bbox 638 1591 718 1651; x_wconf 86' lang='lat' dir='ltr'><strong>loco.</strong></span> <span class='ocrx_word' id='word_1_92' title='bbox 763 1590 802 1651; x_wconf 90' lang='lat' dir='ltr'><strong>In</strong></span> <span class='ocrx_word' id='word_1_93' title='bbox 818 1590 949 1669; x_wconf 88' lang='lat' dir='ltr'><strong>scriptis</strong></span> <span class='ocrx_word' id='word_1_94' title='bbox 964 1588 1051 1650; x_wconf 91' lang='lat' dir='ltr'><strong>illius</strong></span> <span class='ocrx_word' id='word_1_95' title='bbox 1073 1587 1154 1650; x_wconf 91' lang='lat' dir='ltr'><strong>nibil</strong></span> <span class='ocrx_word' id='word_1_96' title='bbox 1172 1606 1318 1666; x_wconf 90' lang='lat' dir='ltr'><strong>vsquam</strong></span> <span class='ocrx_word' id='word_1_97' title='bbox 1344 1590 1532 1672; x_wconf 88' lang='lat' dir='ltr'><strong>obstrepit</strong></span> <span class='ocrx_word' id='word_1_98' title='bbox 1547 1591 1655 1652; x_wconf 82' lang='lat' dir='ltr'><strong>humari</strong></span> 
     </span>
     <span class='ocr_line' id='line_1_13' title="bbox 449 1672 1655 1754; baseline 0.002 -19"><span class='ocrx_word' id='word_1_99' title='bbox 449 1675 597 1747; x_wconf 78' lang='lat' dir='ltr'><strong>affectus,</strong></span> <span class='ocrx_word' id='word_1_100' title='bbox 611 1692 774 1753; x_wconf 79' lang='lat' dir='ltr'><strong>nusquam</strong></span> <span class='ocrx_word' id='word_1_101' title='bbox 789 1692 882 1733; x_wconf 90' lang='lat' dir='ltr'><strong>suam</strong></span> <span class='ocrx_word' id='word_1_102' title='bbox 902 1674 972 1752; x_wconf 90' lang='lat' dir='ltr'><strong>agit</strong></span> <span class='ocrx_word' id='word_1_103' title='bbox 990 1692 1134 1734; x_wconf 87' lang='lat' dir='ltr'><strong>causam.</strong></span> <span class='ocrx_word' id='word_1_104' title='bbox 1178 1672 1373 1746; x_wconf 87' lang='lat' dir='ltr'><strong>Postremo,</strong></span> <span class='ocrx_word' id='word_1_105' title='bbox 1392 1674 1491 1735; x_wconf 90' lang='lat' dir='ltr'><strong>inest</strong></span> <span class='ocrx_word' id='word_1_106' title='bbox 1512 1675 1655 1754; x_wconf 80' lang='lat' dir='ltr'><strong>quiddm,</strong></span> 
     </span>
     <span class='ocr_line' id='line_1_14' title="bbox 388 1755 1657 1839; baseline 0.002 -20"><span class='ocrx_word' id='word_1_107' title='bbox 388 1770 435 1819; x_wconf 87' lang='grc'>105</span> <span class='ocrx_word' id='word_1_108' title='bbox 449 1758 538 1837; x_wconf 93' lang='lat' dir='ltr'><strong>quod</strong></span> <span class='ocrx_word' id='word_1_109' title='bbox 547 1776 612 1836; x_wconf 93' lang='lat' dir='ltr'><strong>quo</strong></span> <span class='ocrx_word' id='word_1_110' title='bbox 622 1758 752 1818; x_wconf 90' lang='lat' dir='ltr'><strong>nomine</strong></span> <span class='ocrx_word' id='word_1_111' title='bbox 761 1758 805 1817; x_wconf 90' lang='lat' dir='ltr'><strong>sit</strong></span> <span class='ocrx_word' id='word_1_112' title='bbox 813 1755 1046 1837; x_wconf 90' lang='lat' dir='ltr'><strong>appellandum</strong></span> <span class='ocrx_word' id='word_1_113' title='bbox 1055 1755 1200 1816; x_wconf 90' lang='lat' dir='ltr'><strong>nondum</strong></span> <span class='ocrx_word' id='word_1_114' title='bbox 1211 1755 1339 1817; x_wconf 90' lang='lat' dir='ltr'><strong>inueni.</strong></span> <span class='ocrx_word' id='word_1_115' title='bbox 1380 1757 1657 1839; x_wconf 74' lang='lat' dir='ltr'><strong>Adestpeculiarh</strong></span> 
     </span>
     <span class='ocr_line' id='line_1_15' title="bbox 448 1837 1657 1921; baseline 0.002 -20"><span class='ocrx_word' id='word_1_116' title='bbox 448 1842 556 1921; x_wconf 88' lang='lat' dir='ltr'><strong>gratia</strong></span> <span class='ocrx_word' id='word_1_117' title='bbox 587 1860 672 1920; x_wconf 89' lang='lat' dir='ltr'><strong>quae</strong></span> <span class='ocrx_word' id='word_1_118' title='bbox 701 1859 870 1919; x_wconf 87' lang='lat' dir='ltr'><strong>nunquam</strong></span> <span class='ocrx_word' id='word_1_119' title='bbox 903 1840 1005 1901; x_wconf 89' lang='lat' dir='ltr'><strong>satiat</strong></span> <span class='ocrx_word' id='word_1_120' title='bbox 1040 1838 1201 1919; x_wconf 85' lang='lat' dir='ltr'><strong>legentem</strong></span> <span class='ocrx_word' id='word_1_121' title='bbox 1232 1837 1292 1898; x_wconf 87' lang='lat' dir='ltr'><strong>sed</strong></span> <span class='ocrx_word' id='word_1_122' title='bbox 1327 1858 1478 1921; x_wconf 86' lang='lat' dir='ltr'><strong>semper</strong></span> <span class='ocrx_word' id='word_1_123' title='bbox 1512 1844 1657 1904; x_wconf 82' lang='lat' dir='ltr'><strong>sitianterr</strong></span> 
     </span>
     <span class='ocr_line' id='line_1_16' title="bbox 449 1924 599 1985; baseline 0 0"><span class='ocrx_word' id='word_1_124' title='bbox 449 1924 599 1985; x_wconf 90' lang='lat' dir='ltr'><strong>dimittit.</strong></span> 
     </span>
     <span class='ocr_line' id='line_1_17' title="bbox 491 2004 1658 2087; baseline 0.001 -19"><span class='ocrx_word' id='word_1_125' title='bbox 491 2008 610 2087; x_wconf 89' lang='lat' dir='ltr'><strong>Itaque</strong></span> <span class='ocrx_word' id='word_1_126' title='bbox 624 2026 726 2086; x_wconf 91' lang='lat' dir='ltr'><strong>quum</strong></span> <span class='ocrx_word' id='word_1_127' title='bbox 746 2007 827 2068; x_wconf 93' lang='lat' dir='ltr'><strong>mihi</strong></span> <span class='ocrx_word' id='word_1_128' title='bbox 848 2007 1081 2086; x_wconf 89' lang='lat' dir='ltr'><strong>persuasissem</strong></span> <span class='ocrx_word' id='word_1_129' title='bbox 1099 2004 1187 2068; x_wconf 91' lang='lat' dir='ltr'><strong>baud</strong></span> <span class='ocrx_word' id='word_1_130' title='bbox 1204 2004 1418 2068; x_wconf 83' lang='lat' dir='ltr'><strong>mediocrem</strong></span> <span class='ocrx_word' id='word_1_131' title='bbox 1437 2009 1658 2071; x_wconf 76' lang='lat' dir='ltr'><strong>utilitatemat</strong></span> 
     </span>
     <span class='ocr_line' id='line_1_18' title="bbox 449 2089 1660 2169; baseline 0.002 -18"><span class='ocrx_word' id='word_1_132' title='bbox 449 2092 549 2152; x_wconf 89' lang='lat' dir='ltr'><strong>sacris</strong></span> <span class='ocrx_word' id='word_1_133' title='bbox 571 2091 689 2151; x_wconf 90' lang='lat' dir='ltr'><strong>studiis</strong></span> <span class='ocrx_word' id='word_1_134' title='bbox 718 2096 753 2151; x_wconf 90' lang='lat' dir='ltr'><strong>et</strong></span> <span class='ocrx_word' id='word_1_135' title='bbox 780 2089 982 2151; x_wconf 85' lang='lat' dir='ltr'><strong>Christianae</strong></span> <span class='ocrx_word' id='word_1_136' title='bbox 1007 2090 1126 2169; x_wconf 89' lang='lat' dir='ltr'><strong>pietati</strong></span> <span class='ocrx_word' id='word_1_137' title='bbox 1151 2108 1373 2162; x_wconf 76' lang='lat' dir='ltr'><strong>accessuram,</strong></span> <span class='ocrx_word' id='word_1_138' title='bbox 1405 2093 1438 2152; x_wconf 91' lang='lat' dir='ltr'><strong>si</strong></span> <span class='ocrx_word' id='word_1_139' title='bbox 1466 2112 1542 2155; x_wconf 88' lang='lat' dir='ltr'><strong>non</strong></span> <span class='ocrx_word' id='word_1_140' title='bbox 1564 2093 1660 2154; x_wconf 82' lang='lat' dir='ltr'><strong>vmbra</strong></span> 
     </span>
     <span class='ocr_line' id='line_1_19' title="bbox 389 2172 1660 2257; baseline 0.003 -23"><span class='ocrx_word' id='word_1_141' title='bbox 389 2187 437 2223; x_wconf 90' lang='grc'><strong>110</strong></span> <span class='ocrx_word' id='word_1_142' title='bbox 450 2175 571 2247; x_wconf 89' lang='lat' dir='ltr'><strong>Basilii,</strong></span> <span class='ocrx_word' id='word_1_143' title='bbox 587 2173 644 2234; x_wconf 87' lang='lat' dir='ltr'><strong>sed</strong></span> <span class='ocrx_word' id='word_1_144' title='bbox 659 2175 726 2252; x_wconf 88' lang='lat' dir='ltr'><strong>ipse</strong></span> <span class='ocrx_word' id='word_1_145' title='bbox 749 2173 889 2233; x_wconf 76' lang='lat' dir='ltr'><strong>Basilius</strong></span> <span class='ocrx_word' id='word_1_146' title='bbox 903 2175 937 2233; x_wconf 94' lang='lat' dir='ltr'><strong>in</strong></span> <span class='ocrx_word' id='word_1_147' title='bbox 958 2173 1109 2234; x_wconf 88' lang='lat' dir='ltr'><strong>manibus</strong></span> <span class='ocrx_word' id='word_1_148' title='bbox 1127 2172 1271 2234; x_wconf 91' lang='lat' dir='ltr'><strong>omnium</strong></span> <span class='ocrx_word' id='word_1_149' title='bbox 1291 2181 1515 2250; x_wconf 83' lang='lat' dir='ltr'><strong>versaretur,</strong></span> <span class='ocrx_word' id='word_1_150' title='bbox 1532 2177 1660 2257; x_wconf 66' lang='lat' dir='ltr'><strong>parsum</strong></span> 
     </span>
     <span class='ocr_line' id='line_1_20' title="bbox 450 2253 1660 2340; baseline 0.004 -23"><span class='ocrx_word' id='word_1_151' title='bbox 450 2258 652 2336; x_wconf 89' lang='lat' dir='ltr'><strong>Hieronymo</strong></span> <span class='ocrx_word' id='word_1_152' title='bbox 666 2256 825 2317; x_wconf 84' lang='lat' dir='ltr'><strong>Frobenio</strong></span> <span class='ocrx_word' id='word_1_153' title='bbox 839 2262 941 2334; x_wconf 86' lang='lat' dir='ltr'><strong>atque</strong></span> <span class='ocrx_word' id='word_1_154' title='bbox 951 2256 1049 2317; x_wconf 90' lang='lat' dir='ltr'><strong>huius</strong></span> <span class='ocrx_word' id='word_1_155' title='bbox 1063 2257 1150 2317; x_wconf 90' lang='lat' dir='ltr'><strong>socio</strong></span> <span class='ocrx_word' id='word_1_156' title='bbox 1164 2253 1302 2316; x_wconf 90' lang='lat' dir='ltr'><strong>Nicolao</strong></span> <span class='ocrx_word' id='word_1_157' title='bbox 1313 2254 1515 2338; x_wconf 86' lang='lat' dir='ltr'><strong>Episcopio</strong></span> <span class='ocrx_word' id='word_1_158' title='bbox 1530 2268 1580 2334; x_wconf 86' lang='lat' dir='ltr'><strong>vt,</strong></span> <span class='ocrx_word' id='word_1_159' title='bbox 1590 2261 1660 2340; x_wconf 75' lang='lat' dir='ltr'><strong>quia</strong></span> 
     </span>
     <span class='ocr_line' id='line_1_21' title="bbox 450 2338 1661 2423; baseline 0.003 -22"><span class='ocrx_word' id='word_1_160' title='bbox 450 2341 528 2420; x_wconf 92' lang='lat' dir='ltr'><strong>quid</strong></span> <span class='ocrx_word' id='word_1_161' title='bbox 542 2342 611 2401; x_wconf 88' lang='lat' dir='ltr'><strong>eius</strong></span> <span class='ocrx_word' id='word_1_162' title='bbox 626 2340 840 2419; x_wconf 83' lang='lat' dir='ltr'><strong>peruastigari</strong></span> <span class='ocrx_word' id='word_1_163' title='bbox 854 2345 973 2419; x_wconf 83' lang='lat' dir='ltr'><strong>posset,</strong></span> <span class='ocrx_word' id='word_1_164' title='bbox 990 2340 1080 2418; x_wconf 90' lang='lat' dir='ltr'><strong>typis</strong></span> <span class='ocrx_word' id='word_1_165' title='bbox 1093 2338 1296 2417; x_wconf 83' lang='lat' dir='ltr'><strong>euolgarent.</strong></span> <span class='ocrx_word' id='word_1_166' title='bbox 1337 2338 1383 2400; x_wconf 93' lang='lat' dir='ltr'><strong>In</strong></span> <span class='ocrx_word' id='word_1_167' title='bbox 1407 2340 1467 2403; x_wconf 90' lang='lat' dir='ltr'><strong>his</strong></span> <span class='ocrx_word' id='word_1_168' title='bbox 1486 2346 1580 2405; x_wconf 87' lang='lat' dir='ltr'><strong>enim</strong></span> <span class='ocrx_word' id='word_1_169' title='bbox 1594 2360 1661 2423; x_wconf 80' lang='lat' dir='ltr'><strong>quac</strong></span> 
     </span>
     <span class='ocr_line' id='line_1_22' title="bbox 450 2421 1661 2507; baseline 0.004 -23"><span class='ocrx_word' id='word_1_170' title='bbox 450 2424 564 2485; x_wconf 92' lang='lat' dir='ltr'><strong>Basilii</strong></span> <span class='ocrx_word' id='word_1_171' title='bbox 585 2423 686 2483; x_wconf 89' lang='lat' dir='ltr'><strong>titulo</strong></span> <span class='ocrx_word' id='word_1_172' title='bbox 707 2422 824 2484; x_wconf 87' lang='lat' dir='ltr'><strong>Latine</strong></span> <span class='ocrx_word' id='word_1_173' title='bbox 846 2442 940 2484; x_wconf 85' lang='lat' dir='ltr'><strong>versa</strong></span> <span class='ocrx_word' id='word_1_174' title='bbox 961 2429 1119 2495; x_wconf 90' lang='lat' dir='ltr'><strong>tenemus,</strong></span> <span class='ocrx_word' id='word_1_175' title='bbox 1143 2421 1256 2482; x_wconf 85' lang='lat' dir='ltr'><strong>Basilii</strong></span> <span class='ocrx_word' id='word_1_176' title='bbox 1278 2423 1443 2486; x_wconf 87' lang='lat' dir='ltr'><strong>maxima</strong></span> <span class='ocrx_word' id='word_1_177' title='bbox 1467 2446 1552 2507; x_wconf 90' lang='lat' dir='ltr'><strong>pars</strong></span> <span class='ocrx_word' id='word_1_178' title='bbox 1574 2428 1661 2489; x_wconf 76' lang='lat' dir='ltr'><strong>abest</strong></span> 
     </span>
     <span class='ocr_line' id='line_1_23' title="bbox 449 2504 1663 2591; baseline 0.002 -23"><span class='ocrx_word' id='word_1_179' title='bbox 449 2506 606 2587; x_wconf 83' lang='lat' dir='ltr'><strong>Georgius</strong></span> <span class='ocrx_word' id='word_1_180' title='bbox 620 2506 867 2585; x_wconf 84' lang='lat' dir='ltr'><strong>Trapezuntius,</strong></span> <span class='ocrx_word' id='word_1_181' title='bbox 879 2505 977 2567; x_wconf 92' lang='lat' dir='ltr'><strong>homo</strong></span> <span class='ocrx_word' id='word_1_182' title='bbox 986 2506 1114 2579; x_wconf 91' lang='lat' dir='ltr'><strong>doctus,</strong></span> <span class='ocrx_word' id='word_1_183' title='bbox 1124 2507 1260 2585; x_wconf 89' lang='lat' dir='ltr'><strong>ingenue</strong></span> <span class='ocrx_word' id='word_1_184' title='bbox 1269 2504 1409 2567; x_wconf 88' lang='lat' dir='ltr'><strong>fatetur</strong></span> <span class='ocrx_word' id='word_1_185' title='bbox 1421 2528 1501 2571; x_wconf 88' lang='lat' dir='ltr'><strong>sese</strong></span> <span class='ocrx_word' id='word_1_186' title='bbox 1516 2512 1663 2591; x_wconf 80' lang='lat' dir='ltr'><strong>imparem</strong></span> 
     </span>
     <span class='ocr_line' id='line_1_24' title="bbox 389 2588 1663 2669; baseline 0.004 -18"><span class='ocrx_word' id='word_1_187' title='bbox 389 2603 436 2652; x_wconf 85' lang='grc'>115</span> <span class='ocrx_word' id='word_1_188' title='bbox 450 2597 602 2667; x_wconf 91' lang='lat' dir='ltr'><strong>suscepto</strong></span> <span class='ocrx_word' id='word_1_189' title='bbox 626 2591 765 2669; x_wconf 89' lang='lat' dir='ltr'><strong>negotio,</strong></span> <span class='ocrx_word' id='word_1_190' title='bbox 789 2589 878 2668; x_wconf 93' lang='lat' dir='ltr'><strong>quod</strong></span> <span class='ocrx_word' id='word_1_191' title='bbox 906 2608 1011 2668; x_wconf 90' lang='lat' dir='ltr'><strong>neque</strong></span> <span class='ocrx_word' id='word_1_192' title='bbox 1040 2596 1137 2650; x_wconf 90' lang='lat' dir='ltr'><strong>tanta</strong></span> <span class='ocrx_word' id='word_1_193' title='bbox 1166 2588 1308 2650; x_wconf 84' lang='lat' dir='ltr'><strong>Romani</strong></span> <span class='ocrx_word' id='word_1_194' title='bbox 1340 2595 1521 2655; x_wconf 89' lang='lat' dir='ltr'><strong>sermonis</strong></span> <span class='ocrx_word' id='word_1_195' title='bbox 1548 2594 1663 2656; x_wconf 71' lang='lat' dir='ltr'><strong>admoet</strong></span> 
     </span>
     <span class='ocr_line' id='line_1_25' title="bbox 450 2672 1663 2754; baseline 0.004 -19"><span class='ocrx_word' id='word_1_196' title='bbox 450 2674 591 2735; x_wconf 80' lang='lat' dir='ltr'><strong>facultas</strong></span> <span class='ocrx_word' id='word_1_197' title='bbox 614 2692 698 2752; x_wconf 86' lang='lat' dir='ltr'><strong>quae</strong></span> <span class='ocrx_word' id='word_1_198' title='bbox 722 2672 837 2734; x_wconf 86' lang='lat' dir='ltr'><strong>Graeci</strong></span> <span class='ocrx_word' id='word_1_199' title='bbox 862 2674 1017 2734; x_wconf 90' lang='lat' dir='ltr'><strong>sermonis</strong></span> <span class='ocrx_word' id='word_1_200' title='bbox 1045 2673 1185 2752; x_wconf 84' lang='lat' dir='ltr'><strong>gratiam</strong></span> <span class='ocrx_word' id='word_1_201' title='bbox 1214 2672 1498 2754; x_wconf 82' lang='lat' dir='ltr'><strong>elegantiamque</strong></span> <span class='ocrx_word' id='word_1_202' title='bbox 1529 2678 1663 2750; x_wconf 79' lang='lat' dir='ltr'><strong>referret,</strong></span> 
     </span>
     <span class='ocr_line' id='line_1_26' title="bbox 450 2756 1664 2836; baseline 0.005 -18"><span class='ocrx_word' id='word_1_203' title='bbox 450 2777 509 2818; x_wconf 89' lang='lat' dir='ltr'><strong>nec</strong></span> <span class='ocrx_word' id='word_1_204' title='bbox 530 2758 574 2818; x_wconf 89' lang='lat' dir='ltr'><strong>rei</strong></span> <span class='ocrx_word' id='word_1_205' title='bbox 593 2756 793 2836; x_wconf 84' lang='lat' dir='ltr'><strong>theologicae</strong></span> <span class='ocrx_word' id='word_1_206' title='bbox 807 2762 904 2817; x_wconf 90' lang='lat' dir='ltr'><strong>tanta</strong></span> <span class='ocrx_word' id='word_1_207' title='bbox 917 2757 1036 2836; x_wconf 90' lang='lat' dir='ltr'><strong>peritia</strong></span> <span class='ocrx_word' id='word_1_208' title='bbox 1051 2762 1089 2817; x_wconf 88' lang='lat' dir='ltr'><strong>vt</strong></span> <span class='ocrx_word' id='word_1_209' title='bbox 1104 2756 1224 2834; x_wconf 90' lang='lat' dir='ltr'><strong>vbique</strong></span> <span class='ocrx_word' id='word_1_210' title='bbox 1238 2774 1350 2816; x_wconf 88' lang='lat' dir='ltr'><strong>rerum</strong></span> <span class='ocrx_word' id='word_1_211' title='bbox 1365 2775 1464 2835; x_wconf 89' lang='lat' dir='ltr'><strong>quae</strong></span> <span class='ocrx_word' id='word_1_212' title='bbox 1481 2766 1664 2823; x_wconf 85' lang='lat' dir='ltr'><strong>tractantur</strong></span> 
     </span>
     <span class='ocr_line' id='line_1_27' title="bbox 451 2840 1664 2923; baseline 0.003 -22"><span class='ocrx_word' id='word_1_213' title='bbox 451 2840 670 2901; x_wconf 81' lang='lat' dir='ltr'><strong>subtilitatem</strong></span> <span class='ocrx_word' id='word_1_214' title='bbox 685 2846 922 2919; x_wconf 85' lang='lat' dir='ltr'><strong>assequeretur.</strong></span> <span class='ocrx_word' id='word_1_215' title='bbox 966 2840 1118 2901; x_wconf 87' lang='lat' dir='ltr'><strong>Ruffinus</strong></span> <span class='ocrx_word' id='word_1_216' title='bbox 1135 2857 1297 2917; x_wconf 87' lang='lat' dir='ltr'><strong>nusquam</strong></span> <span class='ocrx_word' id='word_1_217' title='bbox 1316 2858 1380 2899; x_wconf 89' lang='lat' dir='ltr'><strong>neo</strong></span> <span class='ocrx_word' id='word_1_218' title='bbox 1399 2841 1604 2923; x_wconf 85' lang='lat' dir='ltr'><strong>elegantem</strong></span> <span class='ocrx_word' id='word_1_219' title='bbox 1617 2863 1664 2905; x_wconf 84' lang='lat' dir='ltr'><strong>nce</strong></span> 
     </span>
     <span class='ocr_line' id='line_1_28' title="bbox 451 2921 1665 3007; baseline 0.002 -22"><span class='ocrx_word' id='word_1_220' title='bbox 451 2924 556 2985; x_wconf 90' lang='lat' dir='ltr'><strong>bonae</strong></span> <span class='ocrx_word' id='word_1_221' title='bbox 572 2923 646 2985; x_wconf 89' lang='lat' dir='ltr'><strong>fidei</strong></span> <span class='ocrx_word' id='word_1_222' title='bbox 666 2924 877 3003; x_wconf 83' lang='lat' dir='ltr'><strong>interpretem</strong></span> <span class='ocrx_word' id='word_1_223' title='bbox 897 2924 1073 3005; x_wconf 82' lang='lat' dir='ltr'><strong>praestitit.</strong></span> <span class='ocrx_word' id='word_1_224' title='bbox 1118 2923 1163 2984; x_wconf 92' lang='lat' dir='ltr'><strong>Vt</strong></span> <span class='ocrx_word' id='word_1_225' title='bbox 1183 2927 1296 2984; x_wconf 90' lang='lat' dir='ltr'><strong>autem</strong></span> <span class='ocrx_word' id='word_1_226' title='bbox 1310 2921 1354 2984; x_wconf 93' lang='lat' dir='ltr'><strong>de</strong></span> <span class='ocrx_word' id='word_1_227' title='bbox 1376 2922 1433 2986; x_wconf 91' lang='lat' dir='ltr'><strong>his</strong></span> <span class='ocrx_word' id='word_1_228' title='bbox 1457 2946 1553 3007; x_wconf 85' lang='lat' dir='ltr'><strong>quae</strong></span> <span class='ocrx_word' id='word_1_229' title='bbox 1574 2929 1665 2990; x_wconf 80' lang='lat' dir='ltr'><strong>vertit</strong></span> 
     </span>
     <span class='ocr_line' id='line_1_29' title="bbox 391 3007 1665 3087; baseline 0.004 -18"><span class='ocrx_word' id='word_1_230' title='bbox 391 3021 439 3057; x_wconf 88' lang='lat'><strong>1²0</strong></span> <span class='ocrx_word' id='word_1_231' title='bbox 452 3007 625 3087; x_wconf 85' lang='lat' dir='ltr'><strong>Bapbahel</strong></span> <span class='ocrx_word' id='word_1_232' title='bbox 650 3007 883 3069; x_wconf 88' lang='lat' dir='ltr'><strong>Volaterranus</strong></span> <span class='ocrx_word' id='word_1_233' title='bbox 907 3007 1042 3087; x_wconf 91' lang='lat' dir='ltr'><strong>aliquod</strong></span> <span class='ocrx_word' id='word_1_234' title='bbox 1067 3007 1326 3086; x_wconf 89' lang='lat' dir='ltr'><strong>experimentum</strong></span> <span class='ocrx_word' id='word_1_235' title='bbox 1358 3026 1539 3087; x_wconf 82' lang='lat' dir='ltr'><strong>caperem,</strong></span> <span class='ocrx_word' id='word_1_236' title='bbox 1568 3015 1665 3074; x_wconf 86' lang='lat' dir='ltr'><strong>visum</strong></span> 
     </span>
     <span class='ocr_line' id='line_1_30' title="bbox 450 3090 1666 3170; baseline 0.002 -18"><span class='ocrx_word' id='word_1_237' title='bbox 450 3098 501 3152; x_wconf 89' lang='lat' dir='ltr'><strong>est</strong></span> <span class='ocrx_word' id='word_1_238' title='bbox 521 3111 595 3151; x_wconf 90' lang='lat' dir='ltr'><strong>cum</strong></span> <span class='ocrx_word' id='word_1_239' title='bbox 613 3090 744 3152; x_wconf 88' lang='lat' dir='ltr'><strong>Graecis</strong></span> <span class='ocrx_word' id='word_1_240' title='bbox 766 3091 912 3152; x_wconf 80' lang='lat' dir='ltr'><strong>conferre</strong></span> <span class='ocrx_word' id='word_1_241' title='bbox 926 3090 1082 3169; x_wconf 89' lang='lat' dir='ltr'><strong>quicquid</strong></span> <span class='ocrx_word' id='word_1_242' title='bbox 1097 3091 1239 3170; x_wconf 92' lang='lat' dir='ltr'><strong>primum</strong></span> <span class='ocrx_word' id='word_1_243' title='bbox 1254 3091 1472 3155; x_wconf 88' lang='lat' dir='ltr'><strong>occurrisset.</strong></span> <span class='ocrx_word' id='word_1_244' title='bbox 1522 3095 1666 3157; x_wconf 83' lang='lat' dir='ltr'><strong>Occurrit</strong></span> 
     </span>
     <span class='ocr_line' id='line_1_31' title="bbox 452 3173 1665 3252; baseline 0.005 -17"><span class='ocrx_word' id='word_1_245' title='bbox 452 3181 563 3235; x_wconf 90' lang='lat' dir='ltr'><strong>autem</strong></span> <span class='ocrx_word' id='word_1_246' title='bbox 589 3174 735 3235; x_wconf 90' lang='lat' dir='ltr'><strong>Homilia</strong></span> <span class='ocrx_word' id='word_1_247' title='bbox 756 3173 805 3234; x_wconf 91' lang='lat' dir='ltr'><strong>De</strong></span> <span class='ocrx_word' id='word_1_248' title='bbox 824 3174 959 3247; x_wconf 85' lang='lat' dir='ltr'><strong>Ieiunia,</strong></span> <span class='ocrx_word' id='word_1_249' title='bbox 978 3175 1150 3234; x_wconf 90' lang='lat' dir='ltr'><strong>materiam</strong></span> <span class='ocrx_word' id='word_1_250' title='bbox 1169 3180 1318 3234; x_wconf 81' lang='lat' dir='ltr'><strong>tractans</strong></span> <span class='ocrx_word' id='word_1_251' title='bbox 1335 3175 1552 3252; x_wconf 89' lang='lat' dir='ltr'><strong>popularem</strong></span> <span class='ocrx_word' id='word_1_252' title='bbox 1577 3179 1665 3241; x_wconf 84' lang='lat' dir='ltr'><strong>nullis</strong></span> 
     </span>
     <span class='ocr_line' id='line_1_32' title="bbox 452 3255 1666 3342; baseline 0.005 -24"><span class='ocrx_word' id='word_1_253' title='bbox 452 3258 701 3320; x_wconf 89' lang='lat' dir='ltr'><strong>difficultatibus</strong></span> <span class='ocrx_word' id='word_1_254' title='bbox 730 3258 924 3318; x_wconf 90' lang='lat' dir='ltr'><strong>inuolutam.</strong></span> <span class='ocrx_word' id='word_1_255' title='bbox 968 3256 1097 3318; x_wconf 91' lang='lat' dir='ltr'><strong>Omitto</strong></span> <span class='ocrx_word' id='word_1_256' title='bbox 1124 3276 1211 3317; x_wconf 91' lang='lat' dir='ltr'><strong>nunc</strong></span> <span class='ocrx_word' id='word_1_257' title='bbox 1238 3255 1466 3334; x_wconf 88' lang='lat' dir='ltr'><strong>elegantiam:</strong></span> <span class='ocrx_word' id='word_1_258' title='bbox 1509 3282 1583 3342; x_wconf 94' lang='lat' dir='ltr'><strong>qua</strong></span> <span class='ocrx_word' id='word_1_259' title='bbox 1611 3262 1666 3324; x_wconf 83' lang='lat' dir='ltr'><strong>lide</strong></span> 
     </span>
     <span class='ocr_line' id='line_1_33' title="bbox 452 3338 1666 3420; baseline 0.002 -18"><span class='ocrx_word' id='word_1_260' title='bbox 452 3361 520 3402; x_wconf 92' lang='lat' dir='ltr'><strong>rem</strong></span> <span class='ocrx_word' id='word_1_261' title='bbox 542 3342 685 3420; x_wconf 89' lang='lat' dir='ltr'><strong>gesserit,</strong></span> <span class='ocrx_word' id='word_1_262' title='bbox 704 3341 788 3402; x_wconf 86' lang='lat' dir='ltr'><strong>vide.</strong></span> <span class='ocrx_word' id='word_1_263' title='bbox 832 3341 873 3401; x_wconf 93' lang='lat' dir='ltr'><strong>In</strong></span> <span class='ocrx_word' id='word_1_264' title='bbox 895 3342 999 3420; x_wconf 92' lang='lat' dir='ltr'><strong>primo</strong></span> <span class='ocrx_word' id='word_1_265' title='bbox 1021 3341 1135 3401; x_wconf 90' lang='lat' dir='ltr'><strong>statim</strong></span> <span class='ocrx_word' id='word_1_266' title='bbox 1154 3360 1259 3411; x_wconf 89' lang='lat' dir='ltr'><strong>versu,</strong></span> <span class='ocrx_word' id='word_1_267' title='bbox 1278 3338 1369 3417; x_wconf 91' lang='lat' dir='ltr'><strong>quod</strong></span> <span class='ocrx_word' id='word_1_268' title='bbox 1388 3345 1506 3405; x_wconf 89' lang='lat' dir='ltr'><strong>estin</strong></span> <span class='ocrx_word' id='word_1_269' title='bbox 1528 3345 1666 3418; x_wconf 83' lang='lat' dir='ltr'><strong>Graecis,</strong></span> 
     </span>
     <span class='ocr_line' id='line_1_34' title="bbox 393 3423 1666 3508; baseline 0.002 -23"><span class='ocrx_word' id='word_1_270' title='bbox 393 3437 439 3485; x_wconf 81' lang='lat'><strong>1²5</strong></span> <span class='ocrx_word' id='word_1_271' title='bbox 453 3425 485 3486; x_wconf 86' lang='grc' dir='ltr'><strong>ἐν</strong></span> <span class='ocrx_word' id='word_1_272' title='bbox 503 3423 687 3503; x_wconf 83' lang='grc' dir='ltr'>νεομηνίαις,</span> <span class='ocrx_word' id='word_1_273' title='bbox 705 3425 739 3484; x_wconf 92' lang='lat' dir='ltr'><strong>id</strong></span> <span class='ocrx_word' id='word_1_274' title='bbox 757 3429 817 3497; x_wconf 88' lang='lat' dir='ltr'><strong>est,</strong></span> <span class='ocrx_word' id='word_1_275' title='bbox 833 3426 868 3484; x_wconf 91' lang='lat' dir='ltr'><strong>in</strong></span> <span class='ocrx_word' id='word_1_276' title='bbox 889 3425 990 3485; x_wconf 88' lang='lat' dir='ltr'><strong>initiis</strong></span> <span class='ocrx_word' id='word_1_277' title='bbox 1009 3425 1180 3496; x_wconf 90' lang='lat' dir='ltr'><strong>mensium,</strong></span> <span class='ocrx_word' id='word_1_278' title='bbox 1203 3424 1331 3483; x_wconf 90' lang='lat' dir='ltr'><strong>omisit:</strong></span> <span class='ocrx_word' id='word_1_279' title='bbox 1364 3424 1425 3484; x_wconf 90' lang='lat' dir='ltr'><strong>sed</strong></span> <span class='ocrx_word' id='word_1_280' title='bbox 1451 3427 1493 3488; x_wconf 93' lang='lat' dir='ltr'><strong>id</strong></span> <span class='ocrx_word' id='word_1_281' title='bbox 1518 3449 1666 3508; x_wconf 71' lang='lat' dir='ltr'><strong>pensans</strong></span> 
     </span>
     <span class='ocr_line' id='line_1_35' title="bbox 452 3505 1667 3592; baseline 0.006 -24"><span class='ocrx_word' id='word_1_282' title='bbox 452 3528 530 3569; x_wconf 85' lang='lat' dir='ltr'><strong>mox</strong></span> <span class='ocrx_word' id='word_1_283' title='bbox 544 3508 673 3568; x_wconf 90' lang='lat' dir='ltr'><strong>addidit</strong></span> <span class='ocrx_word' id='word_1_284' title='bbox 687 3507 728 3568; x_wconf 93' lang='lat' dir='ltr'><strong>de</strong></span> <span class='ocrx_word' id='word_1_285' title='bbox 742 3526 811 3580; x_wconf 90' lang='lat' dir='ltr'><strong>suo,</strong></span> <span class='ocrx_word' id='word_1_286' title='bbox 823 3509 900 3586; x_wconf 90' lang='lat' dir='ltr'><strong>quia</strong></span> <span class='ocrx_word' id='word_1_287' title='bbox 915 3513 1125 3587; x_wconf 88' lang='lat' dir='ltr'><strong>praeceptum</strong></span> <span class='ocrx_word' id='word_1_288' title='bbox 1140 3509 1173 3568; x_wconf 93' lang='lat' dir='ltr'><strong>in</strong></span> <span class='ocrx_word' id='word_1_289' title='bbox 1188 3505 1312 3567; x_wconf 87' lang='lat' dir='ltr'><strong>israhel</strong></span> <span class='ocrx_word' id='word_1_290' title='bbox 1327 3513 1398 3567; x_wconf 87' lang='lat' dir='ltr'><strong>est:</strong></span> <span class='ocrx_word' id='word_1_291' title='bbox 1423 3509 1539 3588; x_wconf 89' lang='lat' dir='ltr'><strong>idque</strong></span> <span class='ocrx_word' id='word_1_292' title='bbox 1554 3532 1667 3592; x_wconf 89' lang='lat' dir='ltr'><strong>parum</strong></span> 
     </span>
     <span class='ocr_line' id='line_1_36' title="bbox 453 3588 1667 3675; baseline -0.001 -22"><span class='ocrx_word' id='word_1_293' title='bbox 453 3593 617 3664; x_wconf 88' lang='lat' dir='ltr'><strong>concinne,</strong></span> <span class='ocrx_word' id='word_1_294' title='bbox 636 3610 738 3670; x_wconf 93' lang='lat' dir='ltr'><strong>quum</strong></span> <span class='ocrx_word' id='word_1_295' title='bbox 760 3610 837 3651; x_wconf 93' lang='lat' dir='ltr'><strong>mox</strong></span> <span class='ocrx_word' id='word_1_296' title='bbox 857 3597 1025 3670; x_wconf 87' lang='lat' dir='ltr'><strong>sequatur,</strong></span> <span class='ocrx_word' id='word_1_297' title='bbox 1043 3596 1136 3651; x_wconf 82' lang='grc' dir='ltr'>τοῦτο</span> <span class='ocrx_word' id='word_1_298' title='bbox 1156 3588 1341 3668; x_wconf 80' lang='grc' dir='ltr'>πρόσταγμά</span> <span class='ocrx_word' id='word_1_299' title='bbox 1363 3589 1434 3650; x_wconf 82' lang='grc' dir='ltr'>ἐστι</span> <span class='ocrx_word' id='word_1_300' title='bbox 1457 3596 1667 3675; x_wconf 68' lang='grc' dir='ltr'>προφητικόν.</span> 
     </span>
     <span class='ocr_line' id='line_1_37' title="bbox 453 3672 1668 3756; baseline 0.006 -20"><span class='ocrx_word' id='word_1_301' title='bbox 453 3676 536 3736; x_wconf 84' lang='lat' dir='ltr'><strong>Dein</strong></span> <span class='ocrx_word' id='word_1_302' title='bbox 557 3675 646 3753; x_wconf 89' lang='lat' dir='ltr'><strong>quod</strong></span> <span class='ocrx_word' id='word_1_303' title='bbox 667 3674 788 3735; x_wconf 76' lang='lat' dir='ltr'><strong>Graece</strong></span> <span class='ocrx_word' id='word_1_304' title='bbox 806 3680 857 3735; x_wconf 77' lang='lat' dir='ltr'><strong>est</strong></span> <span class='ocrx_word' id='word_1_305' title='bbox 879 3674 935 3752; x_wconf 81' lang='grc' dir='ltr'><strong>τὴν</strong></span> <span class='ocrx_word' id='word_1_306' title='bbox 954 3672 1153 3752; x_wconf 80' lang='grc' dir='ltr'>προάγουσαν</span> <span class='ocrx_word' id='word_1_307' title='bbox 1173 3679 1235 3734; x_wconf 84' lang='grc' dir='ltr'><strong>τῶν</strong></span> <span class='ocrx_word' id='word_1_308' title='bbox 1254 3673 1378 3753; x_wconf 84' lang='grc' dir='ltr'>ἡμερῶν</span> <span class='ocrx_word' id='word_1_309' title='bbox 1396 3673 1532 3756; x_wconf 79' lang='grc' dir='ltr'>ἑορτήν,</span> <span class='ocrx_word' id='word_1_310' title='bbox 1553 3681 1590 3741; x_wconf 90' lang='lat' dir='ltr'><strong>id</strong></span> <span class='ocrx_word' id='word_1_311' title='bbox 1613 3688 1668 3751; x_wconf 69' lang='lat' dir='ltr'><strong>est,</strong></span> 
     </span>
     <span class='ocr_line' id='line_1_38' title="bbox 453 3756 1668 3829; baseline 0.006 -10"><span class='ocrx_word' id='word_1_312' title='bbox 453 3758 703 3819; x_wconf 85' lang='lat' dir='ltr'><strong>antecellentem</strong></span> <span class='ocrx_word' id='word_1_313' title='bbox 729 3759 865 3818; x_wconf 85' lang='lat' dir='ltr'><strong>cacteris</strong></span> <span class='ocrx_word' id='word_1_314' title='bbox 890 3757 1005 3818; x_wconf 89' lang='lat' dir='ltr'><strong>diebus</strong></span> <span class='ocrx_word' id='word_1_315' title='bbox 1034 3757 1259 3829; x_wconf 87' lang='lat' dir='ltr'><strong>festiuitatem,</strong></span> <span class='ocrx_word' id='word_1_316' title='bbox 1286 3756 1398 3828; x_wconf 92' lang='lat' dir='ltr'><strong>vertit,</strong></span> <span class='ocrx_word' id='word_1_317' title='bbox 1425 3757 1523 3822; x_wconf 88' lang='lat' dir='ltr'><strong>hanc</strong></span> <span class='ocrx_word' id='word_1_318' title='bbox 1553 3763 1668 3825; x_wconf 90' lang='lat' dir='ltr'><strong>horum</strong></span> 
     </span>
     <span class='ocr_line' id='line_1_39' title="bbox 394 3839 1669 3927; baseline 0.003 -22"><span class='ocrx_word' id='word_1_319' title='bbox 394 3855 441 3905; x_wconf 87' lang='lat'><strong>¹30</strong></span> <span class='ocrx_word' id='word_1_320' title='bbox 454 3843 579 3904; x_wconf 88' lang='lat' dir='ltr'><strong>dierum</strong></span> <span class='ocrx_word' id='word_1_321' title='bbox 603 3841 836 3903; x_wconf 88' lang='lat' dir='ltr'><strong>celebritatem.</strong></span> <span class='ocrx_word' id='word_1_322' title='bbox 880 3841 927 3901; x_wconf 86' lang='lat' dir='ltr'><strong>At</strong></span> <span class='ocrx_word' id='word_1_323' title='bbox 948 3840 1089 3901; x_wconf 91' lang='lat' dir='ltr'><strong>Basilius</strong></span> <span class='ocrx_word' id='word_1_324' title='bbox 1111 3839 1223 3900; x_wconf 90' lang='lat' dir='ltr'><strong>allusit</strong></span> <span class='ocrx_word' id='word_1_325' title='bbox 1244 3839 1287 3900; x_wconf 92' lang='lat' dir='ltr'><strong>ad</strong></span> <span class='ocrx_word' id='word_1_326' title='bbox 1308 3839 1474 3917; x_wconf 92' lang='lat' dir='ltr'><strong>insignem</strong></span> <span class='ocrx_word' id='word_1_327' title='bbox 1496 3845 1594 3908; x_wconf 90' lang='lat' dir='ltr'><strong>diem</strong></span> <span class='ocrx_word' id='word_1_328' title='bbox 1616 3847 1669 3927; x_wconf 92' lang='lat' dir='ltr'><strong>qui</strong></span> 
     </span>
     <span class='ocr_line' id='line_1_40' title="bbox 454 3921 1669 4008; baseline -0.002 -23"><span class='ocrx_word' id='word_1_329' title='bbox 454 3926 638 4005; x_wconf 87' lang='lat' dir='ltr'><strong>praecessit.</strong></span> <span class='ocrx_word' id='word_1_330' title='bbox 684 3925 810 3986; x_wconf 85' lang='lat' dir='ltr'><strong>Rursus</strong></span> <span class='ocrx_word' id='word_1_331' title='bbox 826 3924 915 4003; x_wconf 92' lang='lat' dir='ltr'><strong>quod</strong></span> <span class='ocrx_word' id='word_1_332' title='bbox 929 3922 1050 3985; x_wconf 88' lang='lat' dir='ltr'><strong>Graece</strong></span> <span class='ocrx_word' id='word_1_333' title='bbox 1067 3930 1127 3997; x_wconf 89' lang='lat' dir='ltr'><strong>est,</strong></span> <span class='ocrx_word' id='word_1_334' title='bbox 1143 3921 1345 4002; x_wconf 75' lang='grc' dir='ltr'>ὑποσημαίνει</span> <span class='ocrx_word' id='word_1_335' title='bbox 1358 3921 1399 3981; x_wconf 82' lang='grc' dir='ltr'><strong>τὰ</strong></span> <span class='ocrx_word' id='word_1_336' title='bbox 1414 3922 1669 4008; x_wconf 65' lang='grc' dir='ltr'>ἀναγνώσμαη,</span> 
     </span>
     <span class='ocr_line' id='line_1_41' title="bbox 454 4006 1670 4086; baseline 0.002 -17"><span class='ocrx_word' id='word_1_337' title='bbox 454 4009 560 4082; x_wconf 88' lang='lat' dir='ltr'><strong>idest,</strong></span> <span class='ocrx_word' id='word_1_338' title='bbox 576 4009 724 4069; x_wconf 90' lang='lat' dir='ltr'><strong>indicant</strong></span> <span class='ocrx_word' id='word_1_339' title='bbox 744 4008 908 4079; x_wconf 87' lang='lat' dir='ltr'><strong>lectiones,</strong></span> <span class='ocrx_word' id='word_1_340' title='bbox 923 4007 1042 4080; x_wconf 91' lang='lat' dir='ltr'><strong>reddit,</strong></span> <span class='ocrx_word' id='word_1_341' title='bbox 1060 4006 1239 4086; x_wconf 86' lang='lat' dir='ltr'><strong>significare</strong></span> <span class='ocrx_word' id='word_1_342' title='bbox 1257 4006 1433 4067; x_wconf 86' lang='lat' dir='ltr'><strong>videntur:</strong></span> <span class='ocrx_word' id='word_1_343' title='bbox 1471 4010 1670 4075; x_wconf 87' lang='lat' dir='ltr'><strong>diminuens</strong></span> 
     </span>
     <span class='ocr_line' id='line_1_42' title="bbox 454 4089 1671 4171; baseline 0.006 -19"><span class='ocrx_word' id='word_1_344' title='bbox 454 4092 544 4171; x_wconf 90' lang='lat' dir='ltr'><strong>quod</strong></span> <span class='ocrx_word' id='word_1_345' title='bbox 572 4097 707 4152; x_wconf 86' lang='lat' dir='ltr'><strong>auctum</strong></span> <span class='ocrx_word' id='word_1_346' title='bbox 733 4090 840 4152; x_wconf 88' lang='lat' dir='ltr'><strong>voluit</strong></span> <span class='ocrx_word' id='word_1_347' title='bbox 869 4091 1019 4163; x_wconf 89' lang='lat' dir='ltr'><strong>Basilius,</strong></span> <span class='ocrx_word' id='word_1_348' title='bbox 1049 4109 1150 4169; x_wconf 89' lang='lat' dir='ltr'><strong>quum</strong></span> <span class='ocrx_word' id='word_1_349' title='bbox 1181 4097 1259 4151; x_wconf 89' lang='lat' dir='ltr'><strong>ante</strong></span> <span class='ocrx_word' id='word_1_350' title='bbox 1288 4089 1421 4161; x_wconf 85' lang='lat' dir='ltr'><strong>dixerit,</strong></span> <span class='ocrx_word' id='word_1_351' title='bbox 1453 4097 1558 4156; x_wconf 92' lang='lat' dir='ltr'><strong>omni</strong></span> <span class='ocrx_word' id='word_1_352' title='bbox 1589 4097 1671 4158; x_wconf 84' lang='lat' dir='ltr'><strong>tuba</strong></span> 
     </span>
     <span class='ocr_line' id='line_1_43' title="bbox 454 4172 1671 4254; baseline 0.002 -19"><span class='ocrx_word' id='word_1_353' title='bbox 454 4175 610 4248; x_wconf 87' lang='lat' dir='ltr'><strong>vocalius,</strong></span> <span class='ocrx_word' id='word_1_354' title='bbox 631 4175 783 4254; x_wconf 91' lang='lat' dir='ltr'><strong>omnique</strong></span> <span class='ocrx_word' id='word_1_355' title='bbox 805 4176 928 4236; x_wconf 89' lang='lat' dir='ltr'><strong>musico</strong></span> <span class='ocrx_word' id='word_1_356' title='bbox 949 4176 1170 4234; x_wconf 90' lang='lat' dir='ltr'><strong>instrumento</strong></span> <span class='ocrx_word' id='word_1_357' title='bbox 1188 4172 1434 4252; x_wconf 85' lang='lat' dir='ltr'><strong>significantius.</strong></span> <span class='ocrx_word' id='word_1_358' title='bbox 1483 4175 1671 4242; x_wconf 79' lang='lat' dir='ltr'><strong>Praetereo</strong></span> 
     </span>
     <span class='ocr_line' id='line_1_44' title="bbox 394 4256 1672 4336; baseline 0.004 -15"><span class='ocrx_word' id='word_1_359' title='bbox 394 4272 442 4322; x_wconf 82' lang='lat'><strong>13⁵</strong></span> <span class='ocrx_word' id='word_1_360' title='bbox 456 4258 628 4331; x_wconf 90' lang='lat' dir='ltr'><strong>minutula,</strong></span> <span class='ocrx_word' id='word_1_361' title='bbox 641 4259 729 4336; x_wconf 92' lang='lat' dir='ltr'><strong>quod</strong></span> <span class='ocrx_word' id='word_1_362' title='bbox 744 4277 803 4336; x_wconf 95' lang='lat' dir='ltr'><strong>pro</strong></span> <span class='ocrx_word' id='word_1_363' title='bbox 818 4257 1036 4336; x_wconf 79' lang='grc' dir='ltr'>ἐγνωρίσαμεν,</span> <span class='ocrx_word' id='word_1_364' title='bbox 1048 4257 1082 4318; x_wconf 93' lang='lat' dir='ltr'><strong>id</strong></span> <span class='ocrx_word' id='word_1_365' title='bbox 1093 4262 1154 4329; x_wconf 89' lang='lat' dir='ltr'><strong>est,</strong></span> <span class='ocrx_word' id='word_1_366' title='bbox 1165 4256 1346 4328; x_wconf 87' lang='lat' dir='ltr'><strong>didicimus,</strong></span> <span class='ocrx_word' id='word_1_367' title='bbox 1357 4257 1473 4330; x_wconf 91' lang='lat' dir='ltr'><strong>vertit,</strong></span> <span class='ocrx_word' id='word_1_368' title='bbox 1484 4265 1672 4336; x_wconf 87' lang='lat' dir='ltr'><strong>nouimns;</strong></span> 
     </span>
     <span class='ocr_line' id='line_1_45' title="bbox 454 4340 1672 4427; baseline 0.001 -26"><span class='ocrx_word' id='word_1_369' title='bbox 454 4362 579 4421; x_wconf 90' lang='lat' dir='ltr'><strong>proque</strong></span> <span class='ocrx_word' id='word_1_370' title='bbox 597 4340 829 4418; x_wconf 84' lang='grc' dir='ltr'>παρωσαμένου,</span> <span class='ocrx_word' id='word_1_371' title='bbox 851 4341 885 4402; x_wconf 91' lang='lat' dir='ltr'><strong>id</strong></span> <span class='ocrx_word' id='word_1_372' title='bbox 907 4347 967 4412; x_wconf 87' lang='lat' dir='ltr'><strong>cst,</strong></span> <span class='ocrx_word' id='word_1_373' title='bbox 990 4341 1162 4414; x_wconf 86' lang='lat' dir='ltr'><strong>reiieiente,</strong></span> <span class='ocrx_word' id='word_1_374' title='bbox 1181 4340 1265 4401; x_wconf 89' lang='lat' dir='ltr'><strong>dixit</strong></span> <span class='ocrx_word' id='word_1_375' title='bbox 1286 4341 1514 4417; x_wconf 85' lang='lat' dir='ltr'><strong>vituperante.</strong></span> <span class='ocrx_word' id='word_1_376' title='bbox 1558 4347 1672 4427; x_wconf 76' lang='lat' dir='ltr'><strong>Atque</strong></span> 
     </span>
     <span class='ocr_line' id='line_1_46' title="bbox 455 4423 1672 4504; baseline 0.006 -18"><span class='ocrx_word' id='word_1_377' title='bbox 455 4425 506 4486; x_wconf 92' lang='lat' dir='ltr'><strong>hic</strong></span> <span class='ocrx_word' id='word_1_378' title='bbox 521 4444 633 4485; x_wconf 90' lang='lat' dir='ltr'><strong>rursus</strong></span> <span class='ocrx_word' id='word_1_379' title='bbox 652 4444 693 4485; x_wconf 86' lang='lat' dir='ltr'><strong>ex</strong></span> <span class='ocrx_word' id='word_1_380' title='bbox 711 4425 810 4485; x_wconf 85' lang='lat' dir='ltr'><strong>Esaia</strong></span> <span class='ocrx_word' id='word_1_381' title='bbox 830 4425 950 4486; x_wconf 89' lang='lat' dir='ltr'><strong>adiecit</strong></span> <span class='ocrx_word' id='word_1_382' title='bbox 965 4426 1144 4504; x_wconf 83' lang='lat' dir='ltr'><strong>interpres:</strong></span> <span class='ocrx_word' id='word_1_383' title='bbox 1174 4423 1215 4484; x_wconf 91' lang='lat' dir='ltr'><strong>In</strong></span> <span class='ocrx_word' id='word_1_384' title='bbox 1230 4423 1291 4496; x_wconf 87' lang='lat' dir='ltr'><strong>die,</strong></span> <span class='ocrx_word' id='word_1_385' title='bbox 1312 4423 1430 4501; x_wconf 91' lang='lat' dir='ltr'><strong>inquit,</strong></span> <span class='ocrx_word' id='word_1_386' title='bbox 1447 4424 1574 4490; x_wconf 91' lang='lat' dir='ltr'><strong>ieiunii</strong></span> <span class='ocrx_word' id='word_1_387' title='bbox 1595 4450 1672 4492; x_wconf 91' lang='lat' dir='ltr'><strong>con·</strong></span> 
     </span>
    </p>
   </div>
   <div class='ocr_carea' id='block_1_3' title="bbox 454 4557 1674 5029">
    <p class='ocr_par' dir='ltr' id='par_1_3' title="bbox 454 4557 1673 4890">
     <span class='ocr_line' id='line_1_47' title="bbox 491 4557 1673 4623; baseline -0.003 -14"><span class='ocrx_word' id='word_1_388' title='bbox 491 4574 547 4622; x_wconf 85' lang='lat'><strong>114.</strong></span> <span class='ocrx_word' id='word_1_389' title='bbox 565 4559 700 4623; x_wconf 85' lang='lat' dir='ltr'><strong>Georgius</strong></span> <span class='ocrx_word' id='word_1_390' title='bbox 727 4558 945 4623; x_wconf 86' lang='lat' dir='ltr'><strong>Trapezuntius]</strong></span> <span class='ocrx_word' id='word_1_391' title='bbox 976 4558 1028 4609; x_wconf 79' lang='lat' dir='ltr'><strong>See</strong></span> <span class='ocrx_word' id='word_1_392' title='bbox 1078 4558 1134 4608; x_wconf 83' lang='lat' dir='ltr'><strong>For</strong></span> <span class='ocrx_word' id='word_1_393' title='bbox 1144 4558 1288 4608; x_wconf 76' lang='lat' dir='ltr'><strong>Erasmus·</strong></span> <span class='ocrx_word' id='word_1_394' title='bbox 1301 4557 1416 4622; x_wconf 90' lang='lat' dir='ltr'><strong>opinion</strong></span> <span class='ocrx_word' id='word_1_395' title='bbox 1428 4558 1460 4607; x_wconf 86' lang='lat' dir='ltr'><strong>oi</strong></span> <span class='ocrx_word' id='word_1_396' title='bbox 1475 4559 1526 4610; x_wconf 82' lang='lat' dir='ltr'><strong>his</strong></span> <span class='ocrx_word' id='word_1_397' title='bbox 1542 4566 1673 4616; x_wconf 77' lang='lat' dir='ltr'><strong>scholar.</strong></span> 
     </span>
     <span class='ocr_line' id='line_1_48' title="bbox 454 4624 1673 4697; baseline 0.001 -22"><span class='ocrx_word' id='word_1_398' title='bbox 454 4627 508 4690; x_wconf 91' lang='lat' dir='ltr'><strong>Ep.</strong></span> <span class='ocrx_word' id='word_1_399' title='bbox 518 4629 559 4689; x_wconf 84' lang='lat'><strong>36.</strong></span> <span class='ocrx_word' id='word_1_400' title='bbox 570 4641 612 4676; x_wconf 90' lang='lat' dir='ltr'><strong>rn.</strong></span> <span class='ocrx_word' id='word_1_401' title='bbox 648 4626 702 4675; x_wconf 91' lang='lat' dir='ltr'><strong>His</strong></span> <span class='ocrx_word' id='word_1_402' title='bbox 710 4624 880 4676; x_wconf 88' lang='lat' dir='ltr'><strong>translation</strong></span> <span class='ocrx_word' id='word_1_403' title='bbox 889 4626 919 4675; x_wconf 86' lang='lat' dir='ltr'><strong>oi</strong></span> <span class='ocrx_word' id='word_1_404' title='bbox 928 4625 1028 4688; x_wconf 70' lang='lat' dir='ltr'><strong>Magni</strong></span> <span class='ocrx_word' id='word_1_405' title='bbox 1078 4625 1673 4697; x_wconf 75' lang='lat' dir='ltr'><strong>shipseeEp.1844.66-71.cf.Ep.554.66.</strong></span> 
     </span>
     <span class='ocr_line' id='line_1_49' title="bbox 455 4690 1672 4760; baseline 0.002 -18"><span class='ocrx_word' id='word_1_406' title='bbox 455 4693 560 4743; x_wconf 79' lang='lat' dir='ltr'><strong>Boailia&#39;</strong></span> <span class='ocrx_word' id='word_1_407' title='bbox 574 4700 667 4742; x_wconf 77' lang='lat' dir='ltr'><strong>contra</strong></span> <span class='ocrx_word' id='word_1_408' title='bbox 682 4693 853 4744; x_wconf 79' lang='lat' dir='ltr'><strong>Eunomium</strong></span> <span class='ocrx_word' id='word_1_409' title='bbox 867 4693 899 4742; x_wconf 80' lang='lat' dir='ltr'><strong>de</strong></span> <span class='ocrx_word' id='word_1_410' title='bbox 915 4692 1028 4756; x_wconf 72' lang='lat' dir='ltr'><strong>Spiritu</strong></span> <span class='ocrx_word' id='word_1_411' title='bbox 1112 4705 1169 4741; x_wconf 87' lang='lat'><strong>120.</strong></span> <span class='ocrx_word' id='word_1_412' title='bbox 1187 4691 1336 4755; x_wconf 85' lang='lat' dir='ltr'><strong>Raphahel</strong></span> <span class='ocrx_word' id='word_1_413' title='bbox 1365 4690 1599 4760; x_wconf 82' lang='lat' dir='ltr'><strong>volaterranus]</strong></span> <span class='ocrx_word' id='word_1_414' title='bbox 1635 4700 1672 4750; x_wconf 83' lang='lat' dir='ltr'><strong>R.</strong></span> 
     </span>
     <span class='ocr_line' id='line_1_50' title="bbox 454 4757 1673 4824; baseline 0 -14"><span class='ocrx_word' id='word_1_415' title='bbox 454 4759 564 4816; x_wconf 73' lang='lat' dir='ltr'><strong>Sancta</strong></span> <span class='ocrx_word' id='word_1_416' title='bbox 592 4759 638 4809; x_wconf 83' lang='lat' dir='ltr'><strong>lib.</strong></span> <span class='ocrx_word' id='word_1_417' title='bbox 662 4766 719 4809; x_wconf 82' lang='lat' dir='ltr'><strong>tert.</strong></span> <span class='ocrx_word' id='word_1_418' title='bbox 743 4775 801 4809; x_wconf 78' lang='lat' dir='ltr'><strong>was</strong></span> <span class='ocrx_word' id='word_1_419' title='bbox 823 4759 975 4823; x_wconf 85' lang='lat' dir='ltr'><strong>publiahed</strong></span> <span class='ocrx_word' id='word_1_420' title='bbox 996 4765 1030 4810; x_wconf 90' lang='lat' dir='ltr'><strong>at</strong></span> <span class='ocrx_word' id='word_1_421' title='bbox 1079 4758 1214 4820; x_wconf 85' lang='lat' dir='ltr'><strong>Rhegius,</strong></span> <span class='ocrx_word' id='word_1_422' title='bbox 1241 4773 1287 4807; x_wconf 89' lang='lat' dir='ltr'><strong>see</strong></span> <span class='ocrx_word' id='word_1_423' title='bbox 1312 4757 1367 4824; x_wconf 86' lang='lat' dir='ltr'><strong>Ep.</strong></span> <span class='ocrx_word' id='word_1_424' title='bbox 1393 4770 1469 4820; x_wconf 83' lang='lat'><strong>²4²2·</strong></span> <span class='ocrx_word' id='word_1_425' title='bbox 1497 4763 1571 4814; x_wconf 77' lang='lat'><strong>6111.</strong></span> <span class='ocrx_word' id='word_1_426' title='bbox 1610 4766 1673 4816; x_wconf 64' lang='lat' dir='ltr'><strong>Tha</strong></span> 
     </span>
     <span class='ocr_line' id='line_1_51' title="bbox 454 4825 1672 4890; baseline -0.003 -13"><span class='ocrx_word' id='word_1_427' title='bbox 454 4827 585 4877; x_wconf 83' lang='lat' dir='ltr'><strong>Romaiu</strong></span> <span class='ocrx_word' id='word_1_428' title='bbox 600 4830 673 4886; x_wconf 83' lang='lat'><strong>1526.</strong></span> <span class='ocrx_word' id='word_1_429' title='bbox 1078 4825 1346 4888; x_wconf 75' lang='lat' dir='ltr'><strong>0pern...Bacilii</strong></span> <span class='ocrx_word' id='word_1_430' title='bbox 1371 4839 1421 4888; x_wconf 75' lang='lat' dir='ltr'><strong>per</strong></span> <span class='ocrx_word' id='word_1_431' title='bbox 1447 4825 1548 4890; x_wconf 74' lang='lat' dir='ltr'><strong>Raph.</strong></span> <span class='ocrx_word' id='word_1_432' title='bbox 1591 4833 1672 4884; x_wconf 64' lang='lat' dir='ltr'><strong>Vola.</strong></span> 
     </span>
    </p>

    <p class='ocr_par' dir='ltr' id='par_1_4' title="bbox 454 4891 1674 5029">
     <span class='ocr_line' id='line_1_52' title="bbox 489 4891 1674 4958; baseline 0.003 -16"><span class='ocrx_word' id='word_1_433' title='bbox 489 4894 546 4942; x_wconf 88' lang='lat'><strong>118.</strong></span> <span class='ocrx_word' id='word_1_434' title='bbox 564 4892 706 4954; x_wconf 81' lang='lat' dir='ltr'><strong>Ruffinus]</strong></span> <span class='ocrx_word' id='word_1_435' title='bbox 715 4892 794 4958; x_wconf 83' lang='lat'><strong>†410.</strong></span> <span class='ocrx_word' id='word_1_436' title='bbox 816 4893 862 4944; x_wconf 89' lang='lat' dir='ltr'><strong>He</strong></span> <span class='ocrx_word' id='word_1_437' title='bbox 869 4893 1028 4944; x_wconf 78' lang='lat' dir='ltr'><strong>translated</strong></span> <span class='ocrx_word' id='word_1_438' title='bbox 1077 4899 1218 4943; x_wconf 79' lang='lat' dir='ltr'><strong>terrenum</strong></span> <span class='ocrx_word' id='word_1_439' title='bbox 1230 4907 1319 4956; x_wconf 78' lang='lat' dir='ltr'><strong>nuper</strong></span> <span class='ocrx_word' id='word_1_440' title='bbox 1331 4893 1363 4941; x_wconf 76' lang='lat' dir='ltr'><strong>in</strong></span> <span class='ocrx_word' id='word_1_441' title='bbox 1377 4891 1515 4944; x_wconf 66' lang='lat' dir='ltr'><strong>minum</strong></span> <span class='ocrx_word' id='word_1_442' title='bbox 1527 4912 1674 4953; x_wconf 70' lang='lat' dir='ltr'><strong>ceam</strong></span> 
     </span>
     <span class='ocr_line' id='line_1_53' title="bbox 454 4957 1600 5029; baseline 0.005 -20"><span class='ocrx_word' id='word_1_443' title='bbox 454 4959 555 5010; x_wconf 82' lang='lat' dir='ltr'><strong>Basil&#39;s</strong></span> <span class='ocrx_word' id='word_1_444' title='bbox 577 4960 681 5023; x_wconf 69' lang='lat' dir='ltr'><strong>Regula</strong></span> <span class='ocrx_word' id='word_1_445' title='bbox 703 4962 761 5011; x_wconf 90' lang='lat' dir='ltr'><strong>and</strong></span> <span class='ocrx_word' id='word_1_446' title='bbox 781 4960 859 5025; x_wconf 90' lang='lat' dir='ltr'><strong>eight</strong></span> <span class='ocrx_word' id='word_1_447' title='bbox 880 4960 1026 5012; x_wconf 90' lang='lat' dir='ltr'><strong>Homilies.</strong></span> <span class='ocrx_word' id='word_1_448' title='bbox 1078 4975 1150 5011; x_wconf 83' lang='lat' dir='ltr'><strong>wore</strong></span> <span class='ocrx_word' id='word_1_449' title='bbox 1162 4957 1313 5025; x_wconf 89' lang='lat' dir='ltr'><strong>published</strong></span> <span class='ocrx_word' id='word_1_450' title='bbox 1323 4958 1353 5008; x_wconf 91' lang='lat' dir='ltr'><strong>in</strong></span> <span class='ocrx_word' id='word_1_451' title='bbox 1365 4957 1456 5008; x_wconf 88' lang='lat' dir='ltr'><strong>Rome</strong></span> <span class='ocrx_word' id='word_1_452' title='bbox 1468 4959 1501 5011; x_wconf 87' lang='lat' dir='ltr'><strong>in</strong></span> <span class='ocrx_word' id='word_1_453' title='bbox 1515 4976 1600 5029; x_wconf 79' lang='lat'><strong>1515.</strong></span> 
     </span>
    </p>
   </div>
   <div class='ocr_carea' id='block_1_4' title="bbox 0 0 2065 5900">
    <p class='ocr_par' dir='ltr' id='par_1_5' title="bbox 0 0 2065 5900">
     <span class='ocr_line' id='line_1_54' title="bbox 0 0 2065 5900; baseline 0 0"><span class='ocrx_word' id='word_1_454' title='bbox 0 0 2065 5900; x_wconf 95' lang='lat' dir='ltr'><strong> </strong></span> 
     </span>
    </p>
   </div>
  </div>
 </body>
</html>
