4042 5900
514 665 573 726 162
838 661 1038 726 LETTERS
1058 662 1114 726 OF
1134 661 1340 727 ERASMUS
1612 667 1707 744 [1531

512 822 629 884 bonico
653 821 832 884 monachus
860 820 1084 883 Oartusianus.
1127 820 1330 896 Quibusdam
1357 826 1470 884 tamen
1498 823 1705 904 respondisse

451 929 499 981 175
512 907 667 986 poenitet,
682 906 853 985 praecipue
868 904 996 967 Saturi:
1019 905 1191 967 minimum
1205 906 1293 967 enim
1307 905 1466 968 obfuisset
1479 906 1588 968 famae
1602 926 1704 981 meae,

512 990 539 1050 si
553 988 765 1068 neglexissem
779 988 867 1049 illius
881 990 1024 1050 naenias.
1068 988 1174 1067 quue
1188 988 1337 1050 facturus
1351 1008 1450 1061 eram,
1465 990 1527 1050 nisi
1547 996 1703 1052 cunctan-

511 1078 580 1133 tem
597 1071 731 1151 quidam
750 1073 802 1132 vir
820 1073 928 1151 grauis
946 1071 1011 1134 alio
1027 1072 1220 1151 impulisset.
1263 1071 1378 1150 Neque
1397 1091 1472 1133 raro
1491 1078 1630 1153 paterno
1646 1094 1703 1135 seu

511 1156 621 1234 potius
642 1155 787 1217 fraterno
809 1155 929 1216 affectu
951 1154 1025 1216 illos
1046 1154 1203 1228 obtestor,
1226 1156 1328 1216 amice
1350 1174 1428 1235 rogo
1449 1175 1640 1236 moneoque,
1664 1164 1704 1219 vt

510 1239 655 1299 animum
676 1238 719 1300 ad
737 1239 865 1299 saniora
885 1238 1020 1299 consilia
1036 1239 1204 1317 recipiant,
1226 1237 1451 1317 desinuntque,
1473 1240 1553 1300 dum
1576 1259 1628 1301 me
1651 1260 1703 1302 co-

449 1332 497 1383 180
509 1327 632 1383 uantur
645 1323 836 1401 opprimere,
852 1322 913 1383 sibi
927 1341 1051 1400 suoque
1068 1321 1174 1383 ordini
1188 1341 1321 1400 grauem
1339 1328 1374 1382 et
1387 1322 1545 1383 inuidiam
1562 1330 1598 1384 et
1614 1324 1702 1403 igno-

509 1405 644 1466 miniam
667 1405 816 1478 conflare,
842 1406 1035 1484 praesertim
1060 1404 1149 1484 apud
1175 1404 1289 1466 doctos
1314 1409 1349 1465 et
1373 1405 1535 1467 cordatos.
1579 1406 1703 1467 Tecum

510 1489 613 1550 sentit
646 1489 697 1550 vir
725 1490 775 1550 tui
806 1487 989 1549 simillimus
1025 1485 1204 1550 cutbertus
1237 1487 1427 1549 Tonstallus
1459 1488 1549 1569 apud
1579 1489 1702 1569 Anglos

509 1572 678 1651 episcopus
702 1590 806 1651 nuper
832 1571 1074 1644 londoniensis,
1100 1590 1187 1632 nunc
1216 1571 1462 1644 Dunelmensis;
1498 1573 1702 1653 eandemque

509 1655 576 1716 iere
597 1656 782 1717 cantionem
804 1654 888 1716 solet
909 1656 1064 1727 occinere,
1087 1673 1187 1733 quam
1209 1659 1247 1715 tu
1268 1673 1363 1715 nunc.
1408 1653 1472 1715 Sed
1492 1675 1551 1716 nec
1573 1655 1621 1716 illi
1642 1677 1703 1737 per

448 1749 496 1812 185
509 1737 604 1800 aulae
630 1737 726 1799 simul
751 1743 786 1799 et
810 1737 962 1799 ecclesiae
984 1738 1117 1816 negocia
1138 1742 1237 1798 vacat
1261 1736 1489 1798 lacessentium
1514 1737 1641 1800 libellos
1666 1745 1701 1801 et

508 1841 526 1883 e
540 1822 669 1901 regione
683 1841 772 1883 meas
786 1821 952 1901 apologias
966 1822 1129 1881 attentius
1143 1839 1342 1899 cognoscere.
1372 1819 1459 1881 Nam
1474 1822 1700 1883 conuiuiorum

508 1903 629 1966 fabulis
646 1910 707 1966 aut
723 1904 943 1966 delationibus
964 1903 1093 1965 credere
1112 1905 1245 1965 minime
1259 1909 1371 1965 tutum
1390 1909 1450 1965 est.
1493 1904 1573 1964 Eius
1587 1910 1700 1966 tamen

508 1987 627 2049 iudicio
651 1987 828 2067 plurimum
851 1986 970 2058 tribue,
996 2006 1056 2047 nec
1080 2006 1187 2066 pauca
1211 1987 1254 2048 ad
1283 1987 1371 2048 illius
1399 1988 1597 2048 sententiam
1626 2008 1700 2049 sum

507 2071 713 2133 moderatus:
744 2091 811 2150 quo
835 2071 965 2131 nomine
987 2076 1121 2131 tantum
1142 2072 1171 2131 ei
1192 2089 1245 2131 me
1264 2070 1384 2131 debere
1404 2070 1512 2131 fateor
1536 2077 1699 2149 quantum

446 2179 495 2226 190
507 2173 573 2216 non
587 2154 661 2227 alio,
677 2174 780 2233 quum
793 2153 841 2214 illi
855 2152 968 2215 multis
981 2153 1168 2215 nominibus
1182 2152 1320 2215 debeam
1335 2154 1521 2233 plurimum.

549 2238 694 2299 Tantum
722 2238 766 2298 ad
790 2256 863 2298 eam
891 2236 1076 2297 litterarum
1104 2242 1238 2297 tuarum
1265 2242 1394 2316 partem
1423 2256 1489 2315 qua
1520 2256 1632 2299 mones
1661 2246 1700 2301 vt

506 2319 696 2382 rabularum
717 2319 859 2381 latratus
881 2326 941 2380 aut
961 2319 1091 2381 silentio
1112 2325 1321 2381 contemnam
1342 2325 1403 2381 aut
1424 2321 1473 2381 ita
1492 2321 1638 2383 refellam
1659 2329 1698 2384 vt

506 2405 677 2465 minimum
692 2403 804 2465 videar
818 2402 990 2464 indulsisse
1004 2402 1183 2464 stomacho.
1213 2402 1323 2463 Nolim
1338 2409 1450 2465 autem
1465 2403 1524 2465 hec
1539 2406 1588 2465 ita
1600 2411 1699 2484 putes

507 2506 527 2548 a
548 2506 600 2548 me
621 2486 694 2559 dici,
710 2488 761 2547 vir
782 2488 914 2567 optime,
930 2487 1024 2566 quasi
1040 2505 1173 2565 prorsus
1190 2485 1287 2565 culpa
1307 2506 1431 2560 vacem,
1449 2493 1552 2566 tuque
1573 2487 1699 2550 frustra

446 2596 493 2646 195
506 2575 567 2631 aut
587 2576 717 2650 praeter
733 2572 887 2632 meritum
904 2570 1131 2631 admonueris:
1154 2569 1212 2631 sed
1233 2576 1272 2630 vt
1291 2569 1371 2630 mihi
1392 2571 1436 2631 sis
1455 2572 1598 2649 aequior,
1619 2570 1697 2633 iaci·

506 2652 633 2732 liusque
657 2655 803 2733 ignoscas
824 2654 914 2733 quod
936 2653 1095 2714 hactenus
1117 2658 1289 2733 peccatum
1313 2657 1374 2713 est.
1418 2652 1520 2713 Venio
1544 2673 1631 2714 nunc
1654 2654 1698 2716 ad

505 2736 644 2798 alteram
666 2736 801 2818 epistole
823 2744 880 2798 tue
901 2742 1040 2815 partem,
1063 2756 1129 2815 qua
1150 2735 1328 2815 prudenter
1353 2735 1509 2797 admones
1534 2756 1575 2798 ne
1600 2739 1697 2799 nimis

505 2821 623 2881 acriter
642 2820 800 2882 obsistam
822 2818 1035 2900 popularibus
1056 2819 1183 2892 studiis,
1202 2820 1237 2879 in
1259 2818 1309 2879 bis
1330 2839 1424 2898 quae,
1447 2819 1523 2881 lieet
1543 2840 1609 2881 non
1630 2821 1698 2881 sint

505 2903 676 2966 absolutae
685 2905 827 2984 pietatis,
838 2909 950 2965 tamen
960 2922 1027 2964 non
1038 2909 1116 2964 sunt
1125 2921 1199 2964 cum
1210 2903 1381 2984 impietate
1392 2904 1584 2978 coniuncta;
1607 2904 1696 2983 quod

442 3014 492 3050 200
504 3007 605 3066 genus
624 2994 712 3061 sunt,
730 2989 899 3048 veneratio
916 2992 1103 3048 sanctorum
1123 2991 1159 3048 et
1176 2988 1379 3067 picturarum
1398 2987 1565 3048 crebritas.
1610 2987 1696 3061 Quid

504 3071 548 3131 ad
570 3077 603 3132 te
625 3070 772 3132 delatum
793 3072 836 3131 sit
857 3072 982 3131 nescio:
1016 3070 1073 3130 sed
1097 3069 1186 3130 absit
1210 3076 1249 3130 vt
1277 3090 1416 3149 vsquam
1444 3071 1478 3131 in
1503 3070 1594 3132 libris
1615 3073 1696 3133 meis

504 3153 679 3215 damnetur
693 3160 881 3215 sanctorum
895 3154 1073 3225 veneratio,
1088 3158 1148 3214 aut
1162 3154 1340 3232 imaginum
1355 3173 1442 3214 vsus.
1486 3151 1695 3233 Superstitio·

503 3257 576 3298 sum
598 3244 659 3299 aut
679 3243 923 3316 praeposterum
946 3236 1096 3297 diuorum
1117 3235 1244 3297 cultum
1266 3236 1386 3297 alicubi
1411 3242 1509 3297 taxo:
1540 3239 1694 3316 supersti-

504 3321 625 3381 tiosum
642 3320 794 3393 arbitror,
809 3340 912 3399 quum
931 3319 1025 3380 miles
1039 3319 1083 3381 ad
1101 3319 1310 3381 latrocinium
1330 3322 1437 3380 iturus
1451 3320 1513 3381 sibi
1528 3322 1695 3399 promittit

441 3431 490 3480 205
503 3403 698 3465 incolumem
716 3404 868 3476 reditum,
884 3405 911 3464 si
931 3403 1096 3465 Barbarae
1116 3403 1325 3464 simulacrum
1344 3403 1435 3464 flexis
1454 3404 1590 3482 genibus
1609 3404 1694 3465 salu-

504 3488 593 3559 tarit,
608 3493 643 3548 et
664 3488 698 3548 in
718 3486 805 3548 illius
826 3486 982 3547 honorem
1003 3486 1152 3566 preculas
1173 3487 1305 3565 magicis
1327 3486 1507 3548 simillimas
1528 3488 1693 3549 recitarit:

502 3576 751 3650 praeposterum
771 3572 885 3642 sentio,
901 3589 1003 3648 quum
1024 3569 1156 3631 cereolis
1170 3589 1209 3630 ae
1227 3570 1364 3648 picturis
1378 3569 1473 3631 diuos
1488 3590 1694 3646 veneramur,

502 3659 576 3715 tota
595 3655 666 3714 vita
686 3674 761 3715 cum
783 3654 913 3715 illorum
935 3653 1079 3714 moribus
1093 3659 1281 3732 pugnante:
1304 3672 1378 3714 cum
1393 3655 1596 3732 gratissimus
1611 3654 1695 3716 diuis

502 3734 611 3797 cultus
631 3738 683 3809 sit,
700 3738 726 3797 si
746 3739 819 3816 quis
839 3737 969 3798 illorum
988 3738 1148 3816 pietatem
1169 3737 1327 3797 imitetur.
1372 3736 1522 3798 Picturas
1538 3757 1577 3798 ac
1592 3738 1694 3816 signa,

439 3847 489 3884 210
501 3818 606 3880 veluti
631 3821 805 3900 praecipua
834 3822 923 3881 vitae
952 3827 1155 3892 ornamenta,
1186 3819 1332 3880 demoliri
1360 3838 1529 3898 nunquam
1559 3820 1693 3899 placuit,

502 3921 692 3981 quanquam
713 3904 854 3983 optarim
875 3903 957 3964 nihil
979 3905 1013 3963 in
1035 3903 1166 3982 templis
1188 3902 1291 3964 videri
1312 3903 1374 3962 nisi
1396 3902 1530 3980 dignum
1551 3922 1590 3964 eo
1611 3902 1692 3965 loco.

501 3984 551 4045 De
574 3986 765 4047 inuocandis
788 3987 873 4047 diuis
898 3993 932 4047 et
954 3986 1131 4048 adorandis
1156 3985 1349 4065 imaginibus
1374 4005 1493 4064 magna
1515 3993 1567 4047 est
1592 3986 1692 4065 digla-

502 4068 614 4130 diatio.
658 4069 814 4141 Primum,
843 4075 974 4131 constat
1003 4070 1131 4131 nullum
1160 4088 1229 4129 esse
1258 4070 1292 4129 in
1321 4068 1440 4129 diuinis
1469 4068 1692 4131 voluminibus

501 4151 608 4213 locum
624 4153 681 4231 qui
695 4155 860 4232 permittit
877 4155 1031 4214 inuocare
1049 4152 1152 4226 diuos,
1167 4153 1229 4211 nisi
1247 4152 1396 4212 fortassis
1414 4152 1477 4213 huc
1500 4151 1693 4231 detorquere

438 4262 487 4312 ²15
500 4234 610 4313 placet
620 4236 710 4315 quod
722 4236 822 4297 Diues
833 4238 867 4297 in
878 4235 1077 4315 Euangeliou
1087 4234 1245 4314 parabola
1259 4235 1415 4314 implorat
1424 4254 1519 4314 opem
1530 4235 1692 4297 Abrahae.

500 4316 694 4398 Quanquam
712 4325 824 4381 autem
843 4321 877 4381 in
897 4340 932 4381 re
945 4325 1043 4380 tanta
1062 4338 1185 4380 nouare
1200 4319 1374 4397 quicquam
1389 4324 1520 4398 praeter
1534 4321 1692 4381 autorita-

500 4408 569 4463 tem
590 4403 770 4482 scripturae
792 4405 910 4464 merito
930 4401 1147 4482 periculosum
1169 4400 1272 4462 videri
1293 4403 1405 4480 possit,
1428 4408 1539 4463 tamen
1560 4404 1690 4464 inuoca-

499 4486 623 4547 tionem
657 4485 808 4547 diuorum
836 4505 998 4565 nusquam
1027 4484 1177 4566 improbo
1207 4504 1266 4545 nec
1294 4485 1543 4564 improbandam
1572 4487 1688 4559 sentio,

534 4588 592 4649 176.
610 4585 721 4653 quue.
736 4623 743 4637 .
758 4601 825 4652 .177.
843 4587 1002 4653 impulisset
1013 4587 1077 4637 odd.
1089 4586 1120 4637 J.
1247 4587 1303 4636 180.
1322 4591 1352 4636 et
1366 4623 1371 4634 .
1386 4623 1392 4634 .
1407 4623 1413 4636 .
1426 4591 1457 4636 et
1467 4585 1548 4636 Mu:
1566 4592 1630 4637 tum
1643 4624 1649 4636 .
1664 4623 1670 4635 .
1685 4623 1691 4631 .

498 4657 563 4704 tum
572 4652 604 4703 J.
674 4667 730 4715 191.
749 4654 919 4720 manuque
929 4655 992 4705 add.
1005 4654 1044 4703 N.
1121 4666 1178 4716 197.
1196 4656 1264 4703 tuae
1275 4652 1411 4718 epistolae
1422 4653 1460 4702 N.
1533 4667 1591 4717 ²07·
1608 4669 1692 4703 vene-

498 4725 599 4770 rantur
610 4719 641 4768 J.
709 4722 768 4772 208.
786 4728 947 4787 pugnantes
957 4720 988 4771 J.

532 4849 590 4899 177.
608 4837 767 4902 vbgrauis]
779 4835 908 4900 Pcssibly
916 4836 1067 4886 Beraldus:
1154 4836 1210 4885 282.
1228 4835 1402 4897 Tonstallus]
1418 4835 1469 4886 See
1482 4835 1536 4901 Ep.
1551 4839 1626 4886 2226.
1645 4851 1693 4899 13-

497 4901 548 4952 the
559 4918 637 4953 same
647 4908 803 4954 statement
813 4903 1068 4968 appearsinEpp.
1119 4914 1168 4964 37;
1196 4901 1232 4951 cf.
1254 4901 1308 4967 Ep.
1328 4904 1403 4966 2468.
1422 4905 1496 4952 2-26.
1531 4901 1606 4967 Only
1629 4903 1693 4954 four

499 4969 573 5032 1687.
596 4981 672 5033 51-5,
695 4971 767 5034 1893.
790 4970 837 5029 18;
860 4984 907 5021 sce
926 4969 982 5035 Ep.
1004 4983 1067 5032 1591
1119 4968 1218 5019 letters
1243 4969 1317 5018 from
1341 4968 1472 5020 Tunstsll
1499 4974 1531 5018 to
1556 4969 1692 5020 Erasmus

496 5035 601 5087 intrcd.
915 5041 917 5044 ’
1119 5035 1345 5086 havesurvived.
