4042 5900
521 650 580 713 138
867 647 1065 712 LETTERS
1086 648 1141 712 OF
1161 646 1366 712 ERASMUS
1618 651 1715 728 [1531

518 808 631 883 notha,
652 809 742 887 quod
762 807 852 888 apud
872 808 1051 889 Diogenem
1072 808 1250 881 Laertium,
1275 808 1333 887 qui
1354 806 1513 869 curiosius
1537 808 1640 878 etiam
1665 828 1715 869 re·

518 897 630 953 censet
644 891 741 953 huius
760 893 823 952 viri
840 892 1093 966 lucubrationes,
1114 892 1232 953 horum
1246 890 1338 952 nulla
1357 892 1490 953 omnino
1504 890 1564 952 fiat
1578 893 1716 965 mentio,

517 976 648 1036 etiamsi
674 976 709 1036 in
738 975 788 1036 his
817 974 899 1036 nihil
925 976 994 1037 fere
1022 981 1073 1036 est
1101 994 1168 1036 non
1195 974 1362 1036 eruditum
1389 994 1428 1035 ac
1453 974 1542 1035 lectu
1567 974 1714 1054 dignum.

456 1076 505 1113 210
518 1058 654 1119 Librum
669 1058 719 1119 De
733 1059 836 1120 Pomo
850 1065 982 1120 constat
996 1058 1137 1120 hominis
1150 1077 1219 1119 esse
1234 1057 1420 1119 Christiani.
1464 1058 1505 1118 In
1524 1057 1648 1119 librum
1662 1058 1713 1119 Dc

518 1140 727 1220 Vegetalibus
742 1143 799 1221 qui
813 1142 982 1222 praefatur
996 1143 1045 1202 ait
1058 1160 1128 1203 esse
1148 1161 1278 1203 versum
1300 1160 1341 1202 ex
1361 1141 1502 1203 Arabica
1518 1140 1654 1220 lingua:
1675 1161 1715 1203 ac

518 1224 687 1304 probabile
701 1231 752 1286 est
762 1225 879 1286 Arabis
890 1226 1071 1305 cuiuspiam
1081 1244 1161 1298 esse,
1173 1225 1255 1286 adeo
1266 1224 1404 1286 subinde
1414 1226 1498 1286 citat
1507 1224 1715 1285 Abruculum

518 1308 693 1387 quendam,
718 1307 849 1370 Graecis
877 1309 1073 1370 inauditum.
1116 1307 1277 1387 Quicquid
1306 1314 1418 1369 tamen
1446 1314 1497 1369 111
1525 1307 1716 1369 huiusmodi

517 1390 713 1465 libellorum,
738 1393 893 1471 quoniam
918 1392 960 1453 ab
986 1392 1036 1453 his
1061 1392 1119 1470 qui
1142 1390 1382 1471 philosophiam
1405 1391 1651 1453 Aristotelicam
1678 1392 1716 1451 in

456 1475 637 1541 ²15scholis
654 1475 895 1555 profitebantur
912 1474 1020 1536 solent
1039 1474 1189 1555 praelegi,
1209 1474 1396 1536 Aristotelis
1410 1474 1547 1535 titulum
1562 1474 1714 1535 obtinue-

518 1564 608 1619 runt.
651 1558 746 1620 Liber
760 1558 933 1619 Moralium
948 1577 1033 1637 quae
1048 1558 1167 1637 Magna
1186 1558 1343 1619 dicuntur
1357 1557 1489 1619 videtur
1503 1577 1544 1618 ex
1559 1556 1653 1618 libris
1669 1557 1715 1619 ad

518 1641 754 1703 Nicomachum
769 1642 951 1721 decerptus.
995 1641 1058 1714 Qui
1078 1660 1156 1702 vero
1175 1641 1219 1702 ad
1237 1641 1422 1703 Eudemum
1441 1641 1556 1721 scripti
1577 1646 1658 1701 sunt
1678 1643 1714 1701 in

517 1725 680 1804 prioribus
705 1725 801 1803 plane
826 1725 971 1785 referunt
993 1726 1063 1784 vim
1087 1730 1122 1785 et
1143 1744 1281 1786 acumen
1301 1724 1499 1796 Aristotelis,
1517 1725 1715 1803 posteriores

518 1808 673 1869 videntur
687 1808 730 1868 ab
747 1808 812 1869 alio
827 1809 981 1887 quopiam
999 1808 1128 1881 adiecti,
1148 1827 1250 1887 quum
1270 1809 1305 1868 in
1319 1807 1369 1868 his
1388 1813 1582 1887 repetantur
1598 1807 1715 1868 iisdem

455 1906 505 1944 220
518 1891 627 1953 verbis
641 1910 725 1970 quae
739 1890 952 1970 disputantur
965 1891 1008 1952 ad
1023 1890 1268 1953 Nicomachum.
1306 1891 1440 1952 Librum
1448 1890 1498 1951 De
1507 1890 1716 1952 Mirabilibus

518 1974 771 2035 Narrationibus
785 1994 837 2035 res
850 1975 923 2053 ipsa
936 1974 1084 2054 loquitur
1098 1993 1116 2035 e
1130 1974 1268 2036 diuersis
1283 1974 1454 2036 autoribus
1468 1993 1538 2035 esse
1553 1974 1715 2035 consarci-

518 2063 644 2131 natum,
669 2077 728 2119 nec
751 2077 830 2137 prae
855 2077 890 2119 se
912 2058 979 2118 fert
1002 2057 1147 2119 indolem
1169 2057 1423 2119 Aristotelicam.
1467 2055 1557 2137 Opus
1580 2056 1715 2118 Proble-

517 2147 644 2202 matum
667 2142 703 2201 in
727 2142 840 2220 primis
862 2141 1038 2215 cruditum,
1060 2147 1199 2221 apparet
1220 2161 1240 2203 a
1261 2141 1418 2202 studiosis
1438 2141 1714 2213 contaminatum,

517 2225 570 2286 vel
585 2224 646 2285 hoc
660 2224 789 2298 indicio,
804 2224 893 2304 quod
907 2225 1006 2286 toties
1019 2224 1133 2286 eadem
1147 2225 1319 2286 iterantur.
1356 2225 1402 2285 Et
1415 2223 1504 2285 haud
1519 2224 1587 2284 scio
1597 2244 1641 2285 an
1651 2224 1715 2285 hoc

456 2322 504 2373 225
518 2309 563 2368 sit
585 2327 668 2387 opus
696 2308 785 2387 quod
813 2308 964 2370 Laertius
992 2308 1054 2369 hoc
1082 2308 1183 2369 titulo
1211 2313 1365 2381 recenset,
1395 2306 1643 2369 Problematum
1671 2326 1714 2367 ex

517 2390 706 2452 Democrito
719 2391 795 2452 libri
809 2411 876 2452 sex.
918 2390 1224 2452 Commemorantur
1239 2397 1274 2452 et
1288 2390 1343 2452 alii
1357 2391 1424 2452 duo
1437 2390 1513 2451 libri
1524 2390 1713 2452 Problema-

518 2480 591 2535 tum
605 2474 804 2553 τεθεαμένων,
816 2494 901 2535 1111111
909 2475 1150 2554 Encycliorum,
1161 2494 1274 2536 rursus
1285 2474 1342 2535 alii
1352 2473 1466 2534 θέσεων
1475 2482 1510 2535 11
1520 2475 1713 2546 Protaseon,

517 2577 558 2619 ex
580 2558 699 2637 quibus
720 2558 890 2638 probabile
911 2564 962 2619 est
983 2558 1043 2619 has
1064 2577 1146 2637 quas
1168 2558 1327 2619 habemus
1348 2559 1507 2618 sectiones
1526 2575 1646 2635 magna
1671 2576 1713 2617 ex

518 2648 612 2720 parte
644 2642 823 2721 decerptas.
875 2641 925 2703 De
953 2639 1174 2703 Oeconomicis
1202 2641 1353 2703 Laertius
1381 2660 1447 2702 non
1475 2646 1622 2701 recenset
1650 2641 1714 2700 nisi

456 2740 506 2790 230
519 2744 621 2786 vnum
643 2724 773 2798 librum,
795 2744 898 2804 quum
920 2724 1108 2786 Leonardus
1129 2724 1285 2786 Aretinus
1302 2725 1439 2786 verterit
1457 2724 1551 2796 duos,
1571 2742 1713 2801 quorum

518 2809 679 2888 posterior
700 2828 767 2869 non
786 2810 963 2869 inuenitur.
1008 2808 1049 2868 In
1069 2808 1166 2869 huius
1185 2808 1293 2870 locum
1315 2807 1420 2869 Aldus
1437 2808 1611 2886 supposuit
1625 2806 1712 2886 frag·

518 2898 677 2965 mentum,
707 2897 990 2971 stratagematum,
1020 2891 1102 2952 nihil
1130 2891 1252 2954 iaciens
1280 2892 1323 2954 ad
1357 2909 1426 2953 rem
1460 2892 1713 2952 oeconomicam.
1759 2934 1762 2937 -

518 2975 611 3037 Prior
640 2975 850 3054 γνησιώτατος
873 2982 924 3036 111
948 2975 1145 3049 Aristotelis,
1168 2976 1225 3037 aed
1250 2977 1380 3036 vtinam
1405 2981 1491 3036 11111
1518 2974 1710 3036 absolutus:

518 3059 687 3132 secundus,
709 3078 806 3138 quem
831 3061 933 3120 vertit
956 3059 1155 3132 leonardus,
1181 3078 1239 3119 nec
1262 3059 1415 3120 cohaeret
1439 3077 1514 3119 cum
1537 3058 1713 3137 superiore,

456 3167 505 3219 235
518 3161 576 3202 nec
586 3143 700 3221 resipit
710 3143 875 3222 ingenium
884 3142 1080 3203 Aristotelis.
1117 3143 1166 3204 De
1177 3143 1296 3203 Anima
1307 3142 1458 3203 Laertius
1466 3160 1569 3202 vnum
1578 3147 1714 3202 tantum

518 3225 638 3286 librum
658 3232 902 3299 commemorat,
924 3226 982 3286 sed
1004 3226 1091 3286 hunc
1111 3226 1250 3287 fortasse
1265 3226 1432 3287 studiosus
1451 3224 1570 3304 aliquis
1583 3225 1618 3285 in
1633 3226 1714 3284 treis

518 3308 680 3369 dissecuit.
724 3308 903 3369 Rhetorica
924 3309 968 3369 ad
989 3308 1224 3383 Alexandrum,
1248 3310 1400 3389 quamuis
1428 3309 1575 3387 apprime
1603 3306 1713 3379 docta,

518 3397 630 3452 tamen
658 3391 781 3470 duplici
807 3393 936 3452 nomine
965 3392 1113 3453 dubitari
1140 3399 1251 3471 potest
1279 3412 1321 3453 an
1351 3393 1396 3453 111
1424 3392 1512 3452 illius
1537 3409 1712 3470 germana:

518 3475 660 3554 primum
675 3475 765 3553 quod
781 3480 950 3536 oratorum
965 3495 1056 3537 more
1073 3475 1250 3554 praefatur,
1269 3475 1302 3536 id
1324 3475 1413 3554 quod
1433 3474 1512 3536 alibi
1532 3493 1713 3553 nunquam,

456 3584 506 3635 240
518 3558 575 3619 sed
604 3577 731 3637 semper
760 3558 803 3618 ad
833 3577 900 3619 rem
929 3559 1085 3620 festinat:
1121 3559 1198 3620 dein
1221 3558 1310 3638 quod
1332 3559 1429 3620 huius
1452 3557 1613 3636 Diogenes
1645 3576 1714 3618 non

518 3642 710 3702 meminerit.
755 3641 851 3702 Liber
870 3642 920 3702 De
938 3643 1067 3704 Plantis
1088 3661 1154 3703 non
1174 3648 1224 3703 est
1238 3648 1428 3721 separatum
1443 3660 1534 3720 opus,
1550 3639 1607 3702 sed
1625 3659 1713 3719 pars,

517 3730 586 3798 aut,
612 3726 640 3785 11
664 3726 780 3798 mauis,
803 3727 922 3786 tertius
941 3725 1024 3787 liber
1045 3725 1094 3786 De
1115 3725 1293 3787 Coloribus.
1337 3725 1435 3786 Liber
1453 3724 1503 3785 De
1524 3723 1648 3785 Mundo
1669 3723 1715 3785 ad

517 3807 742 3869 Alexandrum
757 3809 871 3869 diserti
886 3809 1027 3870 hominis
1046 3814 1107 3883 est,
1128 3808 1185 3870 sed
1203 3809 1347 3869 multum
1364 3808 1553 3886 discrepans
1567 3826 1588 3867 a
1601 3806 1715 3887 phrasi

517 3891 735 3953 Aristotelica.
779 3891 877 3952 Liber
901 3891 951 3953 De
973 3893 1082 3953 Lineis
1105 3891 1369 3965 indiuisibilibus,
1392 3892 1545 3970 quamuis
1573 3890 1715 3951 hominis

411 4044 413 4047 ,
455 4010 505 4065 ²45
518 3975 665 4054 apprime
690 3975 790 4048 docti,
816 3994 884 4037 non
907 3976 994 4054 sapit
1014 3982 1126 4036 tamen
1147 3975 1367 4048 Aristotelem,
1388 3995 1448 4036 nec
1472 3975 1543 4035 eius
1564 3974 1715 4034 meminit

518 4058 678 4119 laertius.
722 4058 762 4119 In
783 4058 834 4119 hia
855 4060 904 4119 ita
929 4078 1037 4119 meam
1062 4059 1260 4119 sententiam
1286 4060 1408 4138 aperui,
1434 4064 1473 4119 vt
1496 4057 1714 4118 nihilosecus

517 4160 613 4202 suum
627 4142 744 4220 cuique
760 4141 900 4202 liberum
914 4162 973 4222 per
987 4161 1039 4204 me
1054 4142 1186 4221 quidem
1201 4143 1245 4202 sit
1259 4142 1425 4204 iudicium.

560 4224 736 4303 Reliquum
751 4231 811 4298 111,
827 4232 866 4286 vt
885 4227 998 4305 paucis
1017 4227 1190 4305 attingam,
1210 4226 1290 4305 quid
1305 4225 1366 4286 hac
1383 4230 1558 4304 postrema,
1576 4225 1637 4285 hoc
1651 4230 1714 4297 est,

517 4307 696 4369 Bebeliana
716 4308 879 4371 seditione
900 4310 1072 4370 accesserit
1092 4309 1257 4381 studiosis.
1300 4309 1464 4388 Principio
1487 4309 1595 4369 fateor
1613 4307 1714 4387 pluri·

456 4427 506 4478 250
518 4410 608 4452 mum
624 4393 748 4471 gratiae
763 4392 873 4454 deberi
886 4391 981 4466 Aldo,
997 4394 1055 4472 qui
1069 4394 1195 4472 primus
1214 4392 1360 4454 omnium
1375 4411 1434 4452 sua
1449 4391 1610 4452 industria
1624 4391 1715 4469 typis

518 4473 640 4536 Graece
649 4474 812 4555 euulgarit
820 4482 971 4538 autorem
981 4495 1047 4554 quo
1055 4477 1113 4537 vix
1122 4475 1207 4537 alius
1216 4476 1303 4537 lectu
1313 4475 1450 4554 dignior.
1477 4473 1564 4535 Nam
1573 4472 1715 4534 antehac

518 4557 612 4619 illum
628 4557 838 4633 habebamus,
853 4560 911 4620 sed
925 4561 974 4620 ita
988 4578 1130 4632 versum,
1145 4564 1184 4619 vt
1198 4559 1242 4620 ad
1252 4559 1500 4638 intelligendum
1512 4556 1615 4629 Delio,
1626 4555 1715 4634 quod

518 4641 623 4715 aiunt,
646 4647 799 4703 natatore
820 4649 907 4704 esset
929 4662 1022 4722 opus,
1044 4642 1192 4704 simodo
1213 4643 1357 4721 excipias
1376 4661 1461 4721 quac
1482 4642 1585 4701 vertit
1610 4639 1713 4701 Theo·

749 4790 808 4828 111.
826 4776 1010 4842 Vegetalibus
1021 4777 1095 4828 cN’:
1113 4776 1326 4843 vegetabilibus
1337 4777 1379 4827 N¹
1391 4776 1476 4827 Lond.

552 4963 611 5013 250.
629 4951 713 5014 Aldo]
725 4952 775 5003 the
788 4951 892 5004 ‘editio
903 4953 1049 5018 princepa'
1061 4954 1093 5005 ci
1141 4953 1255 5013 Venice,
1270 4954 1377 5018 1495-8.

519 5018 656 5070 Aristotle
672 5034 729 5070 was
751 5019 868 5085 printed
889 5019 930 5085 by
946 5019 1037 5070 Aldus
1059 5025 1092 5071 at
1175 5034 1234 5083 252.
1252 5018 1507 5083 DeliolfleeAdoo.
1520 5031 1579 5081 5²⁹·
