<?xml version="1.0" encoding="UTF-8"?>
<!DOCTYPE html PUBLIC "-//W3C//DTD XHTML 1.0 Transitional//EN"
    "http://www.w3.org/TR/xhtml1/DTD/xhtml1-transitional.dtd">
<html xmlns="http://www.w3.org/1999/xhtml" xml:lang="en" lang="en">
 <head>
  <title>
</title>
<meta http-equiv="Content-Type" content="text/html;charset=utf-8" />
  <meta name='ocr-system' content='tesseract 3.04.00' />
  <meta name='ocr-capabilities' content='ocr_page ocr_carea ocr_par ocr_line ocrx_word'/>
</head>
<body>
  <div class='ocr_page' id='page_1' title='image "./opusepistolarum02garrgoog_0182.png"; bbox 0 0 4042 5900; ppageno 0'>
   <div class='ocr_carea' id='block_1_1' title="bbox 503 654 1699 736">
    <p class='ocr_par' dir='ltr' id='par_1_1' title="bbox 503 654 1699 736">
     <span class='ocr_line' id='line_1_1' title="bbox 503 654 1699 736; baseline 0.002 -20"><span class='ocrx_word' id='word_1_1' title='bbox 503 654 563 717; x_wconf 82' lang='lat'><strong>148</strong></span> <span class='ocrx_word' id='word_1_2' title='bbox 849 655 1048 720; x_wconf 70' lang='lat' dir='ltr'><strong>mersas</strong></span> <span class='ocrx_word' id='word_1_3' title='bbox 1068 655 1124 719; x_wconf 87' lang='lat' dir='ltr'><strong>or</strong></span> <span class='ocrx_word' id='word_1_4' title='bbox 1144 654 1350 720; x_wconf 77' lang='lat' dir='ltr'><strong>ssasuus</strong></span> <span class='ocrx_word' id='word_1_5' title='bbox 1512 708 1513 711; x_wconf 6' lang='grc' dir='ltr'>γ</span> <span class='ocrx_word' id='word_1_6' title='bbox 1600 659 1699 736; x_wconf 84' lang='lat'>[1531</span> 
     </span>
    </p>
   </div>
   <div class='ocr_carea' id='block_1_2' title="bbox 444 815 1701 4046">
    <p class='ocr_par' dir='ltr' id='par_1_2' title="bbox 501 815 1701 978">
     <span class='ocr_line' id='line_1_2' title="bbox 501 815 1700 896; baseline 0.002 -20"><span class='ocrx_word' id='word_1_7' title='bbox 501 820 665 895; x_wconf 91' lang='lat' dir='ltr'><strong>quantum</strong></span> <span class='ocrx_word' id='word_1_8' title='bbox 679 815 773 878; x_wconf 90' lang='lat' dir='ltr'><strong>illum</strong></span> <span class='ocrx_word' id='word_1_9' title='bbox 788 819 889 878; x_wconf 87' lang='lat' dir='ltr'><strong>vrant</strong></span> <span class='ocrx_word' id='word_1_10' title='bbox 902 835 1067 895; x_wconf 91' lang='lat' dir='ltr'><strong>quamque</strong></span> <span class='ocrx_word' id='word_1_11' title='bbox 1081 815 1167 877; x_wconf 91' lang='lat' dir='ltr'><strong>male</strong></span> <span class='ocrx_word' id='word_1_12' title='bbox 1180 815 1335 890; x_wconf 88' lang='lat' dir='ltr'><strong>habeant,</strong></span> <span class='ocrx_word' id='word_1_13' title='bbox 1350 815 1403 877; x_wconf 92' lang='lat' dir='ltr'><strong>hic</strong></span> <span class='ocrx_word' id='word_1_14' title='bbox 1416 815 1513 878; x_wconf 89' lang='lat' dir='ltr'><strong>facile</strong></span> <span class='ocrx_word' id='word_1_15' title='bbox 1527 817 1700 896; x_wconf 88' lang='lat' dir='ltr'><strong>cognitum</strong></span> 
     </span>
     <span class='ocr_line' id='line_1_3' title="bbox 502 897 1701 978; baseline 0.002 -19"><span class='ocrx_word' id='word_1_16' title='bbox 502 897 603 959; x_wconf 92' lang='lat' dir='ltr'><strong>habet</strong></span> <span class='ocrx_word' id='word_1_17' title='bbox 631 900 689 978; x_wconf 92' lang='lat' dir='ltr'><strong>qui</strong></span> <span class='ocrx_word' id='word_1_18' title='bbox 717 900 903 960; x_wconf 77' lang='lat' dir='ltr'><strong>accuratius</strong></span> <span class='ocrx_word' id='word_1_19' title='bbox 932 899 1098 961; x_wconf 89' lang='lat' dir='ltr'><strong>hominem</strong></span> <span class='ocrx_word' id='word_1_20' title='bbox 1126 900 1266 961; x_wconf 91' lang='lat' dir='ltr'><strong>nouerit.</strong></span> <span class='ocrx_word' id='word_1_21' title='bbox 1309 899 1355 961; x_wconf 84' lang='lat' dir='ltr'><strong>Et</strong></span> <span class='ocrx_word' id='word_1_22' title='bbox 1379 919 1454 961; x_wconf 90' lang='lat' dir='ltr'><strong>cum</strong></span> <span class='ocrx_word' id='word_1_23' title='bbox 1484 898 1539 960; x_wconf 92' lang='lat' dir='ltr'><strong>ille</strong></span> <span class='ocrx_word' id='word_1_24' title='bbox 1567 899 1701 961; x_wconf 91' lang='lat' dir='ltr'><strong>nullum</strong></span> 
     </span>
    </p>

    <p class='ocr_par' dir='ltr' id='par_1_3' title="bbox 455 980 1700 1395">
     <span class='ocr_line' id='line_1_4' title="bbox 455 980 1700 1064; baseline 0.002 -21"><span class='ocrx_word' id='word_1_25' title='bbox 455 1002 489 1062; x_wconf 77' lang='lat'><strong>⁶5</strong></span> <span class='ocrx_word' id='word_1_26' title='bbox 502 980 644 1043; x_wconf 91' lang='lat' dir='ltr'><strong>alterum</strong></span> <span class='ocrx_word' id='word_1_27' title='bbox 667 1001 746 1062; x_wconf 88' lang='lat' dir='ltr'><strong>prae</strong></span> <span class='ocrx_word' id='word_1_28' title='bbox 769 982 921 1044; x_wconf 90' lang='lat' dir='ltr'><strong>manibus</strong></span> <span class='ocrx_word' id='word_1_29' title='bbox 944 982 1076 1056; x_wconf 91' lang='lat' dir='ltr'><strong>habeat,</strong></span> <span class='ocrx_word' id='word_1_30' title='bbox 1098 1001 1229 1044; x_wconf 91' lang='lat' dir='ltr'><strong>omnem</strong></span> <span class='ocrx_word' id='word_1_31' title='bbox 1248 982 1508 1062; x_wconf 75' lang='lat' dir='ltr'><strong>indignationem</strong></span> <span class='ocrx_word' id='word_1_32' title='bbox 1523 984 1558 1044; x_wconf 93' lang='lat' dir='ltr'><strong>in</strong></span> <span class='ocrx_word' id='word_1_33' title='bbox 1573 990 1609 1045; x_wconf 87' lang='lat' dir='ltr'><strong>te</strong></span> <span class='ocrx_word' id='word_1_34' title='bbox 1622 1003 1700 1064; x_wconf 91' lang='lat' dir='ltr'><strong>pro·</strong></span> 
     </span>
     <span class='ocr_line' id='line_1_5' title="bbox 501 1064 1699 1147; baseline 0.002 -21"><span class='ocrx_word' id='word_1_35' title='bbox 501 1064 622 1138; x_wconf 89' lang='lat' dir='ltr'><strong>fundit,</strong></span> <span class='ocrx_word' id='word_1_36' title='bbox 641 1066 835 1127; x_wconf 84' lang='lat' dir='ltr'><strong>existimans</strong></span> <span class='ocrx_word' id='word_1_37' title='bbox 856 1072 891 1126; x_wconf 94' lang='lat' dir='ltr'><strong>te</strong></span> <span class='ocrx_word' id='word_1_38' title='bbox 907 1086 977 1127; x_wconf 91' lang='lat' dir='ltr'><strong>esse</strong></span> <span class='ocrx_word' id='word_1_39' title='bbox 996 1085 1130 1127; x_wconf 76' lang='lat' dir='ltr'><strong>cauam</strong></span> <span class='ocrx_word' id='word_1_40' title='bbox 1151 1085 1218 1145; x_wconf 93' lang='lat' dir='ltr'><strong>quo</strong></span> <span class='ocrx_word' id='word_1_41' title='bbox 1238 1067 1348 1127; x_wconf 92' lang='lat' dir='ltr'><strong>minus</strong></span> <span class='ocrx_word' id='word_1_42' title='bbox 1369 1065 1499 1128; x_wconf 90' lang='lat' dir='ltr'><strong>colatur</strong></span> <span class='ocrx_word' id='word_1_43' title='bbox 1519 1067 1598 1147; x_wconf 91' lang='lat' dir='ltr'><strong>ipse,</strong></span> <span class='ocrx_word' id='word_1_44' title='bbox 1621 1086 1699 1128; x_wconf 91' lang='lat' dir='ltr'><strong>cum</strong></span> 
     </span>
     <span class='ocr_line' id='line_1_6' title="bbox 502 1148 1700 1230; baseline 0.002 -21"><span class='ocrx_word' id='word_1_45' title='bbox 502 1148 626 1227; x_wconf 90' lang='lat' dir='ltr'><strong>alioqui</strong></span> <span class='ocrx_word' id='word_1_46' title='bbox 644 1168 705 1210; x_wconf 90' lang='lat' dir='ltr'><strong>nec</strong></span> <span class='ocrx_word' id='word_1_47' title='bbox 726 1149 767 1210; x_wconf 97' lang='lat' dir='ltr'><strong>de</strong></span> <span class='ocrx_word' id='word_1_48' title='bbox 788 1157 822 1211; x_wconf 90' lang='lat' dir='ltr'><strong>te</strong></span> <span class='ocrx_word' id='word_1_49' title='bbox 844 1168 904 1211; x_wconf 92' lang='lat' dir='ltr'><strong>nec</strong></span> <span class='ocrx_word' id='word_1_50' title='bbox 925 1149 967 1210; x_wconf 93' lang='lat' dir='ltr'><strong>de</strong></span> <span class='ocrx_word' id='word_1_51' title='bbox 987 1151 1060 1229; x_wconf 90' lang='lat' dir='ltr'><strong>ipso</strong></span> <span class='ocrx_word' id='word_1_52' title='bbox 1077 1149 1223 1210; x_wconf 88' lang='lat' dir='ltr'><strong>Antonio</strong></span> <span class='ocrx_word' id='word_1_53' title='bbox 1237 1168 1297 1211; x_wconf 93' lang='lat' dir='ltr'><strong>nec</strong></span> <span class='ocrx_word' id='word_1_54' title='bbox 1315 1149 1356 1210; x_wconf 93' lang='lat' dir='ltr'><strong>de</strong></span> <span class='ocrx_word' id='word_1_55' title='bbox 1373 1168 1426 1210; x_wconf 92' lang='lat' dir='ltr'><strong>me</strong></span> <span class='ocrx_word' id='word_1_56' title='bbox 1442 1169 1589 1230; x_wconf 84' lang='lat' dir='ltr'><strong>vnquam</strong></span> <span class='ocrx_word' id='word_1_57' title='bbox 1604 1150 1700 1226; x_wconf 88' lang='lat' dir='ltr'><strong>(dum</strong></span> 
     </span>
     <span class='ocr_line' id='line_1_7' title="bbox 502 1231 1699 1313; baseline 0.002 -20"><span class='ocrx_word' id='word_1_58' title='bbox 502 1231 554 1293; x_wconf 91' lang='lat' dir='ltr'><strong>hic</strong></span> <span class='ocrx_word' id='word_1_59' title='bbox 569 1232 669 1293; x_wconf 90' lang='lat' dir='ltr'><strong>etiam</strong></span> <span class='ocrx_word' id='word_1_60' title='bbox 683 1233 827 1312; x_wconf 83' lang='lat' dir='ltr'><strong>degeret)</strong></span> <span class='ocrx_word' id='word_1_61' title='bbox 842 1232 980 1294; x_wconf 91' lang='lat' dir='ltr'><strong>candide</strong></span> <span class='ocrx_word' id='word_1_62' title='bbox 993 1233 1125 1294; x_wconf 92' lang='lat' dir='ltr'><strong>locutus</strong></span> <span class='ocrx_word' id='word_1_63' title='bbox 1139 1234 1192 1305; x_wconf 91' lang='lat' dir='ltr'><strong>sit,</strong></span> <span class='ocrx_word' id='word_1_64' title='bbox 1202 1251 1320 1312; x_wconf 91' lang='lat' dir='ltr'><strong>meque</strong></span> <span class='ocrx_word' id='word_1_65' title='bbox 1333 1234 1493 1313; x_wconf 80' lang='lat' dir='ltr'><strong>imprimis</strong></span> <span class='ocrx_word' id='word_1_66' title='bbox 1506 1233 1595 1312; x_wconf 92' lang='lat' dir='ltr'><strong>apud</strong></span> <span class='ocrx_word' id='word_1_67' title='bbox 1609 1252 1699 1295; x_wconf 93' lang='lat' dir='ltr'><strong>com·</strong></span> 
     </span>
     <span class='ocr_line' id='line_1_8' title="bbox 502 1316 1700 1395; baseline 0.001 -19"><span class='ocrx_word' id='word_1_68' title='bbox 502 1320 672 1395; x_wconf 88' lang='lat' dir='ltr'><strong>potatores</strong></span> <span class='ocrx_word' id='word_1_69' title='bbox 692 1335 769 1377; x_wconf 92' lang='lat' dir='ltr'><strong>suos</strong></span> <span class='ocrx_word' id='word_1_70' title='bbox 790 1316 999 1377; x_wconf 90' lang='lat' dir='ltr'><strong>Lutheranao</strong></span> <span class='ocrx_word' id='word_1_71' title='bbox 1020 1316 1174 1377; x_wconf 75' lang='lat' dir='ltr'><strong>factionis</strong></span> <span class='ocrx_word' id='word_1_72' title='bbox 1192 1316 1434 1377; x_wconf 90' lang='lat' dir='ltr'><strong>insimulauerit</strong></span> <span class='ocrx_word' id='word_1_73' title='bbox 1447 1316 1648 1395; x_wconf 88' lang='lat' dir='ltr'><strong>frequenter,</strong></span> <span class='ocrx_word' id='word_1_74' title='bbox 1663 1323 1700 1377; x_wconf 91' lang='lat' dir='ltr'><strong>et</strong></span> 
     </span>
    </p>

    <p class='ocr_par' dir='ltr' id='par_1_4' title="bbox 456 1398 1700 1813">
     <span class='ocr_line' id='line_1_9' title="bbox 456 1398 1700 1479; baseline 0.002 -20"><span class='ocrx_word' id='word_1_75' title='bbox 456 1426 490 1478; x_wconf 85' lang='lat'><strong>70</strong></span> <span class='ocrx_word' id='word_1_76' title='bbox 502 1398 657 1460; x_wconf 89' lang='lat' dir='ltr'><strong>dentibus</strong></span> <span class='ocrx_word' id='word_1_77' title='bbox 672 1418 805 1479; x_wconf 91' lang='lat' dir='ltr'><strong>prorsus</strong></span> <span class='ocrx_word' id='word_1_78' title='bbox 818 1399 1036 1479; x_wconf 71' lang='lat' dir='ltr'><strong>discerpserit,</strong></span> <span class='ocrx_word' id='word_1_79' title='bbox 1051 1418 1126 1460; x_wconf 92' lang='lat' dir='ltr'><strong>cum</strong></span> <span class='ocrx_word' id='word_1_80' title='bbox 1140 1400 1273 1460; x_wconf 91' lang='lat' dir='ltr'><strong>interim</strong></span> <span class='ocrx_word' id='word_1_81' title='bbox 1284 1406 1370 1461; x_wconf 90' lang='lat' dir='ltr'><strong>esset</strong></span> <span class='ocrx_word' id='word_1_82' title='bbox 1385 1399 1474 1479; x_wconf 92' lang='lat' dir='ltr'><strong>apud</strong></span> <span class='ocrx_word' id='word_1_83' title='bbox 1488 1419 1541 1461; x_wconf 91' lang='lat' dir='ltr'><strong>me</strong></span> <span class='ocrx_word' id='word_1_84' title='bbox 1554 1401 1700 1462; x_wconf 85' lang='lat' dir='ltr'><strong>conuiua</strong></span> 
     </span>
     <span class='ocr_line' id='line_1_10' title="bbox 502 1481 1699 1562; baseline 0.002 -20"><span class='ocrx_word' id='word_1_85' title='bbox 502 1481 656 1560; x_wconf 83' lang='lat' dir='ltr'><strong>frequens</strong></span> <span class='ocrx_word' id='word_1_86' title='bbox 671 1489 706 1544; x_wconf 93' lang='lat' dir='ltr'><strong>et</strong></span> <span class='ocrx_word' id='word_1_87' title='bbox 719 1481 869 1562; x_wconf 90' lang='lat' dir='ltr'><strong>plurimis</strong></span> <span class='ocrx_word' id='word_1_88' title='bbox 883 1483 1037 1544; x_wconf 86' lang='lat' dir='ltr'><strong>maximis</strong></span> <span class='ocrx_word' id='word_1_89' title='bbox 1047 1484 1173 1544; x_wconf 83' lang='lat' dir='ltr'><strong>meritis</strong></span> <span class='ocrx_word' id='word_1_90' title='bbox 1186 1482 1291 1544; x_wconf 92' lang='lat' dir='ltr'><strong>indies</strong></span> <span class='ocrx_word' id='word_1_91' title='bbox 1306 1483 1530 1544; x_wconf 89' lang='lat' dir='ltr'><strong>cumularetur</strong></span> <span class='ocrx_word' id='word_1_92' title='bbox 1542 1505 1550 1557; x_wconf 89' lang='grc'>;</span> <span class='ocrx_word' id='word_1_93' title='bbox 1572 1490 1607 1544; x_wconf 90' lang='lat' dir='ltr'><strong>et</strong></span> <span class='ocrx_word' id='word_1_94' title='bbox 1621 1503 1699 1545; x_wconf 93' lang='lat' dir='ltr'><strong>cum</strong></span> 
     </span>
     <span class='ocr_line' id='line_1_11' title="bbox 503 1564 1699 1646; baseline 0.002 -20"><span class='ocrx_word' id='word_1_95' title='bbox 503 1564 546 1627; x_wconf 87' lang='lat' dir='ltr'><strong>ab</strong></span> <span class='ocrx_word' id='word_1_96' title='bbox 569 1567 682 1627; x_wconf 92' lang='lat' dir='ltr'><strong>amicis</strong></span> <span class='ocrx_word' id='word_1_97' title='bbox 706 1566 806 1627; x_wconf 88' lang='lat' dir='ltr'><strong>etiam</strong></span> <span class='ocrx_word' id='word_1_98' title='bbox 832 1565 1023 1627; x_wconf 88' lang='lat' dir='ltr'><strong>admonitus</strong></span> <span class='ocrx_word' id='word_1_99' title='bbox 1047 1585 1161 1639; x_wconf 90' lang='lat' dir='ltr'><strong>essem,</strong></span> <span class='ocrx_word' id='word_1_100' title='bbox 1187 1585 1254 1627; x_wconf 91' lang='lat' dir='ltr'><strong>non</strong></span> <span class='ocrx_word' id='word_1_101' title='bbox 1279 1572 1393 1627; x_wconf 89' lang='lat' dir='ltr'><strong>tamen</strong></span> <span class='ocrx_word' id='word_1_102' title='bbox 1415 1566 1529 1627; x_wconf 86' lang='lat' dir='ltr'><strong>destiti</strong></span> <span class='ocrx_word' id='word_1_103' title='bbox 1554 1566 1699 1646; x_wconf 90' lang='lat' dir='ltr'><strong>plurima</strong></span> 
     </span>
     <span class='ocr_line' id='line_1_12' title="bbox 503 1648 1698 1730; baseline 0.002 -21"><span class='ocrx_word' id='word_1_104' title='bbox 503 1648 660 1710; x_wconf 88' lang='lat' dir='ltr'><strong>beneficia</strong></span> <span class='ocrx_word' id='word_1_105' title='bbox 673 1650 707 1709; x_wconf 91' lang='lat' dir='ltr'><strong>in</strong></span> <span class='ocrx_word' id='word_1_106' title='bbox 721 1648 814 1709; x_wconf 90' lang='lat' dir='ltr'><strong>illum</strong></span> <span class='ocrx_word' id='word_1_107' title='bbox 829 1669 1012 1729; x_wconf 83' lang='lat' dir='ltr'><strong>congerere,</strong></span> <span class='ocrx_word' id='word_1_108' title='bbox 1021 1650 1124 1711; x_wconf 85' lang='lat' dir='ltr'><strong>stulte</strong></span> <span class='ocrx_word' id='word_1_109' title='bbox 1134 1649 1215 1710; x_wconf 90' lang='lat' dir='ltr'><strong>mihi</strong></span> <span class='ocrx_word' id='word_1_110' title='bbox 1229 1650 1430 1730; x_wconf 88' lang='lat' dir='ltr'><strong>persuadens</strong></span> <span class='ocrx_word' id='word_1_111' title='bbox 1444 1649 1586 1711; x_wconf 90' lang='lat' dir='ltr'><strong>hominis</strong></span> <span class='ocrx_word' id='word_1_112' title='bbox 1596 1649 1698 1711; x_wconf 89' lang='lat' dir='ltr'><strong>male·</strong></span> 
     </span>
     <span class='ocr_line' id='line_1_13' title="bbox 503 1731 1698 1813; baseline 0.001 -20"><span class='ocrx_word' id='word_1_113' title='bbox 503 1731 686 1794; x_wconf 90' lang='lat' dir='ltr'><strong>uolenciam</strong></span> <span class='ocrx_word' id='word_1_114' title='bbox 707 1738 742 1793; x_wconf 90' lang='lat' dir='ltr'><strong>et</strong></span> <span class='ocrx_word' id='word_1_115' title='bbox 766 1734 1054 1811; x_wconf 85' lang='lat' dir='ltr'><strong>perue&lt;r&gt;sitatem</strong></span> <span class='ocrx_word' id='word_1_116' title='bbox 1081 1733 1259 1794; x_wconf 89' lang='lat' dir='ltr'><strong>officiorum</strong></span> <span class='ocrx_word' id='word_1_117' title='bbox 1283 1732 1498 1794; x_wconf 89' lang='lat' dir='ltr'><strong>multitudine</strong></span> <span class='ocrx_word' id='word_1_118' title='bbox 1523 1752 1698 1813; x_wconf 67' lang='lat' dir='ltr'><strong>superam</strong></span> 
     </span>
    </p>

    <p class='ocr_par' dir='ltr' id='par_1_5' title="bbox 457 1816 1700 1979">
     <span class='ocr_line' id='line_1_14' title="bbox 457 1816 1700 1897; baseline 0.001 -21"><span class='ocrx_word' id='word_1_119' title='bbox 457 1841 490 1893; x_wconf 79' lang='lat'><strong>75</strong></span> <span class='ocrx_word' id='word_1_120' title='bbox 503 1816 592 1894; x_wconf 91' lang='lat' dir='ltr'><strong>quod</strong></span> <span class='ocrx_word' id='word_1_121' title='bbox 607 1834 707 1894; x_wconf 91' lang='lat' dir='ltr'><strong>quam</strong></span> <span class='ocrx_word' id='word_1_122' title='bbox 729 1816 854 1877; x_wconf 86' lang='lat' dir='ltr'><strong>frustra</strong></span> <span class='ocrx_word' id='word_1_123' title='bbox 876 1817 1108 1896; x_wconf 88' lang='lat' dir='ltr'><strong>temptauerim</strong></span> <span class='ocrx_word' id='word_1_124' title='bbox 1124 1816 1323 1878; x_wconf 86' lang='lat' dir='ltr'><strong>detrimento</strong></span> <span class='ocrx_word' id='word_1_125' title='bbox 1337 1835 1411 1878; x_wconf 92' lang='lat' dir='ltr'><strong>meo</strong></span> <span class='ocrx_word' id='word_1_126' title='bbox 1425 1817 1600 1897; x_wconf 89' lang='lat' dir='ltr'><strong>plusquam</strong></span> <span class='ocrx_word' id='word_1_127' title='bbox 1615 1817 1700 1877; x_wconf 89' lang='lat' dir='ltr'><strong>satis</strong></span> 
     </span>
     <span class='ocr_line' id='line_1_15' title="bbox 503 1906 755 1979; baseline 0 -19"><span class='ocrx_word' id='word_1_128' title='bbox 503 1919 576 1960; x_wconf 91' lang='lat' dir='ltr'><strong>sum</strong></span> <span class='ocrx_word' id='word_1_129' title='bbox 590 1906 755 1979; x_wconf 88' lang='lat' dir='ltr'><strong>expertus.</strong></span> 
     </span>
    </p>

    <p class='ocr_par' dir='ltr' id='par_1_6' title="bbox 502 1982 1701 2229">
     <span class='ocr_line' id='line_1_16' title="bbox 544 1982 1698 2063; baseline 0 -20"><span class='ocrx_word' id='word_1_130' title='bbox 544 1982 717 2043; x_wconf 86' lang='lat' dir='ltr'><strong>Kretzium</strong></span> <span class='ocrx_word' id='word_1_131' title='bbox 733 1984 800 2044; x_wconf 91' lang='lat' dir='ltr'><strong>tuis</strong></span> <span class='ocrx_word' id='word_1_132' title='bbox 814 1983 923 2045; x_wconf 91' lang='lat' dir='ltr'><strong>verbis</strong></span> <span class='ocrx_word' id='word_1_133' title='bbox 938 1983 1116 2063; x_wconf 89' lang='lat' dir='ltr'><strong>plurimum</strong></span> <span class='ocrx_word' id='word_1_134' title='bbox 1131 1982 1258 2044; x_wconf 89' lang='lat' dir='ltr'><strong>saluere</strong></span> <span class='ocrx_word' id='word_1_135' title='bbox 1273 1984 1372 2056; x_wconf 91' lang='lat' dir='ltr'><strong>iussi;</strong></span> <span class='ocrx_word' id='word_1_136' title='bbox 1403 1984 1432 2043; x_wconf 94' lang='lat' dir='ltr'><strong>is</strong></span> <span class='ocrx_word' id='word_1_137' title='bbox 1450 1982 1558 2061; x_wconf 90' lang='lat' dir='ltr'><strong>qualis</strong></span> <span class='ocrx_word' id='word_1_138' title='bbox 1575 1983 1627 2043; x_wconf 86' lang='lat' dir='ltr'><strong>vir</strong></span> <span class='ocrx_word' id='word_1_139' title='bbox 1642 1983 1698 2055; x_wconf 89' lang='lat' dir='ltr'><strong>sit,</strong></span> 
     </span>
     <span class='ocr_line' id='line_1_17' title="bbox 502 2065 1700 2146; baseline 0.001 -20"><span class='ocrx_word' id='word_1_140' title='bbox 502 2066 569 2127; x_wconf 93' lang='lat' dir='ltr'><strong>iam</strong></span> <span class='ocrx_word' id='word_1_141' title='bbox 590 2067 748 2146; x_wconf 88' lang='lat' dir='ltr'><strong>proximis</strong></span> <span class='ocrx_word' id='word_1_142' title='bbox 768 2066 889 2127; x_wconf 88' lang='lat' dir='ltr'><strong>litteris</strong></span> <span class='ocrx_word' id='word_1_143' title='bbox 909 2067 991 2127; x_wconf 88' lang='lat' dir='ltr'><strong>satis</strong></span> <span class='ocrx_word' id='word_1_144' title='bbox 1009 2065 1141 2127; x_wconf 89' lang='lat' dir='ltr'><strong>abunde</strong></span> <span class='ocrx_word' id='word_1_145' title='bbox 1161 2065 1222 2128; x_wconf 91' lang='lat' dir='ltr'><strong>tibi</strong></span> <span class='ocrx_word' id='word_1_146' title='bbox 1237 2066 1426 2145; x_wconf 88' lang='lat' dir='ltr'><strong>significaui.</strong></span> <span class='ocrx_word' id='word_1_147' title='bbox 1470 2067 1527 2128; x_wconf 90' lang='lat' dir='ltr'><strong>Vir</strong></span> <span class='ocrx_word' id='word_1_148' title='bbox 1541 2066 1648 2127; x_wconf 88' lang='lat' dir='ltr'><strong>bonus</strong></span> <span class='ocrx_word' id='word_1_149' title='bbox 1663 2072 1700 2127; x_wconf 88' lang='lat' dir='ltr'><strong>et</strong></span> 
     </span>
     <span class='ocr_line' id='line_1_18' title="bbox 503 2148 1701 2229; baseline 0.001 -20"><span class='ocrx_word' id='word_1_150' title='bbox 503 2148 642 2229; x_wconf 87' lang='lat' dir='ltr'><strong>simplex</strong></span> <span class='ocrx_word' id='word_1_151' title='bbox 662 2169 721 2211; x_wconf 92' lang='lat' dir='ltr'><strong>nec</strong></span> <span class='ocrx_word' id='word_1_152' title='bbox 742 2149 906 2223; x_wconf 91' lang='lat' dir='ltr'><strong>indoctus,</strong></span> <span class='ocrx_word' id='word_1_153' title='bbox 928 2149 1032 2211; x_wconf 84' lang='lat' dir='ltr'><strong>Echio</strong></span> <span class='ocrx_word' id='word_1_154' title='bbox 1052 2156 1166 2211; x_wconf 89' lang='lat' dir='ltr'><strong>tamen</strong></span> <span class='ocrx_word' id='word_1_155' title='bbox 1185 2157 1220 2211; x_wconf 90' lang='lat' dir='ltr'><strong>et</strong></span> <span class='ocrx_word' id='word_1_156' title='bbox 1233 2149 1342 2211; x_wconf 83' lang='lat' dir='ltr'><strong>Fabro</strong></span> <span class='ocrx_word' id='word_1_157' title='bbox 1355 2149 1646 2211; x_wconf 88' lang='lat' dir='ltr'><strong>familiarissimus:</strong></span> <span class='ocrx_word' id='word_1_158' title='bbox 1670 2150 1701 2210; x_wconf 92' lang='lat' dir='ltr'><strong>is</strong></span> 
     </span>
    </p>

    <p class='ocr_par' dir='ltr' id='par_1_7' title="bbox 457 2231 1700 2396">
     <span class='ocr_line' id='line_1_19' title="bbox 457 2231 1700 2313; baseline -0.001 -18"><span class='ocrx_word' id='word_1_159' title='bbox 457 2232 566 2295; x_wconf 78' lang='lat' dir='ltr'><strong>aotibi</strong></span> <span class='ocrx_word' id='word_1_160' title='bbox 590 2232 729 2294; x_wconf 85' lang='lat' dir='ltr'><strong>Eckium</strong></span> <span class='ocrx_word' id='word_1_161' title='bbox 753 2234 935 2313; x_wconf 88' lang='lat' dir='ltr'><strong>propicium</strong></span> <span class='ocrx_word' id='word_1_162' title='bbox 961 2232 1087 2306; x_wconf 90' lang='lat' dir='ltr'><strong>reddet,</strong></span> <span class='ocrx_word' id='word_1_163' title='bbox 1113 2234 1171 2294; x_wconf 89' lang='lat' dir='ltr'><strong>vbi</strong></span> <span class='ocrx_word' id='word_1_164' title='bbox 1193 2231 1305 2307; x_wconf 89' lang='lat' dir='ltr'><strong>voles;</strong></span> <span class='ocrx_word' id='word_1_165' title='bbox 1328 2235 1380 2293; x_wconf 88' lang='lat' dir='ltr'><strong>vir</strong></span> <span class='ocrx_word' id='word_1_166' title='bbox 1404 2240 1493 2294; x_wconf 88' lang='lat' dir='ltr'><strong>certe</strong></span> <span class='ocrx_word' id='word_1_167' title='bbox 1517 2232 1638 2294; x_wconf 90' lang='lat' dir='ltr'><strong>litteris</strong></span> <span class='ocrx_word' id='word_1_168' title='bbox 1663 2238 1700 2294; x_wconf 88' lang='lat' dir='ltr'><strong>et</strong></span> 
     </span>
     <span class='ocr_line' id='line_1_20' title="bbox 503 2316 1552 2396; baseline 0 -19"><span class='ocrx_word' id='word_1_169' title='bbox 503 2316 693 2377; x_wconf 84' lang='lat' dir='ltr'><strong>scolasticae</strong></span> <span class='ocrx_word' id='word_1_170' title='bbox 706 2316 890 2396; x_wconf 83' lang='lat' dir='ltr'><strong>theologias</strong></span> <span class='ocrx_word' id='word_1_171' title='bbox 904 2336 1038 2396; x_wconf 89' lang='lat' dir='ltr'><strong>prorsus</strong></span> <span class='ocrx_word' id='word_1_172' title='bbox 1052 2316 1194 2389; x_wconf 90' lang='lat' dir='ltr'><strong>deditus,</strong></span> <span class='ocrx_word' id='word_1_173' title='bbox 1209 2316 1290 2377; x_wconf 90' lang='lat' dir='ltr'><strong>mihi</strong></span> <span class='ocrx_word' id='word_1_174' title='bbox 1303 2317 1404 2377; x_wconf 91' lang='lat' dir='ltr'><strong>etiam</strong></span> <span class='ocrx_word' id='word_1_175' title='bbox 1418 2318 1552 2377; x_wconf 92' lang='lat' dir='ltr'><strong>amicus.</strong></span> 
     </span>
    </p>

    <p class='ocr_par' dir='ltr' id='par_1_8' title="bbox 504 2398 1700 2646">
     <span class='ocr_line' id='line_1_21' title="bbox 545 2398 1700 2480; baseline 0 -20"><span class='ocrx_word' id='word_1_176' title='bbox 545 2398 716 2479; x_wconf 86' lang='lat' dir='ltr'><strong>Optamus,</strong></span> <span class='ocrx_word' id='word_1_177' title='bbox 738 2401 766 2460; x_wconf 94' lang='lat' dir='ltr'><strong>si</strong></span> <span class='ocrx_word' id='word_1_178' title='bbox 787 2398 856 2461; x_wconf 91' lang='lat' dir='ltr'><strong>fieri</strong></span> <span class='ocrx_word' id='word_1_179' title='bbox 876 2406 997 2480; x_wconf 92' lang='lat' dir='ltr'><strong>posset,</strong></span> <span class='ocrx_word' id='word_1_180' title='bbox 1020 2404 1058 2460; x_wconf 87' lang='lat' dir='ltr'><strong>vt</strong></span> <span class='ocrx_word' id='word_1_181' title='bbox 1079 2399 1143 2460; x_wconf 92' lang='lat' dir='ltr'><strong>huc</strong></span> <span class='ocrx_word' id='word_1_182' title='bbox 1164 2401 1301 2473; x_wconf 89' lang='lat' dir='ltr'><strong>venires,</strong></span> <span class='ocrx_word' id='word_1_183' title='bbox 1322 2419 1382 2460; x_wconf 90' lang='lat' dir='ltr'><strong>nec</strong></span> <span class='ocrx_word' id='word_1_184' title='bbox 1396 2399 1492 2461; x_wconf 91' lang='lat' dir='ltr'><strong>nobis</strong></span> <span class='ocrx_word' id='word_1_185' title='bbox 1505 2399 1655 2473; x_wconf 92' lang='lat' dir='ltr'><strong>dubium,</strong></span> <span class='ocrx_word' id='word_1_186' title='bbox 1670 2400 1700 2461; x_wconf 94' lang='lat' dir='ltr'><strong>si</strong></span> 
     </span>
     <span class='ocr_line' id='line_1_22' title="bbox 504 2482 1698 2563; baseline 0 -20"><span class='ocrx_word' id='word_1_187' title='bbox 504 2482 605 2544; x_wconf 90' lang='lat' dir='ltr'><strong>semel</strong></span> <span class='ocrx_word' id='word_1_188' title='bbox 624 2482 688 2545; x_wconf 91' lang='lat' dir='ltr'><strong>huc</strong></span> <span class='ocrx_word' id='word_1_189' title='bbox 708 2484 906 2563; x_wconf 88' lang='lat' dir='ltr'><strong>peruenires,</strong></span> <span class='ocrx_word' id='word_1_190' title='bbox 926 2489 961 2543; x_wconf 94' lang='lat' dir='ltr'><strong>te</strong></span> <span class='ocrx_word' id='word_1_191' title='bbox 980 2489 1168 2562; x_wconf 90' lang='lat' dir='ltr'><strong>susceptam</strong></span> <span class='ocrx_word' id='word_1_192' title='bbox 1182 2483 1419 2563; x_wconf 89' lang='lat' dir='ltr'><strong>profectionem</strong></span> <span class='ocrx_word' id='word_1_193' title='bbox 1434 2502 1502 2544; x_wconf 91' lang='lat' dir='ltr'><strong>non</strong></span> <span class='ocrx_word' id='word_1_194' title='bbox 1517 2502 1592 2563; x_wconf 90' lang='lat' dir='ltr'><strong>egre</strong></span> <span class='ocrx_word' id='word_1_195' title='bbox 1609 2482 1698 2544; x_wconf 92' lang='lat' dir='ltr'><strong>latu·</strong></span> 
     </span>
     <span class='ocr_line' id='line_1_23' title="bbox 504 2565 1699 2646; baseline 0 -19"><span class='ocrx_word' id='word_1_196' title='bbox 504 2586 587 2627; x_wconf 92' lang='lat' dir='ltr'><strong>rum.</strong></span> <span class='ocrx_word' id='word_1_197' title='bbox 631 2567 699 2628; x_wconf 91' lang='lat' dir='ltr'><strong>Nec</strong></span> <span class='ocrx_word' id='word_1_198' title='bbox 715 2586 792 2627; x_wconf 90' lang='lat' dir='ltr'><strong>sane</strong></span> <span class='ocrx_word' id='word_1_199' title='bbox 812 2573 864 2628; x_wconf 90' lang='lat' dir='ltr'><strong>est</strong></span> <span class='ocrx_word' id='word_1_200' title='bbox 881 2565 970 2646; x_wconf 95' lang='lat' dir='ltr'><strong>quod</strong></span> <span class='ocrx_word' id='word_1_201' title='bbox 984 2585 1045 2627; x_wconf 89' lang='lat' dir='ltr'><strong>nec</strong></span> <span class='ocrx_word' id='word_1_202' title='bbox 1055 2566 1200 2627; x_wconf 83' lang='lat' dir='ltr'><strong>Eckium</strong></span> <span class='ocrx_word' id='word_1_203' title='bbox 1215 2586 1275 2628; x_wconf 90' lang='lat' dir='ltr'><strong>nec</strong></span> <span class='ocrx_word' id='word_1_204' title='bbox 1293 2567 1393 2627; x_wconf 91' lang='lat' dir='ltr'><strong>etiam</strong></span> <span class='ocrx_word' id='word_1_205' title='bbox 1408 2567 1512 2646; x_wconf 88' lang='lat' dir='ltr'><strong>magis</strong></span> <span class='ocrx_word' id='word_1_206' title='bbox 1526 2572 1699 2646; x_wconf 86' lang='lat' dir='ltr'><strong>potentem</strong></span> 
     </span>
    </p>

    <p class='ocr_par' dir='ltr' id='par_1_9' title="bbox 458 2649 1698 3063">
     <span class='ocr_line' id='line_1_24' title="bbox 458 2649 1697 2729; baseline 0 -20"><span class='ocrx_word' id='word_1_207' title='bbox 458 2660 490 2721; x_wconf 82' lang='lat'><strong>85</strong></span> <span class='ocrx_word' id='word_1_208' title='bbox 504 2649 665 2711; x_wconf 91' lang='lat' dir='ltr'><strong>Bauariae</strong></span> <span class='ocrx_word' id='word_1_209' title='bbox 688 2650 814 2711; x_wconf 90' lang='lat' dir='ltr'><strong>Ducem</strong></span> <span class='ocrx_word' id='word_1_210' title='bbox 833 2650 993 2711; x_wconf 89' lang='lat' dir='ltr'><strong>verearis:</strong></span> <span class='ocrx_word' id='word_1_211' title='bbox 1021 2668 1099 2711; x_wconf 92' lang='lat' dir='ltr'><strong>nam</strong></span> <span class='ocrx_word' id='word_1_212' title='bbox 1118 2651 1146 2711; x_wconf 95' lang='lat' dir='ltr'><strong>si</strong></span> <span class='ocrx_word' id='word_1_213' title='bbox 1165 2650 1246 2728; x_wconf 92' lang='lat' dir='ltr'><strong>quid</strong></span> <span class='ocrx_word' id='word_1_214' title='bbox 1264 2651 1299 2710; x_wconf 93' lang='lat' dir='ltr'><strong>in</strong></span> <span class='ocrx_word' id='word_1_215' title='bbox 1317 2650 1379 2711; x_wconf 93' lang='lat' dir='ltr'><strong>hac</strong></span> <span class='ocrx_word' id='word_1_216' title='bbox 1393 2649 1442 2711; x_wconf 90' lang='lat' dir='ltr'><strong>illi</strong></span> <span class='ocrx_word' id='word_1_217' title='bbox 1456 2649 1537 2711; x_wconf 86' lang='lat' dir='ltr'><strong>vrbe</strong></span> <span class='ocrx_word' id='word_1_218' title='bbox 1550 2655 1697 2729; x_wconf 92' lang='lat' dir='ltr'><strong>possent,</strong></span> 
     </span>
     <span class='ocr_line' id='line_1_25' title="bbox 504 2732 1697 2813; baseline 0.001 -20"><span class='ocrx_word' id='word_1_219' title='bbox 504 2734 570 2794; x_wconf 92' lang='lat' dir='ltr'><strong>iam</strong></span> <span class='ocrx_word' id='word_1_220' title='bbox 598 2734 708 2813; x_wconf 91' lang='lat' dir='ltr'><strong>plures</strong></span> <span class='ocrx_word' id='word_1_221' title='bbox 736 2733 812 2795; x_wconf 88' lang='lat' dir='ltr'><strong>hinc</strong></span> <span class='ocrx_word' id='word_1_222' title='bbox 840 2732 1045 2813; x_wconf 81' lang='lat' dir='ltr'><strong>expulissent</strong></span> <span class='ocrx_word' id='word_1_223' title='bbox 1073 2753 1133 2795; x_wconf 91' lang='lat' dir='ltr'><strong>uec</strong></span> <span class='ocrx_word' id='word_1_224' title='bbox 1157 2753 1213 2795; x_wconf 92' lang='lat' dir='ltr'><strong>eos</strong></span> <span class='ocrx_word' id='word_1_225' title='bbox 1241 2733 1293 2794; x_wconf 91' lang='lat' dir='ltr'><strong>hic</strong></span> <span class='ocrx_word' id='word_1_226' title='bbox 1318 2734 1429 2794; x_wconf 84' lang='lat' dir='ltr'><strong>viuere</strong></span> <span class='ocrx_word' id='word_1_227' title='bbox 1454 2734 1697 2794; x_wconf 90' lang='lat' dir='ltr'><strong>sustinuissent.</strong></span> 
     </span>
     <span class='ocr_line' id='line_1_26' title="bbox 504 2815 1698 2895; baseline -0.001 -18"><span class='ocrx_word' id='word_1_228' title='bbox 504 2815 601 2878; x_wconf 83' lang='lat' dir='ltr'><strong>Certo</strong></span> <span class='ocrx_word' id='word_1_229' title='bbox 615 2818 643 2877; x_wconf 93' lang='lat' dir='ltr'><strong>si</strong></span> <span class='ocrx_word' id='word_1_230' title='bbox 656 2817 709 2878; x_wconf 88' lang='lat' dir='ltr'><strong>hic</strong></span> <span class='ocrx_word' id='word_1_231' title='bbox 723 2837 767 2890; x_wconf 89' lang='lat' dir='ltr'><strong>es,</strong></span> <span class='ocrx_word' id='word_1_232' title='bbox 783 2836 856 2878; x_wconf 90' lang='lat' dir='ltr'><strong>eam</strong></span> <span class='ocrx_word' id='word_1_233' title='bbox 869 2817 1040 2879; x_wconf 87' lang='lat' dir='ltr'><strong>fortunam</strong></span> <span class='ocrx_word' id='word_1_234' title='bbox 1048 2823 1084 2878; x_wconf 90' lang='lat' dir='ltr'><strong>et</strong></span> <span class='ocrx_word' id='word_1_235' title='bbox 1093 2816 1355 2879; x_wconf 84' lang='lat' dir='ltr'><strong>incolumitatem</strong></span> <span class='ocrx_word' id='word_1_236' title='bbox 1367 2816 1541 2878; x_wconf 89' lang='lat' dir='ltr'><strong>habiturus</strong></span> <span class='ocrx_word' id='word_1_237' title='bbox 1551 2835 1586 2877; x_wconf 90' lang='lat' dir='ltr'><strong>es</strong></span> <span class='ocrx_word' id='word_1_238' title='bbox 1596 2835 1698 2895; x_wconf 87' lang='lat' dir='ltr'><strong>quam</strong></span> 
     </span>
     <span class='ocr_line' id='line_1_27' title="bbox 503 2898 1697 2981; baseline 0 -19"><span class='ocrx_word' id='word_1_239' title='bbox 503 2900 572 2981; x_wconf 90' lang='lat' dir='ltr'><strong>ipse</strong></span> <span class='ocrx_word' id='word_1_240' title='bbox 586 2900 750 2962; x_wconf 88' lang='lat' dir='ltr'><strong>Antonius</strong></span> <span class='ocrx_word' id='word_1_241' title='bbox 760 2907 795 2962; x_wconf 90' lang='lat' dir='ltr'><strong>et</strong></span> <span class='ocrx_word' id='word_1_242' title='bbox 810 2920 871 2963; x_wconf 92' lang='lat' dir='ltr'><strong>nos</strong></span> <span class='ocrx_word' id='word_1_243' title='bbox 888 2919 1020 2975; x_wconf 91' lang='lat' dir='ltr'><strong>omnes;</strong></span> <span class='ocrx_word' id='word_1_244' title='bbox 1043 2902 1195 2981; x_wconf 90' lang='lat' dir='ltr'><strong>quamuis</strong></span> <span class='ocrx_word' id='word_1_245' title='bbox 1211 2900 1292 2978; x_wconf 83' lang='lat' dir='ltr'><strong>[vix]</strong></span> <span class='ocrx_word' id='word_1_246' title='bbox 1314 2920 1374 2980; x_wconf 90' lang='lat' dir='ltr'><strong>ego</strong></span> <span class='ocrx_word' id='word_1_247' title='bbox 1388 2899 1530 2980; x_wconf 91' lang='lat' dir='ltr'><strong>amplius</strong></span> <span class='ocrx_word' id='word_1_248' title='bbox 1544 2905 1579 2961; x_wconf 94' lang='lat' dir='ltr'><strong>te</strong></span> <span class='ocrx_word' id='word_1_249' title='bbox 1593 2898 1697 2962; x_wconf 89' lang='lat' dir='ltr'><strong>solici-</strong></span> 
     </span>
     <span class='ocr_line' id='line_1_28' title="bbox 505 2983 1698 3063; baseline -0.001 -18"><span class='ocrx_word' id='word_1_250' title='bbox 505 2990 576 3045; x_wconf 87' lang='lat' dir='ltr'><strong>tere</strong></span> <span class='ocrx_word' id='word_1_251' title='bbox 587 2991 622 3045; x_wconf 90' lang='lat' dir='ltr'><strong>et</strong></span> <span class='ocrx_word' id='word_1_252' title='bbox 632 2985 775 3046; x_wconf 89' lang='lat' dir='ltr'><strong>inuitare</strong></span> <span class='ocrx_word' id='word_1_253' title='bbox 790 3003 855 3045; x_wconf 88' lang='lat' dir='ltr'><strong>non</strong></span> <span class='ocrx_word' id='word_1_254' title='bbox 870 2984 1020 3057; x_wconf 90' lang='lat' dir='ltr'><strong>audeam,</strong></span> <span class='ocrx_word' id='word_1_255' title='bbox 1036 3004 1111 3045; x_wconf 91' lang='lat' dir='ltr'><strong>cum</strong></span> <span class='ocrx_word' id='word_1_256' title='bbox 1126 2985 1307 3063; x_wconf 82' lang='lat' dir='ltr'><strong>intelligam</strong></span> <span class='ocrx_word' id='word_1_257' title='bbox 1322 3003 1423 3062; x_wconf 83' lang='lat' dir='ltr'><strong>quam</strong></span> <span class='ocrx_word' id='word_1_258' title='bbox 1436 2985 1499 3045; x_wconf 90' lang='lat' dir='ltr'><strong>tibi</strong></span> <span class='ocrx_word' id='word_1_259' title='bbox 1514 2983 1593 3045; x_wconf 89' lang='lat' dir='ltr'><strong>haec</strong></span> <span class='ocrx_word' id='word_1_260' title='bbox 1606 3002 1698 3063; x_wconf 86' lang='lat' dir='ltr'><strong>pene·</strong></span> 
     </span>
    </p>

    <p class='ocr_par' dir='ltr' id='par_1_10' title="bbox 457 3067 1700 3481">
     <span class='ocr_line' id='line_1_29' title="bbox 457 3067 1698 3146; baseline -0.001 -17"><span class='ocrx_word' id='word_1_261' title='bbox 457 3089 492 3136; x_wconf 86' lang='lat'><strong>90</strong></span> <span class='ocrx_word' id='word_1_262' title='bbox 504 3069 647 3146; x_wconf 87' lang='lat' dir='ltr'><strong>grinatio</strong></span> <span class='ocrx_word' id='word_1_263' title='bbox 661 3069 770 3146; x_wconf 90' lang='lat' dir='ltr'><strong>grauis</strong></span> <span class='ocrx_word' id='word_1_264' title='bbox 785 3069 947 3129; x_wconf 89' lang='lat' dir='ltr'><strong>videatur.</strong></span> <span class='ocrx_word' id='word_1_265' title='bbox 976 3067 1064 3128; x_wconf 90' lang='lat' dir='ltr'><strong>Nam</strong></span> <span class='ocrx_word' id='word_1_266' title='bbox 1080 3068 1202 3146; x_wconf 91' lang='lat' dir='ltr'><strong>siquid</strong></span> <span class='ocrx_word' id='word_1_267' title='bbox 1216 3068 1341 3128; x_wconf 87' lang='lat' dir='ltr'><strong>sinistri</strong></span> <span class='ocrx_word' id='word_1_268' title='bbox 1352 3067 1454 3146; x_wconf 92' lang='lat' dir='ltr'><strong>(quod</strong></span> <span class='ocrx_word' id='word_1_269' title='bbox 1468 3067 1515 3128; x_wconf 89' lang='lat' dir='ltr'><strong>dii</strong></span> <span class='ocrx_word' id='word_1_270' title='bbox 1528 3071 1698 3143; x_wconf 87' lang='lat' dir='ltr'><strong>auertant)</strong></span> 
     </span>
     <span class='ocr_line' id='line_1_30' title="bbox 504 3149 1699 3230; baseline 0 -20"><span class='ocrx_word' id='word_1_271' title='bbox 504 3150 556 3211; x_wconf 92' lang='lat' dir='ltr'><strong>hic</strong></span> <span class='ocrx_word' id='word_1_272' title='bbox 579 3152 730 3222; x_wconf 90' lang='lat' dir='ltr'><strong>oriretur,</strong></span> <span class='ocrx_word' id='word_1_273' title='bbox 753 3151 873 3212; x_wconf 92' lang='lat' dir='ltr'><strong>nollem</strong></span> <span class='ocrx_word' id='word_1_274' title='bbox 894 3152 1027 3230; x_wconf 89' lang='lat' dir='ltr'><strong>culpam</strong></span> <span class='ocrx_word' id='word_1_275' title='bbox 1048 3170 1178 3212; x_wconf 88' lang='lat' dir='ltr'><strong>omnem</strong></span> <span class='ocrx_word' id='word_1_276' title='bbox 1199 3152 1234 3212; x_wconf 93' lang='lat' dir='ltr'><strong>in</strong></span> <span class='ocrx_word' id='word_1_277' title='bbox 1256 3170 1308 3211; x_wconf 92' lang='lat' dir='ltr'><strong>me</strong></span> <span class='ocrx_word' id='word_1_278' title='bbox 1329 3151 1427 3223; x_wconf 89' lang='lat' dir='ltr'><strong>reiici,</strong></span> <span class='ocrx_word' id='word_1_279' title='bbox 1447 3169 1522 3211; x_wconf 93' lang='lat' dir='ltr'><strong>cum</strong></span> <span class='ocrx_word' id='word_1_280' title='bbox 1541 3170 1601 3230; x_wconf 92' lang='lat' dir='ltr'><strong>ego</strong></span> <span class='ocrx_word' id='word_1_281' title='bbox 1615 3149 1699 3210; x_wconf 93' lang='lat' dir='ltr'><strong>nihil</strong></span> 
     </span>
     <span class='ocr_line' id='line_1_31' title="bbox 503 3233 1698 3314; baseline 0 -20"><span class='ocrx_word' id='word_1_282' title='bbox 503 3236 607 3314; x_wconf 86' lang='lat' dir='ltr'><strong>magis</strong></span> <span class='ocrx_word' id='word_1_283' title='bbox 628 3234 779 3295; x_wconf 89' lang='lat' dir='ltr'><strong>studeam</strong></span> <span class='ocrx_word' id='word_1_284' title='bbox 800 3240 835 3295; x_wconf 92' lang='lat' dir='ltr'><strong>et</strong></span> <span class='ocrx_word' id='word_1_285' title='bbox 851 3240 964 3314; x_wconf 91' lang='lat' dir='ltr'><strong>optem</strong></span> <span class='ocrx_word' id='word_1_286' title='bbox 979 3253 1080 3314; x_wconf 92' lang='lat' dir='ltr'><strong>quam</strong></span> <span class='ocrx_word' id='word_1_287' title='bbox 1096 3242 1134 3295; x_wconf 91' lang='lat' dir='ltr'><strong>vt</strong></span> <span class='ocrx_word' id='word_1_288' title='bbox 1148 3234 1210 3296; x_wconf 91' lang='lat' dir='ltr'><strong>tibi</strong></span> <span class='ocrx_word' id='word_1_289' title='bbox 1223 3235 1347 3314; x_wconf 89' lang='lat' dir='ltr'><strong>optime</strong></span> <span class='ocrx_word' id='word_1_290' title='bbox 1361 3233 1559 3306; x_wconf 91' lang='lat' dir='ltr'><strong>consultum,</strong></span> <span class='ocrx_word' id='word_1_291' title='bbox 1574 3233 1698 3295; x_wconf 90' lang='lat' dir='ltr'><strong>incolu-</strong></span> 
     </span>
     <span class='ocr_line' id='line_1_32' title="bbox 504 3317 1700 3397; baseline -0.001 -19"><span class='ocrx_word' id='word_1_292' title='bbox 504 3318 615 3378; x_wconf 88' lang='lat' dir='ltr'><strong>mitati</strong></span> <span class='ocrx_word' id='word_1_293' title='bbox 636 3325 671 3378; x_wconf 91' lang='lat' dir='ltr'><strong>et</strong></span> <span class='ocrx_word' id='word_1_294' title='bbox 692 3317 920 3379; x_wconf 89' lang='lat' dir='ltr'><strong>commoditati</strong></span> <span class='ocrx_word' id='word_1_295' title='bbox 939 3323 997 3379; x_wconf 90' lang='lat' dir='ltr'><strong>tue</strong></span> <span class='ocrx_word' id='word_1_296' title='bbox 1016 3319 1159 3379; x_wconf 84' lang='lat' dir='ltr'><strong>maxime</strong></span> <span class='ocrx_word' id='word_1_297' title='bbox 1178 3323 1387 3397; x_wconf 89' lang='lat' dir='ltr'><strong>prospectum</strong></span> <span class='ocrx_word' id='word_1_298' title='bbox 1403 3319 1464 3378; x_wconf 89' lang='lat' dir='ltr'><strong>sit:</strong></span> <span class='ocrx_word' id='word_1_299' title='bbox 1487 3318 1568 3395; x_wconf 91' lang='lat' dir='ltr'><strong>quin</strong></span> <span class='ocrx_word' id='word_1_300' title='bbox 1586 3318 1700 3397; x_wconf 91' lang='lat' dir='ltr'><strong>potius</strong></span> 
     </span>
     <span class='ocr_line' id='line_1_33' title="bbox 504 3400 1699 3481; baseline 0 -21"><span class='ocrx_word' id='word_1_301' title='bbox 504 3401 603 3462; x_wconf 83' lang='lat' dir='ltr'><strong>velim</strong></span> <span class='ocrx_word' id='word_1_302' title='bbox 617 3402 729 3463; x_wconf 90' lang='lat' dir='ltr'><strong>omnia</strong></span> <span class='ocrx_word' id='word_1_303' title='bbox 743 3401 831 3463; x_wconf 90' lang='lat' dir='ltr'><strong>mala</strong></span> <span class='ocrx_word' id='word_1_304' title='bbox 847 3402 975 3481; x_wconf 89' lang='lat' dir='ltr'><strong>perpeti</strong></span> <span class='ocrx_word' id='word_1_305' title='bbox 993 3421 1094 3481; x_wconf 89' lang='lat' dir='ltr'><strong>quam</strong></span> <span class='ocrx_word' id='word_1_306' title='bbox 1109 3409 1148 3463; x_wconf 88' lang='lat' dir='ltr'><strong>vt</strong></span> <span class='ocrx_word' id='word_1_307' title='bbox 1162 3401 1278 3462; x_wconf 91' lang='lat' dir='ltr'><strong>tibine</strong></span> <span class='ocrx_word' id='word_1_308' title='bbox 1293 3400 1462 3462; x_wconf 89' lang='lat' dir='ltr'><strong>tantillum</strong></span> <span class='ocrx_word' id='word_1_309' title='bbox 1477 3401 1608 3461; x_wconf 89' lang='lat' dir='ltr'><strong>aduersi</strong></span> <span class='ocrx_word' id='word_1_310' title='bbox 1621 3419 1699 3461; x_wconf 92' lang='lat' dir='ltr'><strong>con·</strong></span> 
     </span>
    </p>

    <p class='ocr_par' dir='ltr' id='par_1_11' title="bbox 457 3483 1701 3898">
     <span class='ocr_line' id='line_1_34' title="bbox 457 3483 1699 3564; baseline -0.005 -14"><span class='ocrx_word' id='word_1_311' title='bbox 457 3501 491 3552; x_wconf 82' lang='lat'><strong>95</strong></span> <span class='ocrx_word' id='word_1_312' title='bbox 504 3486 654 3563; x_wconf 91' lang='lat' dir='ltr'><strong>tingeret.</strong></span> <span class='ocrx_word' id='word_1_313' title='bbox 698 3484 814 3558; x_wconf 79' lang='lat' dir='ltr'><strong>Quare,</strong></span> <span class='ocrx_word' id='word_1_314' title='bbox 829 3486 876 3546; x_wconf 92' lang='lat' dir='ltr'><strong>mi</strong></span> <span class='ocrx_word' id='word_1_315' title='bbox 895 3485 1041 3558; x_wconf 86' lang='lat' dir='ltr'><strong>Erasme,</strong></span> <span class='ocrx_word' id='word_1_316' title='bbox 1064 3484 1153 3564; x_wconf 91' lang='lat' dir='ltr'><strong>quod</strong></span> <span class='ocrx_word' id='word_1_317' title='bbox 1173 3484 1236 3546; x_wconf 93' lang='lat' dir='ltr'><strong>tibi</strong></span> <span class='ocrx_word' id='word_1_318' title='bbox 1256 3484 1521 3545; x_wconf 89' lang='lat' dir='ltr'><strong>comodissimum</strong></span> <span class='ocrx_word' id='word_1_319' title='bbox 1536 3483 1699 3556; x_wconf 84' lang='lat' dir='ltr'><strong>videatur,</strong></span> 
     </span>
     <span class='ocr_line' id='line_1_35' title="bbox 504 3567 1701 3648; baseline 0.001 -20"><span class='ocrx_word' id='word_1_320' title='bbox 504 3568 538 3629; x_wconf 92' lang='lat' dir='ltr'><strong>id</strong></span> <span class='ocrx_word' id='word_1_321' title='bbox 551 3568 702 3630; x_wconf 88' lang='lat' dir='ltr'><strong>facturus</strong></span> <span class='ocrx_word' id='word_1_322' title='bbox 715 3588 759 3630; x_wconf 90' lang='lat' dir='ltr'><strong>es.</strong></span> <span class='ocrx_word' id='word_1_323' title='bbox 802 3568 871 3630; x_wconf 92' lang='lat' dir='ltr'><strong>Nos</strong></span> <span class='ocrx_word' id='word_1_324' title='bbox 886 3587 953 3629; x_wconf 92' lang='lat' dir='ltr'><strong>uon</strong></span> <span class='ocrx_word' id='word_1_325' title='bbox 963 3569 1068 3648; x_wconf 91' lang='lat' dir='ltr'><strong>magis</strong></span> <span class='ocrx_word' id='word_1_326' title='bbox 1082 3574 1142 3630; x_wconf 95' lang='lat' dir='ltr'><strong>tuo</strong></span> <span class='ocrx_word' id='word_1_327' title='bbox 1155 3568 1315 3629; x_wconf 89' lang='lat' dir='ltr'><strong>desiderio</strong></span> <span class='ocrx_word' id='word_1_328' title='bbox 1329 3567 1481 3628; x_wconf 90' lang='lat' dir='ltr'><strong>ardemus</strong></span> <span class='ocrx_word' id='word_1_329' title='bbox 1495 3585 1595 3646; x_wconf 92' lang='lat' dir='ltr'><strong>quam</strong></span> <span class='ocrx_word' id='word_1_330' title='bbox 1610 3567 1701 3646; x_wconf 91' lang='lat' dir='ltr'><strong>quod</strong></span> 
     </span>
     <span class='ocr_line' id='line_1_36' title="bbox 504 3649 1701 3732; baseline 0 -20"><span class='ocrx_word' id='word_1_331' title='bbox 504 3653 802 3732; x_wconf 90' lang='lat' dir='ltr'><strong>perspectissimum</strong></span> <span class='ocrx_word' id='word_1_332' title='bbox 817 3651 912 3713; x_wconf 92' lang='lat' dir='ltr'><strong>nobis</strong></span> <span class='ocrx_word' id='word_1_333' title='bbox 926 3651 1080 3713; x_wconf 90' lang='lat' dir='ltr'><strong>videatur</strong></span> <span class='ocrx_word' id='word_1_334' title='bbox 1094 3658 1129 3713; x_wconf 84' lang='lat' dir='ltr'><strong>te</strong></span> <span class='ocrx_word' id='word_1_335' title='bbox 1143 3669 1306 3730; x_wconf 91' lang='lat' dir='ltr'><strong>nusquam</strong></span> <span class='ocrx_word' id='word_1_336' title='bbox 1320 3649 1524 3712; x_wconf 91' lang='lat' dir='ltr'><strong>commodius</strong></span> <span class='ocrx_word' id='word_1_337' title='bbox 1543 3657 1578 3711; x_wconf 87' lang='lat' dir='ltr'><strong>et</strong></span> <span class='ocrx_word' id='word_1_338' title='bbox 1592 3650 1701 3712; x_wconf 90' lang='lat' dir='ltr'><strong>tutius</strong></span> 
     </span>
     <span class='ocr_line' id='line_1_37' title="bbox 504 3733 1698 3815; baseline -0.001 -20"><span class='ocrx_word' id='word_1_339' title='bbox 504 3753 605 3813; x_wconf 92' lang='lat' dir='ltr'><strong>quam</strong></span> <span class='ocrx_word' id='word_1_340' title='bbox 619 3736 709 3815; x_wconf 91' lang='lat' dir='ltr'><strong>apud</strong></span> <span class='ocrx_word' id='word_1_341' title='bbox 724 3754 783 3796; x_wconf 89' lang='lat' dir='ltr'><strong>nos</strong></span> <span class='ocrx_word' id='word_1_342' title='bbox 796 3734 946 3796; x_wconf 88' lang='lat' dir='ltr'><strong>futurum</strong></span> <span class='ocrx_word' id='word_1_343' title='bbox 961 3757 968 3809; x_wconf 92' lang='lat'>;</span> <span class='ocrx_word' id='word_1_344' title='bbox 990 3735 1054 3796; x_wconf 94' lang='lat' dir='ltr'><strong>tibi</strong></span> <span class='ocrx_word' id='word_1_345' title='bbox 1068 3737 1095 3797; x_wconf 91' lang='lat' dir='ltr'><strong>si</strong></span> <span class='ocrx_word' id='word_1_346' title='bbox 1114 3755 1207 3797; x_wconf 90' lang='lat' dir='ltr'><strong>secus</strong></span> <span class='ocrx_word' id='word_1_347' title='bbox 1226 3734 1388 3807; x_wconf 91' lang='lat' dir='ltr'><strong>videatur,</strong></span> <span class='ocrx_word' id='word_1_348' title='bbox 1406 3733 1484 3795; x_wconf 92' lang='lat' dir='ltr'><strong>boni</strong></span> <span class='ocrx_word' id='word_1_349' title='bbox 1497 3739 1610 3795; x_wconf 88' lang='lat' dir='ltr'><strong>tamen</strong></span> <span class='ocrx_word' id='word_1_350' title='bbox 1625 3753 1698 3794; x_wconf 92' lang='lat' dir='ltr'><strong>uos·</strong></span> 
     </span>
     <span class='ocr_line' id='line_1_38' title="bbox 505 3817 1701 3898; baseline -0.001 -20"><span class='ocrx_word' id='word_1_351' title='bbox 505 3823 595 3879; x_wconf 91' lang='lat' dir='ltr'><strong>trum</strong></span> <span class='ocrx_word' id='word_1_352' title='bbox 617 3838 762 3880; x_wconf 91' lang='lat' dir='ltr'><strong>amorem</strong></span> <span class='ocrx_word' id='word_1_353' title='bbox 783 3838 860 3898; x_wconf 88' lang='lat' dir='ltr'><strong>erga</strong></span> <span class='ocrx_word' id='word_1_354' title='bbox 881 3825 916 3879; x_wconf 93' lang='lat' dir='ltr'><strong>te</strong></span> <span class='ocrx_word' id='word_1_355' title='bbox 940 3819 1153 3880; x_wconf 90' lang='lat' dir='ltr'><strong>consulturus</strong></span> <span class='ocrx_word' id='word_1_356' title='bbox 1177 3838 1221 3878; x_wconf 88' lang='lat' dir='ltr'><strong>es.</strong></span> <span class='ocrx_word' id='word_1_357' title='bbox 1272 3817 1439 3878; x_wconf 88' lang='lat' dir='ltr'><strong>Antonius</strong></span> <span class='ocrx_word' id='word_1_358' title='bbox 1466 3824 1578 3878; x_wconf 85' lang='lat' dir='ltr'><strong>noster</strong></span> <span class='ocrx_word' id='word_1_359' title='bbox 1603 3817 1701 3878; x_wconf 90' lang='lat' dir='ltr'><strong>iussit</strong></span> 
     </span>
    </p>

    <p class='ocr_par' dir='ltr' id='par_1_12' title="bbox 444 3900 1701 4046">
     <span class='ocr_line' id='line_1_39' title="bbox 444 3900 1701 3981; baseline 0 -20"><span class='ocrx_word' id='word_1_360' title='bbox 444 3914 493 3950; x_wconf 90' lang='lat'><strong>100</strong></span> <span class='ocrx_word' id='word_1_361' title='bbox 505 3900 567 3962; x_wconf 88' lang='lat' dir='ltr'><strong>tibi</strong></span> <span class='ocrx_word' id='word_1_362' title='bbox 581 3901 739 3980; x_wconf 90' lang='lat' dir='ltr'><strong>plurimas</strong></span> <span class='ocrx_word' id='word_1_363' title='bbox 754 3902 878 3963; x_wconf 90' lang='lat' dir='ltr'><strong>salutes</strong></span> <span class='ocrx_word' id='word_1_364' title='bbox 892 3902 1096 3976; x_wconf 89' lang='lat' dir='ltr'><strong>ascriberem,</strong></span> <span class='ocrx_word' id='word_1_365' title='bbox 1111 3903 1168 3981; x_wconf 92' lang='lat' dir='ltr'><strong>qui</strong></span> <span class='ocrx_word' id='word_1_366' title='bbox 1187 3902 1266 3962; x_wconf 85' lang='lat' dir='ltr'><strong>item</strong></span> <span class='ocrx_word' id='word_1_367' title='bbox 1280 3900 1343 3962; x_wconf 90' lang='lat' dir='ltr'><strong>tibi</strong></span> <span class='ocrx_word' id='word_1_368' title='bbox 1358 3920 1392 3961; x_wconf 90' lang='lat' dir='ltr'><strong>se</strong></span> <span class='ocrx_word' id='word_1_369' title='bbox 1407 3905 1517 3961; x_wconf 90' lang='lat' dir='ltr'><strong>totum</strong></span> <span class='ocrx_word' id='word_1_370' title='bbox 1531 3901 1701 3979; x_wconf 87' lang='lat' dir='ltr'><strong>mancipat</strong></span> 
     </span>
     <span class='ocr_line' id='line_1_40' title="bbox 504 3984 758 4046; baseline 0.004 -1"><span class='ocrx_word' id='word_1_371' title='bbox 504 3990 540 4045; x_wconf 94' lang='lat' dir='ltr'><strong>et</strong></span> <span class='ocrx_word' id='word_1_372' title='bbox 554 3984 685 4046; x_wconf 85' lang='lat' dir='ltr'><strong>dedicat</strong></span> <span class='ocrx_word' id='word_1_373' title='bbox 701 4033 708 4046; x_wconf 87' lang='lat'><strong>.</strong></span> <span class='ocrx_word' id='word_1_374' title='bbox 726 4033 733 4046; x_wconf 87' lang='lat'><strong>.</strong></span> <span class='ocrx_word' id='word_1_375' title='bbox 751 4033 758 4046; x_wconf 87' lang='lat'><strong>.</strong></span> 
     </span>
    </p>
   </div>
   <div class='ocr_carea' id='block_1_3' title="bbox 542 4157 1662 4405">
    <p class='ocr_par' dir='ltr' id='par_1_13' title="bbox 542 4157 1662 4405">
     <span class='ocr_line' id='line_1_41' title="bbox 826 4157 1373 4224; baseline 0.002 -3"><span class='ocrx_word' id='word_1_376' title='bbox 826 4160 927 4222; x_wconf 83' lang='lat'><strong>2438.</strong></span> <span class='ocrx_word' id='word_1_377' title='bbox 975 4157 1082 4224; x_wconf 78' lang='lat' dir='ltr'><strong>Facu</strong></span> <span class='ocrx_word' id='word_1_378' title='bbox 1097 4157 1198 4223; x_wconf 80' lang='lat' dir='ltr'><strong>Josn</strong></span> <span class='ocrx_word' id='word_1_379' title='bbox 1214 4157 1373 4223; x_wconf 77' lang='lat' dir='ltr'><strong>Ouessa.</strong></span> 
     </span>
     <span class='ocr_line' id='line_1_42' title="bbox 542 4259 1630 4333; baseline -0.002 -16"><span class='ocrx_word' id='word_1_380' title='bbox 542 4259 666 4333; x_wconf 82' lang='lat' dir='ltr'><strong>Leipzig</strong></span> <span class='ocrx_word' id='word_1_381' title='bbox 677 4259 742 4315; x_wconf 78' lang='grc' dir='ltr'><strong>ΜΒ.</strong></span> <span class='ocrx_word' id='word_1_382' title='bbox 1456 4259 1630 4331; x_wconf 85' lang='lat' dir='ltr'><strong>Augsburg.</strong></span> 
     </span>
     <span class='ocr_line' id='line_1_43' title="bbox 542 4335 1662 4405; baseline -0.002 -13"><span class='ocrx_word' id='word_1_383' title='bbox 542 4337 608 4392; x_wconf 82' lang='grc' dir='ltr'><strong>ΕΕ.</strong></span> <span class='ocrx_word' id='word_1_384' title='bbox 624 4336 687 4405; x_wconf 89' lang='lat'>148.</span> <span class='ocrx_word' id='word_1_385' title='bbox 1427 4351 1444 4404; x_wconf 85' lang='lat'>3</span> <span class='ocrx_word' id='word_1_386' title='bbox 1457 4335 1566 4390; x_wconf 89' lang='lat' dir='ltr'><strong>March</strong></span> <span class='ocrx_word' id='word_1_387' title='bbox 1580 4349 1662 4404; x_wconf 84' lang='lat'><strong>1531.</strong></span> 
     </span>
    </p>
   </div>
   <div class='ocr_carea' id='block_1_4' title="bbox 504 4427 1702 4562">
    <p class='ocr_par' dir='ltr' id='par_1_14' title="bbox 504 4427 1702 4562">
     <span class='ocr_line' id='line_1_44' title="bbox 539 4427 1702 4495; baseline -0.003 -14"><span class='ocrx_word' id='word_1_388' title='bbox 539 4431 597 4494; x_wconf 88' lang='lat' dir='ltr'><strong>[An</strong></span> <span class='ocrx_word' id='word_1_389' title='bbox 608 4429 725 4495; x_wconf 88' lang='lat' dir='ltr'><strong>original</strong></span> <span class='ocrx_word' id='word_1_390' title='bbox 739 4429 833 4490; x_wconf 89' lang='lat' dir='ltr'><strong>letter,</strong></span> <span class='ocrx_word' id='word_1_391' title='bbox 848 4430 1008 4495; x_wconf 89' lang='lat' dir='ltr'><strong>autograph</strong></span> <span class='ocrx_word' id='word_1_392' title='bbox 1026 4429 1211 4494; x_wconf 86' lang='lat' dir='ltr'><strong>throughout.</strong></span> <span class='ocrx_word' id='word_1_393' title='bbox 1246 4428 1306 4478; x_wconf 88' lang='lat' dir='ltr'><strong>The</strong></span> <span class='ocrx_word' id='word_1_394' title='bbox 1321 4429 1389 4480; x_wconf 90' lang='lat' dir='ltr'><strong>date</strong></span> <span class='ocrx_word' id='word_1_395' title='bbox 1400 4428 1424 4478; x_wconf 88' lang='lat' dir='ltr'><strong>is</strong></span> <span class='ocrx_word' id='word_1_396' title='bbox 1435 4427 1588 4478; x_wconf 88' lang='lat' dir='ltr'><strong>confirmed</strong></span> <span class='ocrx_word' id='word_1_397' title='bbox 1599 4428 1639 4492; x_wconf 87' lang='lat' dir='ltr'><strong>by</strong></span> <span class='ocrx_word' id='word_1_398' title='bbox 1649 4427 1702 4478; x_wconf 91' lang='lat' dir='ltr'><strong>the</strong></span> 
     </span>
     <span class='ocr_line' id='line_1_45' title="bbox 504 4495 1460 4562; baseline -0.005 -13"><span class='ocrx_word' id='word_1_399' title='bbox 504 4499 646 4549; x_wconf 80' lang='lat' dir='ltr'><strong>reference</strong></span> <span class='ocrx_word' id='word_1_400' title='bbox 657 4501 689 4547; x_wconf 92' lang='lat' dir='ltr'><strong>to</strong></span> <span class='ocrx_word' id='word_1_401' title='bbox 700 4497 901 4562; x_wconf 85' lang='lat' dir='ltr'><strong>Eppeudorff&#39;s</strong></span> <span class='ocrx_word' id='word_1_402' title='bbox 911 4497 993 4548; x_wconf 79' lang='lat' dir='ltr'><strong>Iusta</strong></span> <span class='ocrx_word' id='word_1_403' title='bbox 1005 4495 1118 4555; x_wconf 75' lang='lat' dir='ltr'><strong>Querela</strong></span> <span class='ocrx_word' id='word_1_404' title='bbox 1129 4495 1279 4561; x_wconf 90' lang='lat' dir='ltr'><strong>published</strong></span> <span class='ocrx_word' id='word_1_405' title='bbox 1291 4495 1359 4546; x_wconf 87' lang='lat' dir='ltr'><strong>Feb.</strong></span> <span class='ocrx_word' id='word_1_406' title='bbox 1374 4495 1460 4558; x_wconf 85' lang='lat'><strong>1531.]</strong></span> 
     </span>
    </p>
   </div>
   <div class='ocr_carea' id='block_1_5' title="bbox 547 4577 1700 4652">
    <p class='ocr_par' dir='ltr' id='par_1_15' title="bbox 547 4577 1700 4652">
     <span class='ocr_line' id='line_1_46' title="bbox 547 4577 1700 4652; baseline -0.004 -10"><span class='ocrx_word' id='word_1_407' title='bbox 547 4579 578 4642; x_wconf 85' lang='lat' dir='ltr'><strong>S.</strong></span> <span class='ocrx_word' id='word_1_408' title='bbox 594 4579 631 4642; x_wconf 90' lang='lat' dir='ltr'><strong>P.</strong></span> <span class='ocrx_word' id='word_1_409' title='bbox 647 4579 687 4639; x_wconf 92' lang='lat' dir='ltr'><strong>D.</strong></span> <span class='ocrx_word' id='word_1_410' title='bbox 732 4579 840 4640; x_wconf 90' lang='lat' dir='ltr'><strong>Pridie</strong></span> <span class='ocrx_word' id='word_1_411' title='bbox 862 4578 1042 4652; x_wconf 88' lang='lat' dir='ltr'><strong>Sacellano,</strong></span> <span class='ocrx_word' id='word_1_412' title='bbox 1064 4579 1116 4639; x_wconf 92' lang='lat' dir='ltr'><strong>cui</strong></span> <span class='ocrx_word' id='word_1_413' title='bbox 1138 4584 1178 4639; x_wconf 92' lang='lat' dir='ltr'><strong>tu</strong></span> <span class='ocrx_word' id='word_1_414' title='bbox 1197 4578 1326 4639; x_wconf 89' lang='lat' dir='ltr'><strong>litteras</strong></span> <span class='ocrx_word' id='word_1_415' title='bbox 1347 4577 1391 4652; x_wconf 81' lang='lat' dir='ltr'><strong>ad</strong></span> <span class='ocrx_word' id='word_1_416' title='bbox 1408 4595 1461 4637; x_wconf 90' lang='lat' dir='ltr'><strong>me</strong></span> <span class='ocrx_word' id='word_1_417' title='bbox 1482 4577 1700 4648; x_wconf 89' lang='lat' dir='ltr'><strong>commiseras,</strong></span> 
     </span>
    </p>
   </div>
   <div class='ocr_carea' id='block_1_6' title="bbox 505 4659 1701 4824">
    <p class='ocr_par' dir='ltr' id='par_1_16' title="bbox 505 4659 1701 4824">
     <span class='ocr_line' id='line_1_47' title="bbox 505 4659 1701 4742; baseline -0.003 -17"><span class='ocrx_word' id='word_1_418' title='bbox 505 4683 595 4726; x_wconf 88' lang='lat' dir='ltr'><strong>meas</strong></span> <span class='ocrx_word' id='word_1_419' title='bbox 609 4664 689 4724; x_wconf 93' lang='lat' dir='ltr'><strong>item</strong></span> <span class='ocrx_word' id='word_1_420' title='bbox 704 4681 764 4742; x_wconf 88' lang='lat' dir='ltr'><strong>ego</strong></span> <span class='ocrx_word' id='word_1_421' title='bbox 778 4663 943 4742; x_wconf 86' lang='lat' dir='ltr'><strong>proximas</strong></span> <span class='ocrx_word' id='word_1_422' title='bbox 958 4663 1001 4723; x_wconf 89' lang='lat' dir='ltr'><strong>ad</strong></span> <span class='ocrx_word' id='word_1_423' title='bbox 1016 4669 1049 4724; x_wconf 91' lang='lat' dir='ltr'><strong>te</strong></span> <span class='ocrx_word' id='word_1_424' title='bbox 1064 4661 1157 4733; x_wconf 90' lang='lat' dir='ltr'><strong>dedi;</strong></span> <span class='ocrx_word' id='word_1_425' title='bbox 1181 4662 1301 4739; x_wconf 91' lang='lat' dir='ltr'><strong>quibus</strong></span> <span class='ocrx_word' id='word_1_426' title='bbox 1323 4660 1459 4722; x_wconf 85' lang='lat' dir='ltr'><strong>adiunxi</strong></span> <span class='ocrx_word' id='word_1_427' title='bbox 1479 4659 1612 4721; x_wconf 86' lang='lat' dir='ltr'><strong>scaedas</strong></span> <span class='ocrx_word' id='word_1_428' title='bbox 1627 4660 1701 4722; x_wconf 86' lang='lat' dir='ltr'><strong>illas</strong></span> 
     </span>
     <span class='ocr_line' id='line_1_48' title="bbox 505 4742 1701 4824; baseline -0.003 -16"><span class='ocrx_word' id='word_1_429' title='bbox 505 4750 539 4808; x_wconf 94' lang='lat' dir='ltr'><strong>in</strong></span> <span class='ocrx_word' id='word_1_430' title='bbox 561 4746 762 4808; x_wconf 88' lang='lat' dir='ltr'><strong>Thrasonem</strong></span> <span class='ocrx_word' id='word_1_431' title='bbox 782 4750 878 4806; x_wconf 89' lang='lat' dir='ltr'><strong>tuum</strong></span> <span class='ocrx_word' id='word_1_432' title='bbox 898 4751 1061 4819; x_wconf 86' lang='lat' dir='ltr'><strong>exaratas,</strong></span> <span class='ocrx_word' id='word_1_433' title='bbox 1077 4764 1143 4806; x_wconf 89' lang='lat' dir='ltr'><strong>vna</strong></span> <span class='ocrx_word' id='word_1_434' title='bbox 1164 4763 1238 4805; x_wconf 90' lang='lat' dir='ltr'><strong>cum</strong></span> <span class='ocrx_word' id='word_1_435' title='bbox 1261 4743 1455 4824; x_wconf 87' lang='lat' dir='ltr'><strong>Polyphemi</strong></span> <span class='ocrx_word' id='word_1_436' title='bbox 1474 4742 1602 4817; x_wconf 90' lang='lat' dir='ltr'><strong>litteris,</strong></span> <span class='ocrx_word' id='word_1_437' title='bbox 1618 4762 1701 4822; x_wconf 90' lang='lat' dir='ltr'><strong>quas</strong></span> 
     </span>
    </p>
   </div>
   <div class='ocr_carea' id='block_1_7' title="bbox 572 4851 1700 4918">
    <p class='ocr_par' dir='ltr' id='par_1_17' title="bbox 572 4851 1700 4918">
     <span class='ocr_line' id='line_1_49' title="bbox 572 4851 1700 4918; baseline -0.002 -12"><span class='ocrx_word' id='word_1_438' title='bbox 572 4857 647 4907; x_wconf 77' lang='lat'><strong>2437.</strong></span> <span class='ocrx_word' id='word_1_439' title='bbox 659 4858 703 4918; x_wconf 82' lang='lat'><strong>63.</strong></span> <span class='ocrx_word' id='word_1_440' title='bbox 715 4855 775 4905; x_wconf 71' lang='lat' dir='ltr'><strong>nn.</strong></span> <span class='ocrx_word' id='word_1_441' title='bbox 788 4860 872 4906; x_wconf 83' lang='lat' dir='ltr'><strong>vrent</strong></span> <span class='ocrx_word' id='word_1_442' title='bbox 883 4855 947 4906; x_wconf 84' lang='lat' dir='ltr'><strong>MS.</strong></span> <span class='ocrx_word' id='word_1_443' title='bbox 982 4855 1108 4906; x_wconf 68' lang='lat' dir='ltr'><strong>hiesu:</strong></span> <span class='ocrx_word' id='word_1_444' title='bbox 1126 4852 1246 4904; x_wconf 81' lang='lat' dir='ltr'><strong>hisMS.</strong></span> <span class='ocrx_word' id='word_1_445' title='bbox 1297 4853 1422 4918; x_wconf 74' lang='lat' dir='ltr'><strong>93.lih&#39;:</strong></span> <span class='ocrx_word' id='word_1_446' title='bbox 1440 4857 1624 4918; x_wconf 85' lang='lat' dir='ltr'><strong>perspectum</strong></span> <span class='ocrx_word' id='word_1_447' title='bbox 1635 4851 1700 4904; x_wconf 71' lang='lat' dir='ltr'><strong>Mu.</strong></span> 
     </span>
    </p>
   </div>
   <div class='ocr_carea' id='block_1_8' title="bbox 538 5019 1666 5088">
    <p class='ocr_par' dir='ltr' id='par_1_18' title="bbox 538 5019 1666 5088">
     <span class='ocr_line' id='line_1_50' title="bbox 538 5019 1666 5088; baseline -0.003 -15"><span class='ocrx_word' id='word_1_448' title='bbox 538 5024 613 5074; x_wconf 77' lang='lat'><strong>2437.</strong></span> <span class='ocrx_word' id='word_1_449' title='bbox 631 5024 673 5088; x_wconf 88' lang='lat'><strong>78.</strong></span> <span class='ocrx_word' id='word_1_450' title='bbox 691 5022 806 5085; x_wconf 88' lang='lat' dir='ltr'><strong>litteris]</strong></span> <span class='ocrx_word' id='word_1_451' title='bbox 817 5022 877 5073; x_wconf 86' lang='lat' dir='ltr'><strong>Not</strong></span> <span class='ocrx_word' id='word_1_452' title='bbox 888 5027 998 5073; x_wconf 85' lang='lat' dir='ltr'><strong>extant.</strong></span> <span class='ocrx_word' id='word_1_453' title='bbox 1149 5021 1223 5072; x_wconf 76' lang='lat'><strong>24³8.</strong></span> <span class='ocrx_word' id='word_1_454' title='bbox 1242 5035 1266 5084; x_wconf 84' lang='lat'><strong>3.</strong></span> <span class='ocrx_word' id='word_1_455' title='bbox 1284 5019 1469 5082; x_wconf 85' lang='lat' dir='ltr'><strong>Thrasonem]</strong></span> <span class='ocrx_word' id='word_1_456' title='bbox 1481 5019 1666 5086; x_wconf 85' lang='lat' dir='ltr'><strong>Eppendorff.</strong></span> 
     </span>
    </p>
   </div>
   <div class='ocr_carea' id='block_1_9' title="bbox 0 0 2030 5900">
    <p class='ocr_par' dir='ltr' id='par_1_19' title="bbox 0 0 2030 5900">
     <span class='ocr_line' id='line_1_51' title="bbox 0 0 2030 5900; baseline 0 0"><span class='ocrx_word' id='word_1_457' title='bbox 0 0 2030 5900; x_wconf 95' lang='lat' dir='ltr'><strong> </strong></span> 
     </span>
    </p>
   </div>
  </div>
 </body>
</html>
