4042 5900
437 599 499 660 seo
763 594 962 659 narrans
983 595 1266 660 ornnesnus
1577 603 1647 681 [ιφ

688 799 894 889 ¹⁵⁴⁰2555m,
940 800 994 866 'l’o
1010 800 1192 867 Baaussn
1208 818 1254 867 or
1270 800 1390 869 Onus.

473 936 634 1008 Epistolse
646 936 860 1002 Palaeonaeoi,
873 954 904 1008 p.
921 949 965 1005 17.
1400 941 1582 1014 Freiburg.

474 1012 514 1067 N.
528 1030 559 1084 p.
573 1027 645 1084 954:
666 1012 764 1067 Lond.
779 1030 851 1068 xxv.
867 1028 900 1080 5:
921 1013 985 1067 LB.
1003 1027 1085 1067 1202.
1333 1031 1356 1082 9
1372 1015 1624 1087 October1531.

499 1154 593 1199 RRAS.
609 1154 684 1201 RO'I'.
700 1155 732 1200 R.
748 1155 781 1200 D.
797 1155 829 1201 D.
845 1154 1030 1199 annunlio
1045 1154 1128 1200 nnc.
1146 1155 1189 1200 H*
1202 1155 1301 1202 OARD.
1317 1157 1563 1208 mxumo
1576 1161 1603 1207 8.

478 1245 683 1320 &amasse
698 1248 764 1308 iam
778 1247 866 1308 hisce
881 1246 997 1308 diebus
1011 1246 1125 1308 literas
1136 1266 1157 1309 a
1168 1254 1228 1309 tua
1239 1248 1280 1309 R.
1293 1250 1531 1315 sublimitate
1544 1254 1649 1333 accepi,

436 1348 502 1391 non
530 1330 679 1391 dissimili
706 1335 910 1409 argumento.
953 1328 1044 1403 Quae
1071 1349 1124 1392 res
1151 1331 1232 1392 mihi
1259 1331 1420 1395 declarat
1451 1336 1649 1416 singulam

436 1414 603 1493 quandam
625 1420 718 1475 tuam
739 1432 817 1493 erga
837 1433 890 1474 me
912 1414 1080 1493 pietatem,
1102 1414 1252 1493 plurimis
1274 1415 1419 1494 quidem
1443 1421 1649 1499 argumentis

436 1498 502 1557 iam
524 1496 601 1558 olim
622 1504 828 1578 perspectam
849 1504 884 1558 et
903 1497 1119 1576 exploratam,
1138 1498 1195 1558 sed
1213 1504 1344 1577 gratum
1368 1506 1501 1564 tamen
1519 1510 1576 1565 est
1591 1504 1650 1565 eins

406 1613 421 1663 5
435 1582 625 1642 memoriam
643 1580 781 1641 subinde
798 1580 892 1642 nouis
906 1580 1130 1641 occasionibus
1143 1581 1297 1643 refricari.

477 1662 572 1737 Quod
596 1665 720 1725 inuitas
742 1663 786 1725 ad
809 1669 1009 1725 conuentum
1035 1665 1137 1725 istum
1162 1663 1356 1744 spirensem,
1382 1668 1494 1731 video
1517 1676 1556 1731 te
1576 1671 1650 1731 satis

435 1748 604 1826 magnifice
625 1749 746 1809 sentire
765 1747 806 1808 de
826 1766 899 1807 mea
919 1746 1119 1808 valetudine.
1162 1747 1232 1826 Ego
1253 1750 1287 1808 in
1308 1749 1359 1809 his
1382 1754 1492 1813 nouis
1516 1752 1649 1815 aedibus

434 1830 500 1891 iam
516 1837 672 1910 quartum
687 1830 797 1891 luctor
810 1849 886 1892 cum
900 1836 1016 1891 morte.
1052 1830 1140 1891 Satis
1154 1830 1293 1892 feliciter
1306 1834 1408 1893 cessit
1423 1839 1649 1909 concertatio,

434 1913 538 1975 donec
550 1916 668 1975 aestiui
677 1914 758 1975 coeli
767 1913 983 1975 commoditas
991 1913 1121 1974 iaueret
1129 1913 1279 1976 luctanti.
1305 1914 1352 1975 At
1360 1917 1468 1979 simul
1479 1920 1650 1982 inhorruit

391 2028 423 2064 10
434 1996 634 2070 Autumnus,
643 2017 736 2076 aegre
745 1997 891 2058 inclusus
900 1996 989 2076 apud
997 1996 1108 2057 iocum
1117 1996 1266 2058 desidens
1275 1997 1476 2077 languidum
1489 2004 1649 2083 spiritum

434 2082 542 2142 traho.
571 2079 639 2141 Sub
648 2081 771 2142 festum
780 2080 947 2141 Michaelis
957 2079 1069 2140 subito
1077 2086 1211 2141 exortus
1222 2080 1426 2160 Euroequilo
1435 2103 1494 2147 me
1505 2089 1650 2148 coniecit

434 2164 470 2224 in
484 2163 616 2226 lectum.
659 2164 793 2225 Amicus
806 2163 941 2242 quidam
956 2182 994 2223 ac
1009 2164 1137 2224 vicinus
1151 2182 1243 2224 meus
1256 2164 1370 2225 eodem
1388 2165 1446 2227 die
1462 2170 1593 2231 eadem
1609 2190 1649 2232 ex

435 2265 535 2308 causa
547 2249 699 2308 morbum
714 2248 892 2319 contraxit,
907 2254 942 2308 et
961 2246 1101 2308 decessit
1120 2248 1209 2308 intra
1228 2247 1456 2326 quatriduum.
1506 2252 1649 2315 Deiecta

434 2336 485 2391 est
499 2349 647 2410 quercus,
662 2350 722 2409 ego
741 2330 877 2403 arundo,
898 2337 937 2391 vt
955 2336 1007 2391 est
1027 2331 1062 2390 in
1082 2330 1246 2409 Apologis,
1269 2330 1458 2393 vacillando
1481 2336 1648 2398 subsisto.

390 2445 421 2494 ¹5
434 2412 521 2487 Quid
535 2414 633 2475 isthic
649 2414 742 2493 Reip.
758 2415 819 2474 sim
834 2413 1028 2493 profuturus
1047 2414 1166 2486 nescio,
1181 2420 1268 2474 certo
1287 2432 1360 2476 mea
1378 2415 1527 2479 referret
1547 2420 1650 2481 isthic

435 2497 559 2571 adesse,
590 2497 866 2575 quemadmodum
900 2497 1061 2558 retulerat
1093 2505 1128 2559 et
1159 2497 1360 2576 Augusteusi
1392 2500 1542 2564 concilio
1580 2523 1649 2566 non

434 2581 587 2642 abluisse.
631 2579 694 2642 Sed
708 2579 789 2660 quid
806 2580 925 2642 faciam
945 2579 1021 2641 huic
1041 2581 1234 2660 corpusculo
1252 2580 1427 2660 plusquam
1448 2584 1579 2660 vitreo,
1596 2590 1649 2649 cui

434 2670 601 2725 mutatum
627 2662 814 2724 cubiculum
839 2669 899 2724 eut
921 2665 1044 2736 vinum,
1069 2666 1122 2724 cui
1146 2664 1263 2725 aurula
1286 2666 1532 2728 incommodior
1555 2689 1649 2733 mors

434 2752 509 2808 est?
551 2746 627 2809 Non
648 2766 701 2807 me
722 2747 807 2808 clam
829 2754 881 2808 est
901 2746 1121 2808 interfuturos
1143 2747 1289 2820 concilio,
1311 2750 1369 2826 qui
1389 2749 1473 2810 mihi
1495 2757 1649 2831 pessime

388 2860 421 2897 20
434 2832 591 2909 cogitant,
612 2837 712 2909 atque
731 2831 832 2890 etiam
852 2831 989 2891 exitium
1009 2830 1200 2892 moliuntur.
1244 2831 1285 2892 Id
1304 2834 1332 2892 si
1349 2831 1496 2907 vacabit,
1511 2840 1649 2915 poteris

433 2933 475 2976 ex
491 2913 530 2976 R.
547 2914 588 2976 D.
603 2914 727 2975 Ioanne
741 2913 904 2994 Episcopo
915 2912 1088 2975 Viennensi
1099 2934 1299 2994 cognoscere.

475 2998 523 3058 Da
542 2999 687 3077 pecuniis
706 3016 773 3058 non
793 3017 866 3058 sum
886 2996 1042 3069 solicitus,
1063 2998 1223 3060 Dominus
1243 2999 1389 3079 prouidit
1407 2999 1593 3079 hactenus,
1612 3014 1649 3068 et

433 3082 789 3160 prouidebit,vtsperc;
805 3087 938 3142 tantum
946 3081 1104 3160 optabam
1114 3082 1361 3143 vtmihiliceret
1369 3084 1401 3143 in
1411 3082 1475 3144 bac
1484 3094 1648 3153 extrema

433 3171 566 3226 senecta
581 3167 724 3245 quietem
739 3184 851 3244 agere:
874 3184 914 3225 ne
928 3164 962 3225 id
977 3165 1109 3242 quidem
1125 3165 1234 3227 datur.
1277 3165 1367 3227 Haec
1387 3166 1508 3229 domus
1522 3181 1649 3253 empta

386 3277 419 3325 25
432 3248 713 3309 inextricabilibus
728 3247 886 3309 molestiis
901 3266 953 3308 me
964 3248 1115 3310 inuoluit.
1159 3249 1227 3310 Nec
1239 3255 1351 3310 tamen
1363 3249 1470 3310 adhuc
1483 3252 1580 3315 vllus
1592 3265 1649 3319 est

433 3331 523 3392 locus
537 3333 571 3392 in
586 3352 625 3393 ea
639 3337 713 3393 tota
728 3331 803 3391 huic
818 3331 1011 3410 corpusculo
1026 3338 1080 3392 sat
1096 3332 1296 3393 commodus.
1340 3332 1438 3393 Multi
1455 3335 1646 3414 mirantur,

433 3416 506 3492 quis
516 3417 560 3475 sit
569 3417 665 3476 istius
673 3420 857 3475 conuentus
866 3415 1000 3475 iuturus
1008 3416 1126 3475 exitus.
1160 3413 1301 3494 Spiritus
1311 3414 1432 3476 Christi
1440 3417 1647 3496 dignabitur

433 3517 602 3577 suggerere
623 3498 813 3577 Principum
834 3499 951 3558 animis
971 3515 1055 3576 quse
1075 3504 1153 3558 sunt
1172 3499 1395 3560 saluberrima.
1439 3498 1493 3560 Ibi
1513 3522 1648 3585 magna

433 3582 622 3643 adhibenda
632 3588 684 3642 est
695 3583 814 3653 cautio,
827 3600 868 3641 ne
883 3580 963 3641 dum
978 3581 1117 3642 alteram
1131 3588 1260 3660 partem
1276 3584 1522 3663 compescimus,
1539 3587 1647 3652 alteri

388 3693 421 3743 ³0
433 3684 501 3726 non
521 3667 571 3726 ius
591 3685 697 3738 suum,
718 3665 774 3726 sed
795 3664 1004 3743 tyrannidem
1022 3665 1233 3726 vindicemus.
1277 3665 1366 3739 Quos
1382 3666 1507 3745 fugiam
1527 3671 1645 3747 video,

433 3767 516 3828 quos
525 3769 643 3828 sequar
655 3749 711 3808 vix
723 3748 828 3809 video.
873 3747 1017 3808 Tantum
1026 3767 1113 3809 nunc
1122 3748 1216 3808 licuit
1224 3768 1282 3828 per
1291 3748 1525 3812 valetudinem.
1573 3754 1646 3818 Vbi

432 3832 526 3893 fuero
544 3831 775 3904 confirmatior,
791 3830 932 3891 scribam
949 3832 1120 3911 copiosius.
1163 3832 1325 3893 Dominus
1340 3831 1381 3894 R.
1396 3831 1646 3902 celsitudinem

432 3921 527 3977 tuam
542 3922 652 3977 seruet
667 3915 871 3976 incolumem.

474 3999 600 4060 Datum
615 3998 766 4078 Friburgi
781 3997 947 4076 Brisgciae
962 3998 1005 4058 ix.
1022 3997 1073 4059 die
1087 3996 1203 4060 Octob.
1218 4014 1388 4060 unxxxr.

892 4120 931 4170 17.
949 4105 1076 4157 adfuisse
1086 4107 1172 4158 Lond.

469 4256 492 4292 1.
510 4241 669 4302 Quaternos
683 4279 689 4291 .
703 4277 710 4290 .
725 4278 731 4290 .
744 4241 853 4302 literas]
863 4239 938 4306 Only
949 4255 1003 4291 one
1054 4240 1148 4292 follow
1159 4242 1209 4292 the
1221 4241 1279 4292 tale
1290 4243 1321 4292 oi
1332 4241 1476 4292 Erasmns’
1488 4242 1634 4301 illnemes,

433 4309 458 4358 is
468 4314 579 4368 extant,
592 4309 646 4373 Ep.
659 4322 734 4372 ²540·
1094 4322 1133 4358 12.
1153 4309 1279 4369 Amicus]
1291 4308 1333 4359 cf.
1346 4309 1400 4374 Ep.
1413 4313 1549 4373 2554.‚6n.

433 4409 436 4413 -
466 4376 492 4425 8.
510 4375 656 4441 quartum]
677 4373 858 4440 Apparently
875 4375 936 4425 ‘lor
955 4374 1005 4424 the
1093 4389 1132 4438 14.
1151 4376 1181 4425 in
1203 4375 1350 4442 Apologia]
1370 4377 1472 4441 Aescp.
1494 4377 1565 4429 uae.
1587 4395 1643 4447 179

433 4441 531 4493 fourth
549 4442 652 4501 time';
670 4441 725 4492 but
741 4442 765 4490 it
782 4442 806 4492 is
822 4447 875 4492 not
891 4457 959 4506 easy
973 4447 1005 4491 to
1056 4441 1175 4503 (Helm).
