4042 5900
507 677 568 738 228
831 676 1030 740 LETTERS
1051 676 1107 740 OF
1127 675 1333 740 ERASMUS
1605 681 1703 758 [1531

506 837 584 909 vim,
606 838 655 898 ita
679 836 850 899 dimidium
870 837 993 898 laboris
1016 836 1135 898 adimit
1158 837 1306 898 discenti.
1350 836 1568 900 Vehementer
1587 844 1705 900 autem

446 944 494 994 150
506 920 605 982 laudo
620 919 709 998 quod
723 920 889 982 vertendis
903 919 1035 983 Graccis
1048 920 1090 982 de
1109 921 1214 999 teipso
1234 920 1414 998 periculum
1428 921 1519 994 iacis,
1535 927 1703 1000 quantum

505 1005 540 1064 in
554 1005 725 1081 vtrinsque
740 1002 870 1083 linguae
883 1004 1044 1066 facultate
1057 1003 1242 1083 proieceris.
1285 1002 1349 1065 Sed
1368 1005 1434 1066 ista
1454 1024 1584 1083 quoque
1598 1006 1704 1067 medi·

507 1087 591 1148 tatio
605 1086 757 1147 succedet
770 1086 905 1159 felicius,
920 1088 947 1148 si
961 1088 1120 1148 versionis
1139 1093 1217 1148 tuae
1239 1105 1403 1149 censorem
1425 1087 1623 1161 adhibueris,
1642 1094 1705 1150 aut

506 1176 600 1232 tuam
614 1171 796 1231 versionem
810 1189 886 1231 oum
900 1170 1039 1231 aliorum
1053 1169 1272 1231 translatione
1285 1170 1473 1232 contuleris.
1516 1170 1613 1245 Quod
1629 1191 1704 1251 per·

506 1254 651 1314 conteris
666 1273 746 1314 num
760 1252 987 1332 Chrysostomi
1001 1253 1182 1315 Monachus
1202 1254 1246 1315 ab
1266 1253 1332 1314 alio
1346 1255 1502 1333 quopiam
1517 1253 1644 1316 latinus
1658 1256 1706 1316 sit

445 1358 493 1408 155
505 1336 624 1408 iactus,
646 1336 742 1397 video
763 1342 797 1397 te
819 1337 926 1397 virum
945 1355 1014 1397 εεεε
1032 1338 1166 1398 minime
1185 1338 1348 1398 curiosum
1368 1338 1448 1415 quid
1461 1357 1570 1399 rerum
1584 1345 1707 1418 gerant

506 1419 572 1481 alii.
614 1419 700 1480 Nam
716 1419 896 1481 Monachus
910 1420 965 1481 ille
979 1420 1014 1480 in
1028 1439 1095 1499 quo
1111 1420 1225 1481 scribis
1244 1425 1278 1481 te
1295 1422 1448 1499 tyrocinii
1466 1422 1518 1481 tui
1537 1423 1706 1501 specimen

506 1502 674 1575 acdidisse,
696 1504 762 1564 iam
784 1509 862 1564 ante
884 1523 941 1564 sex
962 1522 1067 1564 annos
1088 1510 1219 1583 prostat
1238 1523 1352 1565 versus
1374 1505 1416 1564 ab
1438 1503 1705 1585 Oecolampadio.

506 1586 657 1648 Eundem
678 1605 752 1647 meo
771 1606 871 1647 suasu
891 1587 993 1648 vertit
1017 1586 1199 1649 Germanus
1224 1587 1365 1660 Brixius,
1387 1587 1445 1648 sed
1468 1589 1626 1666 quoniam
1647 1589 1707 1651 ille

506 1669 698 1748 Callipidem
720 1670 795 1748 egit,
816 1689 953 1749 seroque
971 1670 1063 1731 misit
1080 1670 1169 1748 quod
1184 1676 1338 1744 verterat,
1359 1689 1461 1748 quum
1481 1677 1574 1733 totus
1595 1674 1707 1734 exiret

446 1764 494 1812 roo
506 1752 770 1832 chrysostomus,
786 1752 1116 1833 Oeoolampadianam
1125 1753 1333 1826 seditionem,
1343 1755 1533 1833 recepimus.
1573 1755 1707 1817 Rursus

506 1836 592 1898 idem
608 1835 801 1916 opusculum
815 1838 849 1896 in
864 1836 982 1916 Anglia
1001 1839 1103 1897 vertit
1124 1836 1282 1915 Vergilius
1300 1836 1483 1915 Polydorus
1501 1839 1581 1899 satis
1599 1838 1706 1901 felici·

506 1925 567 1993 ter,
591 1920 672 1981 mihi
694 1919 850 1980 dicatum.
894 1919 1062 1980 Excusum
1085 1926 1137 1981 est
1160 1926 1271 1981 autem
1301 1919 1463 1981 Lutetiae.
1506 1919 1539 1981 Si
1564 1923 1707 1999 quiuero

505 2004 650 2065 nancisei
664 2003 853 2063 Brixianam
868 2003 1076 2075 aeditionem,
1092 2003 1134 2064 ad
1149 2008 1184 2064 te
1197 2004 1340 2076 mittam,
1355 2009 1395 2063 vt
1405 2008 1500 2065 tuam
1511 2006 1614 2083 possis
1625 2025 1707 2067 curn

506 2086 628 2165 triplici
641 2087 790 2146 versione
804 2086 960 2147 conferre.

446 2181 493 2241 165
549 2169 728 2230 Rumorem
753 2169 996 2230 retractationis
1022 2168 1097 2229 hinc
1127 2169 1242 2249 opinor
1270 2175 1398 2242 natum,
1425 2169 1514 2247 quod
1535 2169 1611 2231 libri
1635 2190 1707 2249 quo

506 2253 675 2314 monachis
699 2252 973 2332 Hispaniensibus
996 2252 1184 2332 respondeo,
1206 2253 1380 2333 posteriori
1401 2251 1558 2314 seditioni
1579 2253 1707 2317 subieci

506 2336 578 2397 loca
591 2335 754 2414 quaedam
768 2355 809 2396 ex
829 2336 957 2415 aliquot
975 2336 1055 2396 meis
1076 2335 1359 2397 lucubrationibus
1379 2336 1594 2409 emendanda,
1616 2356 1707 2415 quae

506 2418 559 2480 vel
581 2420 649 2497 ipse
674 2418 871 2498 deprehendi
900 2419 953 2480 vel
981 2420 1078 2479 amici
1107 2424 1344 2498 suggesserunt.
1390 2418 1511 2481 Verum
1539 2419 1592 2480 hic
1621 2419 1707 2483 dum

506 2503 619 2563 amicis
643 2502 718 2575 fido,
738 2502 899 2581 quaedam
918 2502 997 2562 dum
1019 2502 1192 2563 emendare
1213 2521 1312 2562 conor
1333 2502 1521 2580 deprauaui.
1564 2504 1598 2564 Is
1620 2502 1707 2566 liber

448 2607 495 2657 170
507 2587 630 2665 prodiit
655 2586 759 2647 Anno.
784 2586 1131 2647 unxina—mittam
1155 2586 1183 2645 si
1208 2604 1304 2663 quem
1329 2590 1448 2646 nactus
1472 2605 1528 2647 ero
1553 2587 1706 2664 quinon

506 2675 634 2731 recuset
655 2669 860 2730 sarcinulam.
904 2669 1019 2748 Neque
1037 2688 1114 2730 vero
1135 2667 1273 2747 puderet
1293 2668 1461 2747 pigeretue
1480 2669 1566 2730 idem
1581 2670 1616 2730 in
1631 2673 1705 2731 vni·

507 2772 618 2814 uersas
629 2772 718 2813 meas
733 2752 978 2813 lucubrationes
991 2753 1107 2824 facere,
1123 2753 1151 2811 si
1170 2771 1269 2830 quam
1284 2750 1429 2813 viderem
1451 2753 1612 2813 rationem
1634 2773 1706 2832 qua

506 2835 618 2897 liceret
639 2836 792 2897 omnibus
814 2837 960 2896 omnium
980 2834 1213 2897 offensionibus
1227 2834 1359 2895 mederi.
1402 2834 1497 2896 Nunc
1519 2835 1609 2914 quod
1630 2836 1707 2899 aliis

506 2919 639 2982 videtur
661 2920 803 2981 maxime
826 2919 926 2999 pium,
949 2918 1022 2980 aliis
1048 2918 1179 2980 videtur
1197 2918 1344 2998 impium.
1387 2916 1512 2997 Sequar
1531 2918 1705 2982 scholasti·

446 3022 493 3074 175
506 3023 618 3065 corum
632 3002 829 3083 placitorum
842 3008 1044 3082 gnomones?
1087 3002 1156 3082 Ipsi
1169 3003 1256 3063 inter
1270 3021 1305 3062 se
1322 3001 1491 3063 dissident.
1534 3002 1706 3077 Quosdam

506 3092 618 3148 autem
644 3086 782 3147 offendit
807 3086 961 3165 quicquid
987 3085 1060 3148 aliis
1085 3086 1194 3147 verbis
1220 3085 1419 3146 dictumest
1444 3104 1545 3163 quam
1570 3087 1634 3167 ipsi
1655 3087 1704 3148 lo·

506 3177 655 3249 quuntur
682 3171 716 3231 in
741 3169 869 3231 scholis.
912 3168 1038 3243 Quibus
1063 3169 1091 3230 si
1113 3169 1212 3230 velim
1236 3187 1359 3230 morem
1388 3187 1506 3248 gerare,
1533 3170 1583 3231 bis
1604 3171 1704 3250 frige·

507 3254 592 3315 bunt
615 3255 735 3325 omnia,
758 3254 880 3332 partim
903 3253 992 3331 quod
1016 3251 1170 3331 pleraque
1190 3252 1320 3312 scholae
1349 3250 1505 3330 dogmata
1529 3260 1608 3314 sunt
1632 3255 1705 3317 eius

506 3337 631 3416 generis
654 3343 702 3408 vt,
728 3337 828 3397 etiam
853 3337 881 3397 si
904 3336 1055 3397 nitantur
1077 3335 1267 3396 indubitata
1291 3335 1442 3406 veritate,
1470 3341 1584 3397 tamen
1606 3344 1706 3399 extra

446 3419 651 3481 180scholam
685 3438 750 3480 non
781 3419 927 3480 habeant
954 3420 1115 3499 gratiam;
1146 3419 1269 3497 partim
1299 3417 1389 3496 quod
1420 3419 1594 3498 impuritas
1630 3438 1705 3482 ora·

506 3504 606 3564 tionis
628 3503 725 3564 rebus
742 3504 843 3564 etiam
863 3522 921 3581 per
940 3522 975 3563 se
993 3502 1144 3581 gratiosis
1165 3500 1321 3561 detrahat
1334 3501 1486 3580 gratiam.
1530 3502 1603 3564 Iam
1620 3505 1704 3581 quid

507 3587 578 3647 istis
606 3587 735 3659 faciam,
766 3587 823 3665 qui
855 3586 917 3647 sibi
944 3584 1100 3646 videntur
1127 3583 1245 3645 callere
1273 3584 1374 3644 latine
1400 3603 1502 3662 quum
1531 3587 1705 3649 nesciant?

506 3667 592 3743 Quid
605 3669 681 3743 illis,
696 3670 922 3748 quiquoniam
938 3669 980 3730 ad
1000 3668 1172 3729 lectionem
1191 3667 1346 3728 adierunt
1360 3668 1529 3729 inimicum
1543 3670 1704 3743 animum,

506 3754 617 3814 omnia
633 3752 833 3831 detorquent
853 3753 897 3813 ad
917 3751 1140 3813 calumniam?
1182 3749 1283 3811 Aliud
1303 3749 1389 3811 male
1411 3757 1518 3823 sonat,
1539 3751 1629 3813 aliud
1651 3761 1706 3815 εει

446 3841 493 3905 185
506 3843 705 3916 suspectum,
727 3836 817 3897 aliud
838 3843 889 3897 est
908 3835 1004 3896 affine
1026 3833 1316 3914 Turrelupinorum
1336 3835 1448 3906 errori,
1470 3834 1562 3895 aliud
1582 3842 1633 3896 est
1655 3837 1704 3898 oi-

505 3920 668 3980 fsnsiuum
683 3920 812 3999 piarum
827 3920 966 3992 aurium,
981 3918 1073 3979 aliud
1082 3923 1259 3997 estparum
1270 3923 1467 3990 reuerenter,
1479 3917 1571 3979 aliud
1584 3938 1705 3999 parum

506 4005 738 4082 circumspecte
765 4004 901 4064 dictum.
945 4001 979 4064 Si
1004 4001 1085 4080 quid
1108 4000 1269 4062 eiusmodi
1296 4000 1450 4060 videatur
1475 4008 1513 4062 vt
1537 4003 1705 4065 offendere

506 4087 609 4165 possit
623 4087 809 4166 principum
824 4093 884 4148 aut
898 4085 1091 4166 pontificum
1101 4086 1237 4157 animos,
1250 4084 1494 4145 schismaticum
1503 4089 1564 4146 εει.
1601 4085 1705 4160 Quasi

506 4189 565 4249 per
579 4189 613 4231 se
628 4190 695 4232 non
713 4172 757 4231 sit
774 4170 927 4231 vlcerosis
949 4170 1063 4230 odiosa
1082 4169 1214 4230 veritas.
1257 4168 1407 4245 Denique
1428 4167 1509 4245 quid
1529 4169 1631 4229 iacias
1652 4170 1705 4232 his

446 4266 494 4314 190
506 4254 564 4330 qui
585 4272 657 4314 mea
679 4272 746 4313 non
765 4254 903 4332 legunt?
945 4252 1049 4330 Atqui
1062 4271 1101 4313 ea
1115 4252 1261 4312 maxima
1276 4250 1375 4311 turba
1389 4257 1450 4322 est,
1465 4271 1525 4312 neo
1540 4251 1600 4312 vlli
1615 4254 1703 4314 voci-

505 4334 656 4396 ferantur
682 4336 874 4414 improbius.
917 4335 958 4395 In
986 4340 1083 4396 tanta
1111 4336 1349 4395 sententiarum
1379 4335 1550 4407 varietate,
1573 4336 1608 4397 in
1631 4342 1704 4397 tam

507 4417 613 4479 surdis
632 4418 839 4491 clamoribus,
859 4417 938 4497 quid
958 4437 1010 4478 me
1028 4417 1120 4495 sequi
1138 4417 1252 4478 iubes?
1295 4416 1389 4477 Certe
1411 4417 1490 4478 haec
1508 4417 1589 4479 mihi
1609 4438 1704 4481 mens

506 4507 566 4575 est,
582 4507 621 4561 vt
635 4502 663 4562 si
676 4501 755 4580 quid
770 4501 823 4563 vel
837 4503 905 4582 ipse
918 4500 1195 4581 deprehenderem
1208 4502 1242 4560 in
1257 4499 1359 4573 libris,
1374 4500 1427 4560 vel
1438 4500 1523 4561 alius
1537 4521 1703 4564 common·

507 4590 638 4658 straret,
650 4584 738 4663 quod
754 4605 829 4646 vere
846 4589 1009 4664 pugnaret
1027 4603 1101 4645 cum
1119 4583 1309 4645 indubitata
1331 4585 1471 4644 veritate
1493 4584 1568 4646 fidei
1590 4585 1702 4648 catho-

542 4701 860 4766 167.a:emendata.l.
954 4704 1011 4764 187.
1029 4700 1350 4752 eiusmodi...vtcdd.
1363 4701 1400 4749 K.
1495 4700 1703 4761 192.a:iubes

506 4770 587 4834 sequi
598 4768 629 4819 J.

541 4863 1029 4967 159.·o{u1lri0m1sasu,.⁵,3.
1162 4901 1219 4964 185.
1237 4900 1355 4978 runem
1377 4900 1704 4963 uorumlroruusoee

505 4966 997 5101 ¹nt116‘yd'l0222u³s4c²d1am]SeeEpp.
1010 4981 1076 5031 2095
1127 4967 1347 5019 oiheretrossee
1384 4969 1576 5031 p.843.620n.
