4042 5900
449 666 511 727 224
774 660 972 724 LETTERS
993 660 1050 724 OF
1070 657 1275 724 ERASMUS
1549 664 1644 741 [1531

491 823 592 895 Haec,
618 822 669 882 vir
691 822 725 882 in
749 821 881 882 domino
904 820 1101 893 charissime,
1126 838 1193 881 non
1216 813 1435 892 admonerem,
1460 820 1523 881 nisi
1547 821 1644 883 vehe-

450 912 576 968 menter
602 924 745 967 amarem
769 905 907 983 insignia
929 903 981 965 dei
1005 905 1040 964 in
1065 910 1099 963 te
1122 903 1218 975 dona,
1233 909 1374 982 tuasque
1399 902 1645 966 lucubrationes

449 989 607 1051 eiusmodi
622 1007 772 1067 cuperem
787 989 876 1049 exire
893 993 932 1047 vt
945 992 980 1047 et
995 987 1110 1048 lectori
1127 986 1418 1066 quamplurimum
1436 987 1595 1049 Vtilitatis
1612 994 1647 1049 et

387 1092 437 1153 ⁶95
450 1073 513 1134 tibi
534 1091 633 1151 quam
655 1072 825 1132 minimum
851 1070 992 1131 inuidiae
1018 1070 1254 1131 conciliaretur.
1299 1068 1445 1143 Quodsi
1470 1089 1522 1131 me
1548 1071 1647 1131 simili

450 1156 611 1217 modestia
634 1155 808 1216 admonere
833 1153 1028 1232 dignaberis,
1054 1153 1231 1232 plurimam
1253 1173 1274 1214 a
1296 1173 1348 1215 me
1372 1153 1468 1214 inibis
1492 1155 1645 1233 gratiam.

450 1239 536 1300 Nam
552 1239 612 1299 hoc
627 1238 743 1299 suadet
757 1236 943 1299 Christiana
954 1236 1106 1309 charitas,
1115 1242 1154 1296 vt
1166 1236 1306 1297 vicissim
1321 1236 1377 1297 alii
1391 1236 1532 1298 aliorum
1547 1256 1649 1299 onera

451 1328 627 1402 portemus,
650 1322 839 1399 mutuisque
861 1320 968 1399 operis
986 1340 1046 1381 nos
1067 1321 1205 1381 inuicem
1223 1319 1440 1381 subleuemus.
1485 1320 1648 1382 Dominus

451 1411 527 1466 tuas
542 1406 612 1485 pias
627 1404 870 1465 lucubrationes
885 1422 1077 1483 prosperare
1092 1403 1253 1482 dignetur.

388 1517 439 1568 700
493 1489 618 1549 Datum
633 1487 721 1567 apud
737 1487 934 1566 Friburgum
946 1487 1121 1566 Brisgoiae‚
1131 1492 1226 1547 sexto
1240 1485 1399 1548 Calendas
1409 1486 1539 1567 Aprilis,
1551 1486 1650 1549 Anno

451 1591 472 1632 a
485 1571 615 1633 Christo
629 1577 710 1632 nato
725 1587 895 1632 unxxxr.

701 1838 860 1903 ²⁴²¹¹24tt.
907 1838 960 1903 To
983 1837 1145 1903 Nreonss
1168 1838 1395 1904 Maarsares.

488 1977 622 2033 Mallarii
636 1977 694 2047 Ep.
708 1975 869 2031 Musarum
884 1975 991 2030 Graec.
1006 1975 1210 2046 apologetica,
1399 1976 1560 2047 Freiburg.

526 2053 563 2107 i0.
577 2053 598 2106 b
610 2060 666 2107 2v0.
677 2056 726 2121 (a).
1354 2053 1390 2105 28
1402 2051 1511 2107 March
1527 2066 1612 2121 1531.

488 2128 520 2183 J.
527 2139 620 2257 IpB171
627 2127 697 2270 ἐξ
711 2144 742 2197 p.
757 2140 810 2195 35:
830 2125 870 2180 N.
884 2143 915 2197 p.
930 2129 1002 2192 966:
1023 2125 1122 2180 Lond.
1136 2143 1209 2180 xxv.
1226 2142 1278 2196 14:

486 2313 557 2374 [The
572 2312 720 2377 yeardate
733 2312 757 2361 is
775 2310 944 2375 necessarily
963 2324 1036 2373 1531,
1049 2312 1126 2362 since
1142 2312 1277 2363 Erasmus
1295 2312 1382 2363 refers
1400 2312 1429 2372 (l.
1444 2313 1538 2375 roa-3)
1550 2317 1583 2363 to
1600 2313 1653 2363 the

452 2380 582 2508 33⁸er
599 2380 734 2430 Albertus
746 2380 822 2438 Pius,
835 2379 927 2428 which
940 2379 1011 2428 took
1022 2377 1103 2444 place
1117 2379 1195 2445 early
1207 2380 1236 2429 in
1250 2393 1323 2442 1531.
1359 2380 1415 2430 For
1428 2398 1445 2428 α
1456 2394 1503 2429 see
1514 2379 1571 2444 Ep.
1584 2394 1654 2445 24²4

684 2569 837 2613 ERASMVS
853 2568 974 2612 norma.
991 2569 1140 2613 mcotso
1155 2570 1327 2614 nmmo
1342 2570 1368 2614 S.
1385 2570 1417 2614 D.

494 2662 571 2722 Nau
592 2668 629 2723 tu
649 2662 739 2735 mihi,
760 2660 889 2721 Mallari
909 2660 1106 2734 doctissime,
1126 2662 1467 2740 comico-tragoediam
1490 2681 1558 2723 non
1579 2668 1653 2724 tam

453 2746 624 2826 legendam
639 2745 818 2805 exhibuisti
832 2763 932 2822 quam
953 2745 1167 2823 spectandam
1182 2744 1243 2806 sub
1259 2745 1371 2806 oculos
1385 2746 1543 2825 posuisti:
1566 2765 1654 2824 qnae

453 2830 585 2909 quidem
600 2836 639 2890 vt
653 2828 734 2889 mihi
746 2828 909 2907 geminam
924 2829 1052 2907 peperit
1066 2829 1284 2908 voluptatem,
1299 2829 1348 2889 ita
1362 2828 1508 2890 dolorem
1520 2848 1655 2909 quoque

453 2913 616 2995 duplicem
631 2912 828 2974 conciliauit.

424 3025 440 3074 5
496 2999 642 3059 Primum
663 2997 751 3057 enim
770 2995 949 3056 delectauit
971 2997 1118 3056 animum
1140 3015 1248 3056 meum
1270 2995 1411 3074 epistola
1427 3002 1487 3057 tua
1506 3002 1578 3057 tam
1601 3017 1654 3059 co-

453 3083 554 3161 piosa,
571 3079 679 3140 verbis
699 3080 832 3158 optimis
853 3079 990 3140 adfabre
1012 3085 1149 3151 structa,
1172 3079 1369 3140 Graecarum
1392 3098 1511 3140 vocum
1530 3080 1654 3143 emble·

454 3166 552 3225 matis
567 3163 705 3224 subinde
719 3163 895 3241 picturata,
910 3170 1078 3242 postremo
1091 3162 1297 3243 lepidissimis
1312 3161 1436 3223 salibus
1450 3162 1655 3225 hilaritatem

454 3248 556 3308 animi
579 3247 629 3307 tui
652 3245 840 3307 declarans:
863 3265 930 3324 qua
955 3267 989 3306 re
1014 3246 1139 3307 iactum
1165 3252 1224 3317 est,
1250 3251 1289 3306 vt
1312 3247 1380 3324 ipse
1405 3265 1536 3325 quoque
1559 3248 1657 3309 iuxta

455 3331 550 3392 Pauli
564 3335 785 3410 praeceptum,
802 3349 876 3390 oum
891 3331 996 3390 amico
1010 3330 1175 3409 gaudente
1190 3329 1374 3408 gauderem,
1384 3337 1419 3390 et
1434 3350 1509 3391 curn
1524 3331 1656 3392 ridente

411 3441 442 3476 ιο
454 3415 598 3475 frontem
613 3414 861 3492 exporrigerem.

497 3497 623 3557 Deinde
638 3516 758 3575 magna
779 3516 851 3556 sum
872 3496 1009 3557 affectus
1026 3495 1163 3567 laetitia,
1182 3496 1270 3574 quod
1291 3495 1442 3557 Christus
1464 3496 1539 3578 Opt.
1564 3497 1654 3560 Max.

455 3581 558 3641 veluti
573 3580 613 3640 de
628 3580 780 3640 machina
795 3598 966 3658 apparens,
979 3579 1103 3640 laetum
1118 3579 1244 3639 exitum
1259 3580 1424 3641 addiderit
1441 3580 1656 3642 turbulentae

454 3664 596 3725 fabulae.
641 3663 769 3723 Rursus
783 3662 918 3735 indolui,
933 3662 1024 3741 quod
1038 3682 1140 3741 quum
1159 3681 1200 3722 ex
1220 3682 1293 3723 meo
1312 3663 1476 3741 colloquio
1494 3663 1575 3724 nihil
1594 3671 1657 3726 aut

455 3748 629 3808 minimum
643 3747 771 3807 fructus
791 3745 941 3806 retuleris
961 3749 1046 3820 (tum
1063 3747 1150 3806 enirn
1165 3752 1318 3825 coeperat
1335 3747 1490 3826 adrepere
1508 3747 1655 3821 morbus,

412 3856 442 3905 ¹5
456 3831 580 3909 alioqui
604 3850 663 3891 nec
693 3830 774 3890 alias
799 3831 833 3890 in
857 3829 1017 3889 eiusmodi
1039 3830 1264 3907 congressibus
1293 3830 1471 3890 admodum
1501 3831 1654 3905 officioso,

457 3915 555 3993 idque
564 3919 699 3993 propter
709 3914 938 3993 occupationes
947 3932 986 3973 ac
995 3911 1218 3973 valetudinem
1228 3915 1449 3992 potiusquam
1461 3912 1503 3974 ob
1515 3920 1656 3975 naturae

456 3999 600 4074 vicium),
616 4004 729 4057 tamen
743 4015 781 4057 ea
801 4016 851 4057 res
873 3996 935 4057 tibi
955 4002 1087 4056 tantum
1109 3996 1301 4057 conflauerit
1314 3996 1466 4070 inuidiae,
1482 3997 1575 4057 cuius
1589 3999 1654 4058 sin-

456 4082 578 4160 gularis
592 4081 713 4160 ingenii
727 4080 849 4140 candor
864 4080 947 4140 illud
960 4079 1218 4159 promerebatur,
1231 4087 1270 4140 vt
1281 4079 1380 4140 nullis
1391 4086 1540 4140 excetrae
1552 4080 1657 4141 sibilis

457 4163 623 4225 afflaretur
645 4183 801 4242 vnquam.
845 4162 932 4224 Nam
954 4164 994 4224 de
1016 4182 1068 4223 me
1090 4162 1162 4223 leue
1181 4163 1416 4224 detrimentum
1434 4170 1494 4234 est,
1512 4169 1547 4224 et
1561 4165 1590 4224 si
1603 4163 1656 4225 his

412 4270 445 4306 20
457 4247 536 4309 fatis
551 4254 650 4308 natus
665 4266 748 4318 sum,
764 4253 802 4307 vt
815 4246 898 4307 bene
912 4247 1036 4307 iaciens
1051 4246 1136 4307 male
1156 4247 1297 4320 audiam,
1314 4265 1380 4307 non
1396 4253 1528 4325 oportet
1542 4245 1656 4325 θεομα·

457 4335 532 4409 χεῖν.
575 4329 668 4391 Viuit
685 4330 840 4408 videtque
858 4349 918 4390 nos
937 4337 1049 4391 noster
1068 4329 1292 4409 agonothetes,
1313 4329 1399 4390 vnde
1419 4330 1578 4391 brabeum
1600 4350 1655 4392 ex·

458 4419 637 4493 pectamus,
653 4414 681 4473 si
694 4415 845 4491 gnauiter
860 4414 1102 4474 certauerimus.
1146 4412 1242 4486 Quod
1256 4415 1284 4474 si
1298 4414 1360 4474 tibi
1377 4415 1442 4474 ista
1456 4415 1658 4476 contumelia

459 4497 501 4558 ob
514 4495 637 4558 Christi
651 4515 771 4557 nomen
784 4497 901 4557 luisset
914 4496 1018 4569 illata,
1033 4516 1100 4558 non
1119 4498 1226 4558 solum
1247 4516 1313 4558 non
1328 4497 1531 4576 deplorarem
1550 4499 1656 4560 vicem

459 4587 562 4653 tuam,
577 4580 792 4641 verumetiam
807 4581 894 4640 inter
902 4580 1017 4641 beatos
1032 4600 1185 4659 ponerem
1201 4579 1319 4641 nomen
1333 4581 1482 4641 Mellarii.
1519 4580 1617 4642 Nunc
1629 4584 1657 4643 si

493 4691 569 4741 2465.
587 4693 645 4753 ⁶95·
664 4689 701 4739 J:
719 4689 807 4739 lector
819 4708 843 4738 α.
912 4692 972 4750 696.
991 4690 1173 4740 conciliarent
1188 4690 1219 4739 J.
1289 4704 1347 4753 701.
1365 4690 1508 4755 Brisgoiae
1521 4690 1568 4740 uN
1575 4710 1582 4740 ι
1601 4708 1655 4742 om.

459 4757 490 4807 J.
560 4770 617 4820 702.
636 4755 777 4807 aChristo
788 4762 858 4806 nato
871 4772 923 4806 om.
935 4756 966 4805 J.
1053 4757 1128 4806 2406:
1147 4771 1171 4806 2.
1190 4757 1288 4806 suba:
1307 4758 1344 4807 ob
1356 4758 1393 4807 K.

414 4912 421 4925 ·
460 4895 541 4939 ment
553 4889 641 4952 (1535)
656 4889 791 4939 Erasmus
805 4889 873 4939 calls
888 4890 1034 4941 attention
1083 4891 1511 4954 manyotherscholaracriticize
1518 4893 1658 4945 Jerome's

461 4962 493 5007 to
504 4956 554 5005 the
565 4957 624 5005 ires
635 4956 747 5006 fashion
758 4956 788 5006 in
800 4956 892 5005 which
903 4963 955 5007 not
966 4957 1035 5022 only
1084 4957 1240 5021 rendering,
1258 4958 1340 5007 while
1357 4958 1481 5022 denying
1497 4964 1529 5009 to
1542 4959 1658 5012 himseli

461 5021 601 5072 steuchus
607 5022 665 5072 and
672 5022 743 5072 Paul
750 5023 780 5073 oi
787 5021 972 5090 Middelburg‚
980 5025 1035 5075 but
1084 5024 1190 5074 similar
1201 5024 1336 5074 ireedom.
1371 5025 1427 5075 LB.
1441 5026 1478 5074 vi.
1492 5025 1522 5056 **
1534 5033 1595 5090 4v0.
