4042 5900
309 678 404 753 2522]
713 673 770 736 TO
790 672 948 737 JULIUS
970 672 1114 736 PFLUG
1444 673 1506 735 319

308 836 417 895 animo
438 833 518 894 mihi
539 852 605 895 non
624 832 737 912 liquet,
756 833 813 894 sed
831 840 942 894 tamen
960 833 1056 894 video
1070 832 1230 911 quosdam
1244 833 1428 894 sacerdotes
1442 833 1506 894 huc

309 923 465 997 spectare,
490 923 529 977 vt
553 918 707 995 quoniam
732 916 889 977 incendiis
913 916 1072 977 hactenus
1096 935 1212 995 parum
1237 915 1420 996 profectum
1445 921 1505 989 est,

309 1002 394 1061 ferro
405 1019 473 1060 rem
484 1005 609 1079 gerant.
652 999 724 1061 Hoc
739 1019 783 1061 an
795 1000 950 1078 expediat
963 1018 1073 1071 necne,
1084 1001 1183 1060 etiam
1196 1001 1223 1060 si
1233 999 1327 1060 nobis
1341 1001 1386 1060 sit
1399 1000 1506 1061 ocium

310 1105 329 1144 a
351 1083 466 1155 Turca,
489 1082 634 1144 nondum
657 1084 770 1143 statui.
814 1081 998 1143 Sanabilius
1020 1089 1106 1143 esset
1128 1082 1261 1155 malum,
1284 1084 1312 1143 si
1336 1084 1507 1161 vtriusque

311 1174 419 1227 status
440 1165 635 1227 monarchae
657 1168 799 1244 synceris
820 1166 938 1226 animis
962 1167 1170 1227 consentiant
1193 1165 1236 1227 ad
1258 1164 1507 1227 instaurandam
1520 1190 1553 1240 3⁰

310 1249 530 1328 euangelicam
549 1250 717 1328 pietatem.
762 1249 845 1310 Tum
866 1268 917 1310 res
936 1251 1166 1310 committatur
1183 1255 1315 1310 centum
1336 1255 1395 1309 aut
1414 1250 1506 1328 quin·

311 1335 468 1412 quaginta
486 1333 572 1405 viris,
587 1351 628 1393 ex
648 1332 776 1411 singula
794 1352 925 1410 quaque
944 1334 1077 1393 natione
1096 1332 1239 1404 delectis,
1259 1351 1341 1411 quos
1363 1339 1398 1393 et
1418 1333 1508 1393 vitae

311 1418 477 1487 sanctitas,
498 1422 533 1475 et
551 1415 692 1476 eruditio
710 1415 890 1493 singularis,
908 1420 943 1476 et
961 1415 1073 1476 iudicii
1093 1415 1273 1476 dexteritas
1292 1415 1506 1477 commendet.

311 1500 438 1559 Horum
447 1499 601 1577 suffragia
609 1518 666 1578 per
674 1500 843 1577 pauciores
851 1497 988 1559 selectos
996 1499 1506 1577 redigerenturincompendium.

311 1582 549 1661 Theologorum
574 1580 697 1660 placita
722 1586 933 1643 versarentur
956 1583 1046 1642 intre
1069 1581 1254 1643 scholarum
1276 1583 1427 1660 parietes,
1448 1600 1508 1642 nec
1522 1606 1554 1656 35

311 1664 478 1743 quaelibet
492 1666 661 1743 opiniones
675 1664 876 1725 haberentur
889 1683 949 1743 pro
962 1664 1110 1725 articulis
1120 1664 1205 1726 fidei.
1247 1663 1509 1727 constitutiones

312 1748 473 1826 quaedam
497 1748 744 1826 abrogarentur,
770 1748 931 1826 quaedam
959 1752 1167 1809 verterentur
1195 1749 1229 1809 in
1253 1748 1507 1810 exhortationes.

312 1832 408 1892 Esset
430 1837 542 1891 autem
568 1830 624 1891 illa
646 1850 726 1891 cura
745 1832 922 1911 praecipua
941 1832 1127 1910 principum
1148 1849 1187 1892 ac
1208 1831 1392 1905 ciuitatum,
1414 1838 1453 1892 vt
1475 1832 1509 1891 hi

311 1916 398 1993 gregi
413 1915 586 1975 Dominico
599 1913 860 1994 praeficerentur,
872 1915 929 1993 qui
940 1914 1042 1975 verbo
1056 1915 1108 1975 dei
1123 1920 1203 1975 suut
1214 1915 1377 1987 instructi,
1389 1915 1507 1975 exerci-

312 1999 440 2075 tatique
462 1997 505 2058 ad
530 1997 754 2070 erudiendum,
780 1997 825 2059 ad
849 1996 1100 2068 exhortandum,
1126 1997 1169 2058 ad
1193 1998 1439 2070 consolandum,
1465 1997 1556 2072 ed40

311 2081 557 2160 increpandum,
572 2080 616 2141 ad
630 2079 879 2141 confutandum.
916 2080 1014 2142 Nunc
1025 2100 1107 2159 quos
1121 2088 1272 2161 satrapas
1286 2081 1383 2142 alunt
1397 2100 1508 2142 mone·

312 2165 487 2225 steriorum
508 2170 569 2225 aut
589 2163 797 2225 ecclesiarum
819 2163 962 2226 reditus!
994 2164 1140 2243 Populus
1164 2165 1295 2225 interim
1317 2184 1376 2244 per
1397 2183 1510 2226 omnes

312 2254 418 2308 sectas
438 2247 588 2319 fluctuat,
604 2247 697 2308 velut
716 2266 794 2308 oues
813 2246 969 2309 disiectae
985 2266 1023 2307 ao
1038 2254 1171 2326 pastore
1184 2248 1383 2309 destitutae:
1406 2267 1508 2327 quan·

313 2350 413 2408 quam
435 2331 487 2391 hic
509 2350 648 2409 quoque,
670 2331 754 2409 proh
775 2330 878 2403 dolor,
900 2349 1023 2409 paucas
1044 2330 1156 2392 videas
1178 2350 1265 2404 oues,
1288 2331 1349 2391 hoc
1370 2338 1430 2403 est,
1453 2332 1510 2410 qui

313 2413 503 2493 simpliciter
513 2420 633 2486 errent,
643 2433 681 2474 22
693 2433 759 2474 222
769 2415 880 2493 potius
891 2413 1062 2475 obstinata
1071 2413 1200 2475 malicia
1210 2420 1353 2493 peccent.
1390 2414 1510 2476 Vereor
1523 2438 1556 2490 45

313 2517 353 2556 ne
367 2497 461 2558 uobis
476 2498 616 2569 eueniat,
638 2497 726 2574 quod
747 2498 831 2558 solet
850 2499 885 2557 in
903 2496 1015 2557 bellis:
1038 2496 1096 2557 vbi
1112 2516 1189 2577 pars
1204 2503 1345 2575 vtraque
1359 2503 1510 2558 saturata

313 2588 364 2640 est
393 2579 647 2651 calamitatibus,
677 2586 749 2640 tum
780 2580 913 2640 demum
946 2580 1109 2659 incipiunt
1140 2582 1264 2659 agitare
1297 2580 1337 2640 de
1370 2581 1508 2641 foedere.

314 2663 426 2723 Altera
442 2682 517 2742 pars
531 2669 658 2723 statum
673 2662 927 2724 ecclesiasticum
942 2682 1076 2742 prorsus
1090 2662 1259 2723 sublatum
1275 2663 1391 2735 tendit,
1406 2663 1511 2723 altera

314 2747 540 2807 correctiorem
554 2765 624 2807 esse
642 2765 709 2807 non
724 2745 806 2805 vult.
850 2745 971 2807 Omnes
990 2745 1151 2807 muudum
1166 2748 1199 2807 in
1213 2752 1345 2826 pectore
1358 2747 1509 2825 gerimus,

314 2838 348 2890 et
370 2836 408 2889 vt
430 2830 551 2889 terreni
572 2849 694 2902 sumne,
717 2830 765 2889 ita
787 2836 918 2890 terrena
940 2830 1086 2907 sapimus
1109 2849 1148 2890 ac
1171 2828 1352 2908 loquimur:
1383 2831 1511 2890 vtinam
1524 2857 1557 2907 50

314 2914 475 2975 Dominus
489 2919 523 2974 et
538 2913 588 2974 his
603 2920 638 2974 et
651 2912 715 2974 illis
730 2914 854 2974 inserat
867 2932 924 2975 cor
938 2931 1071 2974 nouum.

356 2996 442 3058 Sunt
466 2997 532 3057 alia
555 3015 639 3075 quae
664 3003 806 3058 nonest
830 3002 940 3057 tutum
967 2996 1088 3057 litteris
1111 2997 1324 3068 committere,
1347 3000 1420 3056 tum
1443 2997 1512 3057 eius

314 3082 449 3158 generis,
473 3087 511 3140 vt
532 3087 647 3159 optare
671 3080 770 3141 liceat
793 3081 890 3140 citius
915 3098 1015 3158 quem
1040 3098 1178 3159 sperare.
1222 3079 1292 3158 Ego
1314 3079 1420 3140 fessus
1444 3098 1513 3140 non

315 3170 385 3223 tam
411 3169 530 3236 aetate,
556 3182 655 3242 quam
680 3162 879 3235 valetudine,
905 3181 1005 3241 quam
1034 3169 1087 3223 222
1115 3163 1204 3235 rixis,
1230 3168 1284 3223 tot
1311 3163 1433 3241 iurgiis,
1460 3169 1513 3223 tot

315 3247 498 3318 calumniis,
524 3252 578 3307 tot
602 3246 890 3318 oblatrationibus,
916 3246 1107 3307 iamdudum
1133 3247 1241 3324 cogito
1269 3264 1321 3306 me
1346 3247 1380 3306 in
1405 3247 1512 3307 ocium
1526 3273 1558 3324 55

315 3331 473 3409 recipere:
495 3330 584 3407 quod
598 3336 712 3391 tamen
727 3330 769 3390 ab
787 3331 898 3392 animo
917 3348 990 3390 meo
1009 3336 1120 3408 petam
1141 3348 1270 3390 necesse
1289 3335 1349 3401 est,
1370 3330 1431 3391 hoc
1451 3335 1512 3402 222,

316 3419 354 3472 vt
363 3413 453 3491 quod
462 3413 687 3492 tuprudenter
697 3413 795 3474 simul
803 3420 839 3473 et
847 3419 998 3474 amanter
1008 3412 1136 3485 suades,
1147 3413 1326 3473 secundum
1335 3411 1513 3484 Christum,

315 3502 349 3556 et
375 3504 482 3556 rectae
505 3496 690 3557 voluntatis
715 3497 958 3568 conscientiam,
982 3497 1017 3556 in
1042 3495 1202 3557 bonorum
1225 3497 1370 3557 virorum
1395 3495 1514 3556 iudicio

315 3581 552 3657 conquiescam.
591 3579 675 3640 Fata
690 3581 778 3640 viam
793 3581 973 3652 inueniant,
988 3599 1146 3659 speroque
1162 3578 1221 3639 hos
1236 3598 1347 3640 omnes
1360 3578 1514 3639 ecclesiae

317 3662 482 3722 tumultus
496 3661 629 3724 tandem
641 3664 675 3723 in
687 3663 808 3724 bonam
819 3662 1066 3741 catastropham
1077 3663 1234 3735 exituros,
1245 3661 1385 3722 artificio
1396 3662 1515 3722 summi
1527 3680 1562 3728 ω

318 3746 404 3806 illius
416 3747 557 3824 choragi,
569 3747 662 3806 cuius
673 3745 880 3807 inscrutabili
890 3745 1025 3807 consilio
1036 3765 1087 3806 res
1098 3745 1268 3807 hominum
1279 3751 1514 3825 temperantur.

317 3828 356 3888 ld
386 3831 413 3887 si
443 3848 494 3889 me
523 3831 700 3908 superstite
728 3830 909 3909 contingat,
934 3848 1040 3908 aequo
1068 3831 1179 3890 animo
1207 3828 1324 3900 dicam,
1349 3827 1457 3888 valete
1481 3834 1516 3888 et

317 3912 474 3990 plaudite.
518 3910 576 3972 Sin
602 3912 662 3972 hoc
687 3932 754 3974 non
776 3931 1009 3992 promeremur,
1036 3913 1188 3973 dominus
1212 3918 1274 3983 est,
1300 3910 1402 3972 iaciat
1426 3911 1516 3990 quod

318 3997 420 4073 ipsius
442 4000 578 4056 aeterna
598 3995 755 4056 voluntas
776 3995 930 4057 decreuit.
974 3995 1125 4074 Aequum
1149 4000 1201 4054 est
1223 4013 1284 4055 nos
1307 4014 1368 4074 pro
1389 3996 1517 4073 optimo

317 4078 443 4150 ducere,
459 4078 615 4157 quicquid
630 4079 684 4140 ille
698 4080 828 4152 statuit,
844 4098 911 4158 quo
923 4078 1005 4139 nihil
1020 4097 1090 4139 esse
1103 4084 1215 4158 potest
1229 4076 1355 4139 melius.
1528 4097 1563 4156 ⁶5

359 4161 451 4221 Exiit
466 4163 579 4240 ingens
594 4162 748 4222 volumen
762 4161 891 4224 Alberti
906 4162 965 4234 Pii,
978 4162 1144 4240 quondam
1158 4160 1339 4240 Carporum
1350 4160 1516 4240 principis,

317 4251 394 4322 post
402 4244 508 4305 exulis
519 4244 608 4324 apud
619 4244 740 4318 Gallos,
750 4245 868 4307 deinde
879 4245 1113 4324 sycophantae,
1123 4251 1289 4323 postremo
1298 4244 1515 4305 Franciscani.

318 4328 403 4387 Nam
426 4333 667 4389 sacrosanctam
688 4328 778 4389 illam
798 4335 925 4389 vestem
944 4329 1053 4389 induit
1072 4328 1184 4389 triduo
1203 4329 1394 4407 priusquam
1414 4346 1516 4389 more·

319 4418 418 4471 retur.
463 4410 515 4472 Sic
539 4431 665 4472 mecum
691 4413 770 4490 agit,
796 4413 890 4490 quasi
915 4431 974 4490 ego
999 4412 1152 4473 damnem
1178 4412 1289 4472 omnia
1317 4429 1401 4489 quse
1425 4409 1516 4483 iacit,

318 4494 455 4555 docetue
470 4494 613 4567 ecelesia,
626 4514 684 4554 nec
698 4495 819 4574 puduit
828 4494 993 4555 hominem
1004 4495 1195 4575 principem,
1207 4512 1328 4565 senem,
1340 4512 1378 4553 ac
1390 4493 1518 4554 diutina
1531 4526 1564 4575 70

318 4577 508 4637 valetudine
522 4578 765 4650 moribundum,
781 4577 920 4656 denique
935 4579 999 4639 iam
1016 4576 1191 4656 Seraphico
1205 4576 1359 4638 sodalitio
1374 4576 1516 4637 destina·

320 4667 401 4731 tum,
417 4660 601 4721 manifestis
615 4660 794 4722 mendaciis
808 4662 958 4740 proximo
975 4660 1149 4740 capitalem
1166 4667 1292 4722 struere
1309 4659 1516 4720 calumniam.

354 4841 428 4892 53-4.
447 4844 505 4878 non
512 4835 574 4879 tam
582 4827 740 4889 aetateJGi.
750 4827 805 4893 Ep.
815 4830 891 4892 24⁶5·
943 4827 1061 4886 Badius,
1073 4841 1091 4887 9
1102 4826 1200 4878 March
1213 4838 1287 4890 1531.

320 4897 399 4958 368n.
976 4897 1019 4958 67.
1037 4900 1183 4959 postremo
1198 4890 1388 4952 Franciscani]
1405 4889 1448 4940 Gi.
1462 4890 1517 4956 Ep.

354 4965 396 5012 66.
415 4961 560 5023 volumen]
597 4962 634 5012 In
671 4962 743 5012 22222
779 4960 894 5011 Brasiai
944 4964 1094 5025 2441.65n.

321 5029 542 5080 lucubrationum
576 5029 768 5087 retractandos,
804 5027 893 5084 Paris.
