<?xml version="1.0" encoding="UTF-8"?>
<!DOCTYPE html PUBLIC "-//W3C//DTD XHTML 1.0 Transitional//EN"
    "http://www.w3.org/TR/xhtml1/DTD/xhtml1-transitional.dtd">
<html xmlns="http://www.w3.org/1999/xhtml" xml:lang="en" lang="en">
 <head>
  <title>
</title>
<meta http-equiv="Content-Type" content="text/html;charset=utf-8" />
  <meta name='ocr-system' content='tesseract 3.04.00' />
  <meta name='ocr-capabilities' content='ocr_page ocr_carea ocr_par ocr_line ocrx_word'/>
</head>
<body>
  <div class='ocr_page' id='page_1' title='image "./opusepistolarum02garrgoog_0055.png"; bbox 0 0 4042 5900; ppageno 0'>
   <div class='ocr_carea' id='block_1_1' title="bbox 387 661 1585 743">
    <p class='ocr_par' dir='ltr' id='par_1_1' title="bbox 387 661 1585 743">
     <span class='ocr_line' id='line_1_1' title="bbox 387 661 1585 743; baseline -0.002 -18"><span class='ocrx_word' id='word_1_1' title='bbox 387 666 485 743; x_wconf 85' lang='lat'><strong>2372]</strong></span> <span class='ocrx_word' id='word_1_2' title='bbox 674 661 797 724; x_wconf 86' lang='lat' dir='ltr'><strong>FROM</strong></span> <span class='ocrx_word' id='word_1_3' title='bbox 819 661 1037 725; x_wconf 82' lang='lat' dir='ltr'>BONIFAOE</span> <span class='ocrx_word' id='word_1_4' title='bbox 1058 661 1302 725; x_wconf 85' lang='lat' dir='ltr'><strong>AMERBAOH</strong></span> <span class='ocrx_word' id='word_1_5' title='bbox 1545 663 1585 724; x_wconf 81' lang='lat'><strong>23</strong></span> 
     </span>
    </p>
   </div>
   <div class='ocr_carea' id='block_1_2' title="bbox 386 820 1632 1716">
    <p class='ocr_par' dir='ltr' id='par_1_2' title="bbox 387 820 1585 1068">
     <span class='ocr_line' id='line_1_2' title="bbox 387 820 1583 902; baseline -0.003 -18"><span class='ocrx_word' id='word_1_6' title='bbox 387 822 605 902; x_wconf 83' lang='lat' dir='ltr'><strong>Euangelicus</strong></span> <span class='ocrx_word' id='word_1_7' title='bbox 626 821 730 894; x_wconf 91' lang='lat' dir='ltr'><strong>ludos,</strong></span> <span class='ocrx_word' id='word_1_8' title='bbox 754 822 811 900; x_wconf 93' lang='lat' dir='ltr'><strong>qui</strong></span> <span class='ocrx_word' id='word_1_9' title='bbox 835 822 869 882; x_wconf 92' lang='lat' dir='ltr'><strong>in</strong></span> <span class='ocrx_word' id='word_1_10' title='bbox 893 821 1013 882; x_wconf 87' lang='lat' dir='ltr'><strong>bonam</strong></span> <span class='ocrx_word' id='word_1_11' title='bbox 1039 822 1145 881; x_wconf 90' lang='lat' dir='ltr'><strong>noctis</strong></span> <span class='ocrx_word' id='word_1_12' title='bbox 1170 828 1299 901; x_wconf 85' lang='lat' dir='ltr'><strong>partem</strong></span> <span class='ocrx_word' id='word_1_13' title='bbox 1325 820 1583 900; x_wconf 79' lang='lat' dir='ltr'><strong>proferebantur,</strong></span> 
     </span>
     <span class='ocr_line' id='line_1_3' title="bbox 387 904 1585 986; baseline -0.003 -18"><span class='ocrx_word' id='word_1_14' title='bbox 387 912 527 986; x_wconf 89' lang='lat' dir='ltr'><strong>spectat,</strong></span> <span class='ocrx_word' id='word_1_15' title='bbox 548 906 672 985; x_wconf 81' lang='lat' dir='ltr'>insigne</span> <span class='ocrx_word' id='word_1_16' title='bbox 694 905 745 966; x_wconf 90' lang='lat' dir='ltr'><strong>sui</strong></span> <span class='ocrx_word' id='word_1_17' title='bbox 765 904 989 984; x_wconf 70' lang='lat' dir='ltr'>spectaculum</span> <span class='ocrx_word' id='word_1_18' title='bbox 1010 904 1171 977; x_wconf 81' lang='lat' dir='ltr'><strong>exhibuit,</strong></span> <span class='ocrx_word' id='word_1_19' title='bbox 1193 923 1309 983; x_wconf 81' lang='lat' dir='ltr'><strong>nempe</strong></span> <span class='ocrx_word' id='word_1_20' title='bbox 1330 905 1364 964; x_wconf 93' lang='lat' dir='ltr'><strong>in</strong></span> <span class='ocrx_word' id='word_1_21' title='bbox 1385 910 1473 985; x_wconf 91' lang='lat' dir='ltr'><strong>toga,</strong></span> <span class='ocrx_word' id='word_1_22' title='bbox 1495 904 1585 984; x_wconf 92' lang='lat' dir='ltr'><strong>quod</strong></span> 
     </span>
     <span class='ocr_line' id='line_1_4' title="bbox 388 987 1145 1068; baseline -0.004 -17"><span class='ocrx_word' id='word_1_23' title='bbox 388 989 519 1062; x_wconf 90' lang='lat' dir='ltr'><strong>dicitur,</strong></span> <span class='ocrx_word' id='word_1_24' title='bbox 534 988 688 1050; x_wconf 86' lang='lat' dir='ltr'><strong>saltantis</strong></span> <span class='ocrx_word' id='word_1_25' title='bbox 702 1007 875 1068; x_wconf 81' lang='lat' dir='ltr'><strong>personam</strong></span> <span class='ocrx_word' id='word_1_26' title='bbox 889 1007 967 1068; x_wconf 89' lang='lat' dir='ltr'><strong>prae</strong></span> <span class='ocrx_word' id='word_1_27' title='bbox 981 1007 1016 1049; x_wconf 88' lang='lat' dir='ltr'><strong>se</strong></span> <span class='ocrx_word' id='word_1_28' title='bbox 1029 987 1145 1049; x_wconf 82' lang='lat' dir='ltr'><strong>ferens.</strong></span> 
     </span>
    </p>

    <p class='ocr_par' dir='ltr' id='par_1_3' title="bbox 386 1070 1632 1650">
     <span class='ocr_line' id='line_1_5' title="bbox 430 1070 1583 1152; baseline -0.001 -19"><span class='ocrx_word' id='word_1_29' title='bbox 430 1071 548 1152; x_wconf 83' lang='lat' dir='ltr'><strong>Capito</strong></span> <span class='ocrx_word' id='word_1_30' title='bbox 575 1071 646 1133; x_wconf 88' lang='lat' dir='ltr'><strong>heri</strong></span> <span class='ocrx_word' id='word_1_31' title='bbox 673 1072 820 1145; x_wconf 90' lang='lat' dir='ltr'><strong>aduenit,</strong></span> <span class='ocrx_word' id='word_1_32' title='bbox 842 1072 934 1133; x_wconf 91' lang='lat' dir='ltr'><strong>cuius</strong></span> <span class='ocrx_word' id='word_1_33' title='bbox 954 1090 1055 1131; x_wconf 89' lang='lat' dir='ltr'><strong>cause</strong></span> <span class='ocrx_word' id='word_1_34' title='bbox 1083 1070 1230 1132; x_wconf 89' lang='lat' dir='ltr'><strong>nondum</strong></span> <span class='ocrx_word' id='word_1_35' title='bbox 1259 1070 1451 1132; x_wconf 80' lang='lat' dir='ltr'><strong>subodorari</strong></span> <span class='ocrx_word' id='word_1_36' title='bbox 1480 1070 1583 1132; x_wconf 88' lang='lat' dir='ltr'><strong>licuit.</strong></span> 
     </span>
     <span class='ocr_line' id='line_1_6' title="bbox 388 1152 1630 1233; baseline -0.002 -16"><span class='ocrx_word' id='word_1_37' title='bbox 388 1155 618 1217; x_wconf 84' lang='lat' dir='ltr'><strong>Annunciatur</strong></span> <span class='ocrx_word' id='word_1_38' title='bbox 640 1174 727 1215; x_wconf 92' lang='lat' dir='ltr'><strong>nunc</strong></span> <span class='ocrx_word' id='word_1_39' title='bbox 749 1174 825 1215; x_wconf 91' lang='lat' dir='ltr'><strong>eum</strong></span> <span class='ocrx_word' id='word_1_40' title='bbox 848 1174 923 1215; x_wconf 92' lang='lat' dir='ltr'><strong>cum</strong></span> <span class='ocrx_word' id='word_1_41' title='bbox 946 1152 1199 1233; x_wconf 87' lang='lat' dir='ltr'><strong>Oecolampedio</strong></span> <span class='ocrx_word' id='word_1_42' title='bbox 1223 1154 1380 1233; x_wconf 88' lang='lat' dir='ltr'><strong>Tigurum</strong></span> <span class='ocrx_word' id='word_1_43' title='bbox 1401 1154 1630 1227; x_wconf 83' lang='lat' dir='ltr'><strong>ascendere.15</strong></span> 
     </span>
     <span class='ocr_line' id='line_1_7' title="bbox 387 1236 1586 1319; baseline -0.002 -19"><span class='ocrx_word' id='word_1_44' title='bbox 387 1238 631 1319; x_wconf 90' lang='lat' dir='ltr'><strong>Oecolampedii</strong></span> <span class='ocrx_word' id='word_1_45' title='bbox 652 1237 808 1311; x_wconf 91' lang='lat' dir='ltr'><strong>libellum,</strong></span> <span class='ocrx_word' id='word_1_46' title='bbox 830 1237 915 1311; x_wconf 82' lang='lat' dir='ltr'><strong>Quid</strong></span> <span class='ocrx_word' id='word_1_47' title='bbox 936 1246 1064 1300; x_wconf 89' lang='lat' dir='ltr'><strong>veteres</strong></span> <span class='ocrx_word' id='word_1_48' title='bbox 1085 1244 1157 1298; x_wconf 92' lang='lat' dir='ltr'><strong>tum</strong></span> <span class='ocrx_word' id='word_1_49' title='bbox 1179 1236 1294 1299; x_wconf 84' lang='lat' dir='ltr'><strong>Graeci</strong></span> <span class='ocrx_word' id='word_1_50' title='bbox 1319 1244 1391 1298; x_wconf 91' lang='lat' dir='ltr'><strong>tum</strong></span> <span class='ocrx_word' id='word_1_51' title='bbox 1413 1237 1524 1298; x_wconf 90' lang='lat' dir='ltr'><strong>Latini</strong></span> <span class='ocrx_word' id='word_1_52' title='bbox 1544 1236 1586 1298; x_wconf 89' lang='lat' dir='ltr'><strong>de</strong></span> 
     </span>
     <span class='ocr_line' id='line_1_8' title="bbox 387 1321 1585 1395; baseline -0.003 -12"><span class='ocrx_word' id='word_1_53' title='bbox 387 1321 598 1383; x_wconf 83' lang='lat' dir='ltr'><strong>Eucharistia</strong></span> <span class='ocrx_word' id='word_1_54' title='bbox 630 1323 798 1395; x_wconf 91' lang='lat' dir='ltr'><strong>senserint,</strong></span> <span class='ocrx_word' id='word_1_55' title='bbox 828 1321 948 1382; x_wconf 89' lang='lat' dir='ltr'><strong>videris</strong></span> <span class='ocrx_word' id='word_1_56' title='bbox 976 1340 1077 1382; x_wconf 90' lang='lat' dir='ltr'><strong>necne</strong></span> <span class='ocrx_word' id='word_1_57' title='bbox 1105 1321 1234 1394; x_wconf 92' lang='lat' dir='ltr'><strong>dubius,</strong></span> <span class='ocrx_word' id='word_1_58' title='bbox 1263 1322 1372 1381; x_wconf 89' lang='lat' dir='ltr'><strong>mitto.</strong></span> <span class='ocrx_word' id='word_1_59' title='bbox 1424 1321 1495 1394; x_wconf 84' lang='lat' dir='ltr'><strong>Est,</strong></span> <span class='ocrx_word' id='word_1_60' title='bbox 1524 1321 1585 1380; x_wconf 92' lang='lat' dir='ltr'><strong>nisi</strong></span> 
     </span>
     <span class='ocr_line' id='line_1_9' title="bbox 387 1403 1585 1483; baseline -0.003 -17"><span class='ocrx_word' id='word_1_61' title='bbox 387 1405 496 1478; x_wconf 80' lang='lat' dir='ltr'><strong>fallar,</strong></span> <span class='ocrx_word' id='word_1_62' title='bbox 511 1425 570 1466; x_wconf 92' lang='lat' dir='ltr'><strong>cur</strong></span> <span class='ocrx_word' id='word_1_63' title='bbox 584 1425 604 1466; x_wconf 91' lang='lat' dir='ltr'><strong>a</strong></span> <span class='ocrx_word' id='word_1_64' title='bbox 618 1411 653 1466; x_wconf 91' lang='lat' dir='ltr'><strong>te</strong></span> <span class='ocrx_word' id='word_1_65' title='bbox 667 1405 771 1466; x_wconf 88' lang='lat' dir='ltr'><strong>lectus</strong></span> <span class='ocrx_word' id='word_1_66' title='bbox 787 1424 856 1465; x_wconf 86' lang='lat' dir='ltr'><strong>esse</strong></span> <span class='ocrx_word' id='word_1_67' title='bbox 870 1404 998 1466; x_wconf 90' lang='lat' dir='ltr'><strong>debeat.</strong></span> <span class='ocrx_word' id='word_1_68' title='bbox 1043 1404 1108 1465; x_wconf 90' lang='lat' dir='ltr'><strong>Pro</strong></span> <span class='ocrx_word' id='word_1_69' title='bbox 1123 1404 1206 1465; x_wconf 87' lang='lat' dir='ltr'><strong>Zesii</strong></span> <span class='ocrx_word' id='word_1_70' title='bbox 1217 1403 1376 1483; x_wconf 73' lang='lat' dir='ltr'><strong>Apologia</strong></span> <span class='ocrx_word' id='word_1_71' title='bbox 1390 1405 1512 1483; x_wconf 82' lang='lat' dir='ltr'><strong>gratias</strong></span> <span class='ocrx_word' id='word_1_72' title='bbox 1523 1403 1585 1464; x_wconf 87' lang='lat' dir='ltr'><strong>tibi</strong></span> 
     </span>
     <span class='ocr_line' id='line_1_10' title="bbox 386 1486 1632 1650; baseline -0.002 -17"><span class='ocrx_word' id='word_1_73' title='bbox 386 1489 816 1634; x_wconf 52' lang='lat' dir='ltr'><strong>mafometh</strong></span> <span class='ocrx_word' id='word_1_74' title='bbox 831 1507 1201 1650; x_wconf 43' lang='lat' dir='ltr'><strong>thadat..</strong></span> <span class='ocrx_word' id='word_1_75' title='bbox 1217 1486 1313 1632; x_wconf 54' lang='lat' dir='ltr'><strong>lili,</strong></span> <span class='ocrx_word' id='word_1_76' title='bbox 1328 1487 1585 1631; x_wconf 57' lang='lat' dir='ltr'><strong>lllxlm</strong></span> <span class='ocrx_word' id='word_1_77' title='bbox 1598 1594 1632 1631; x_wconf 73' lang='lat'><strong>20</strong></span> 
     </span>
    </p>

    <p class='ocr_par' dir='ltr' id='par_1_4' title="bbox 933 1653 1541 1716">
     <span class='ocr_line' id='line_1_11' title="bbox 933 1653 1541 1716; baseline -0.002 -1"><span class='ocrx_word' id='word_1_78' title='bbox 933 1654 1024 1715; x_wconf 90' lang='lat' dir='ltr'><strong>Tuus</strong></span> <span class='ocrx_word' id='word_1_79' title='bbox 1042 1674 1084 1715; x_wconf 87' lang='lat' dir='ltr'><strong>ex</strong></span> <span class='ocrx_word' id='word_1_80' title='bbox 1098 1656 1208 1716; x_wconf 90' lang='lat' dir='ltr'><strong>animo</strong></span> <span class='ocrx_word' id='word_1_81' title='bbox 1223 1653 1282 1715; x_wconf 93' lang='lat' dir='ltr'><strong>Bo.</strong></span> <span class='ocrx_word' id='word_1_82' title='bbox 1298 1653 1541 1715; x_wconf 88' lang='lat' dir='ltr'><strong>Amerbachius.</strong></span> 
     </span>
    </p>
   </div>
   <div class='ocr_carea' id='block_1_3' title="bbox 671 1849 1305 1927">
    <p class='ocr_par' dir='ltr' id='par_1_5' title="bbox 671 1849 1305 1927">
     <span class='ocr_line' id='line_1_12' title="bbox 671 1849 1305 1927; baseline 0.002 -11"><span class='ocrx_word' id='word_1_83' title='bbox 671 1855 770 1918; x_wconf 81' lang='lat'>2373.</span> <span class='ocrx_word' id='word_1_84' title='bbox 818 1852 926 1917; x_wconf 81' lang='lat' dir='ltr'><strong>Facu</strong></span> <span class='ocrx_word' id='word_1_85' title='bbox 942 1849 1111 1917; x_wconf 70' lang='lat' dir='ltr'><strong>Caranus</strong></span> <span class='ocrx_word' id='word_1_86' title='bbox 1128 1849 1305 1927; x_wconf 74' lang='lat' dir='ltr'><strong>Sucubuc.</strong></span> 
     </span>
    </p>
   </div>
   <div class='ocr_carea' id='block_1_4' title="bbox 386 1963 1631 3954">
    <p class='ocr_par' dir='ltr' id='par_1_6' title="bbox 426 1963 1491 2036">
     <span class='ocr_line' id='line_1_13' title="bbox 426 1963 1491 2036; baseline -0.002 -16"><span class='ocrx_word' id='word_1_87' title='bbox 426 1963 908 2036; x_wconf 82' lang='lat' dir='ltr'><strong>BreslauMS.Rehd.254.145.</strong></span> <span class='ocrx_word' id='word_1_88' title='bbox 1345 1964 1491 2036; x_wconf 85' lang='lat' dir='ltr'><strong>Bourges.</strong></span> 
     </span>
    </p>

    <p class='ocr_par' dir='ltr' id='par_1_7' title="bbox 427 2040 1547 2111">
     <span class='ocr_line' id='line_1_14' title="bbox 427 2040 1547 2111; baseline 0 -16"><span class='ocrx_word' id='word_1_89' title='bbox 427 2041 506 2096; x_wconf 75' lang='lat' dir='ltr'><strong>Eli&#39;.</strong></span> <span class='ocrx_word' id='word_1_90' title='bbox 520 2042 567 2111; x_wconf 90' lang='lat'><strong>87.</strong></span> <span class='ocrx_word' id='word_1_91' title='bbox 1281 2054 1314 2109; x_wconf 86' lang='lat'><strong>31</strong></span> <span class='ocrx_word' id='word_1_92' title='bbox 1330 2040 1452 2110; x_wconf 78' lang='lat' dir='ltr'><strong>August</strong></span> <span class='ocrx_word' id='word_1_93' title='bbox 1466 2053 1547 2109; x_wconf 83' lang='lat'>1530.</span> 
     </span>
    </p>

    <p class='ocr_par' dir='ltr' id='par_1_8' title="bbox 386 2140 1586 2274">
     <span class='ocr_line' id='line_1_15' title="bbox 422 2140 1586 2209; baseline 0.001 -16"><span class='ocrx_word' id='word_1_94' title='bbox 422 2142 481 2204; x_wconf 83' lang='lat' dir='ltr'><strong>[An</strong></span> <span class='ocrx_word' id='word_1_95' title='bbox 492 2140 611 2207; x_wconf 83' lang='lat' dir='ltr'><strong>original</strong></span> <span class='ocrx_word' id='word_1_96' title='bbox 621 2141 715 2201; x_wconf 86' lang='lat' dir='ltr'><strong>letter,</strong></span> <span class='ocrx_word' id='word_1_97' title='bbox 727 2142 889 2206; x_wconf 84' lang='lat' dir='ltr'><strong>autogreph</strong></span> <span class='ocrx_word' id='word_1_98' title='bbox 898 2141 1084 2207; x_wconf 87' lang='lat' dir='ltr'><strong>throughout.</strong></span> <span class='ocrx_word' id='word_1_99' title='bbox 1118 2141 1179 2191; x_wconf 84' lang='lat' dir='ltr'><strong>The</strong></span> <span class='ocrx_word' id='word_1_100' title='bbox 1187 2142 1335 2207; x_wconf 84' lang='lat' dir='ltr'><strong>year-date</strong></span> <span class='ocrx_word' id='word_1_101' title='bbox 1347 2143 1371 2192; x_wconf 89' lang='lat' dir='ltr'><strong>is</strong></span> <span class='ocrx_word' id='word_1_102' title='bbox 1382 2142 1535 2193; x_wconf 75' lang='lat' dir='ltr'><strong>continued</strong></span> <span class='ocrx_word' id='word_1_103' title='bbox 1546 2144 1586 2209; x_wconf 83' lang='lat' dir='ltr'><strong>by</strong></span> 
     </span>
     <span class='ocr_line' id='line_1_16' title="bbox 386 2209 837 2274; baseline -0.007 -13"><span class='ocrx_word' id='word_1_104' title='bbox 386 2209 505 2274; x_wconf 87' lang='lat' dir='ltr'><strong>Viglius&#39;</strong></span> <span class='ocrx_word' id='word_1_105' title='bbox 518 2214 696 2260; x_wconf 84' lang='lat' dir='ltr'><strong>movements</strong></span> <span class='ocrx_word' id='word_1_106' title='bbox 708 2209 738 2270; x_wconf 82' lang='lat' dir='ltr'><strong>(l.</strong></span> <span class='ocrx_word' id='word_1_107' title='bbox 750 2210 837 2273; x_wconf 80' lang='lat' dir='ltr'><strong>44n).]</strong></span> 
     </span>
    </p>

    <p class='ocr_par' dir='ltr' id='par_1_9' title="bbox 386 2291 1631 3954">
     <span class='ocr_line' id='line_1_17' title="bbox 430 2291 1584 2371; baseline 0.001 -18"><span class='ocrx_word' id='word_1_108' title='bbox 430 2292 531 2353; x_wconf 76' lang='lat' dir='ltr'><strong>ano</strong></span> <span class='ocrx_word' id='word_1_109' title='bbox 556 2310 672 2353; x_wconf 90' lang='lat' dir='ltr'><strong>verum</strong></span> <span class='ocrx_word' id='word_1_110' title='bbox 697 2310 830 2371; x_wconf 89' lang='lat' dir='ltr'><strong>prorsus</strong></span> <span class='ocrx_word' id='word_1_111' title='bbox 849 2310 918 2351; x_wconf 90' lang='lat' dir='ltr'><strong>esse</strong></span> <span class='ocrx_word' id='word_1_112' title='bbox 942 2291 1042 2351; x_wconf 89' lang='lat' dir='ltr'><strong>didici</strong></span> <span class='ocrx_word' id='word_1_113' title='bbox 1063 2291 1164 2370; x_wconf 90' lang='lat' dir='ltr'><strong>vulgo</strong></span> <span class='ocrx_word' id='word_1_114' title='bbox 1188 2291 1278 2370; x_wconf 93' lang='lat' dir='ltr'><strong>quod</strong></span> <span class='ocrx_word' id='word_1_115' title='bbox 1302 2292 1367 2353; x_wconf 93' lang='lat' dir='ltr'><strong>dici</strong></span> <span class='ocrx_word' id='word_1_116' title='bbox 1388 2292 1481 2366; x_wconf 90' lang='lat' dir='ltr'><strong>solet,</strong></span> <span class='ocrx_word' id='word_1_117' title='bbox 1504 2293 1584 2354; x_wconf 90' lang='lat' dir='ltr'><strong>cele·</strong></span> 
     </span>
     <span class='ocr_line' id='line_1_18' title="bbox 387 2373 1585 2455; baseline 0.001 -19"><span class='ocrx_word' id='word_1_118' title='bbox 387 2376 527 2436; x_wconf 90' lang='lat' dir='ltr'><strong>berrime</strong></span> <span class='ocrx_word' id='word_1_119' title='bbox 548 2375 588 2435; x_wconf 90' lang='lat' dir='ltr'><strong>D.</strong></span> <span class='ocrx_word' id='word_1_120' title='bbox 612 2375 757 2447; x_wconf 83' lang='lat' dir='ltr'><strong>Erasme,</strong></span> <span class='ocrx_word' id='word_1_121' title='bbox 774 2376 809 2435; x_wconf 94' lang='lat' dir='ltr'><strong>in</strong></span> <span class='ocrx_word' id='word_1_122' title='bbox 831 2394 865 2435; x_wconf 94' lang='lat' dir='ltr'><strong>re</strong></span> <span class='ocrx_word' id='word_1_123' title='bbox 887 2373 975 2435; x_wconf 85' lang='lat' dir='ltr'><strong>mela</strong></span> <span class='ocrx_word' id='word_1_124' title='bbox 996 2374 1174 2453; x_wconf 91' lang='lat' dir='ltr'><strong>plurimum</strong></span> <span class='ocrx_word' id='word_1_125' title='bbox 1197 2376 1268 2455; x_wconf 91' lang='lat' dir='ltr'><strong>opis</strong></span> <span class='ocrx_word' id='word_1_126' title='bbox 1288 2374 1417 2436; x_wconf 83' lang='lat' dir='ltr'><strong>adferre</strong></span> <span class='ocrx_word' id='word_1_127' title='bbox 1438 2378 1585 2437; x_wconf 89' lang='lat' dir='ltr'><strong>animum</strong></span> 
     </span>
     <span class='ocr_line' id='line_1_19' title="bbox 388 2457 1586 2536; baseline 0.002 -17"><span class='ocrx_word' id='word_1_128' title='bbox 388 2460 522 2520; x_wconf 90' lang='lat' dir='ltr'><strong>bonum.</strong></span> <span class='ocrx_word' id='word_1_129' title='bbox 552 2457 635 2519; x_wconf 85' lang='lat' dir='ltr'><strong>Cum</strong></span> <span class='ocrx_word' id='word_1_130' title='bbox 648 2459 735 2519; x_wconf 92' lang='lat' dir='ltr'><strong>enim</strong></span> <span class='ocrx_word' id='word_1_131' title='bbox 754 2477 858 2536; x_wconf 80' lang='lat' dir='ltr'><strong>nuper</strong></span> <span class='ocrx_word' id='word_1_132' title='bbox 872 2458 923 2518; x_wconf 91' lang='lat' dir='ltr'><strong>hie</strong></span> <span class='ocrx_word' id='word_1_133' title='bbox 946 2477 1059 2519; x_wconf 92' lang='lat' dir='ltr'><strong>rumor</strong></span> <span class='ocrx_word' id='word_1_134' title='bbox 1072 2458 1311 2532; x_wconf 89' lang='lat' dir='ltr'><strong>increbruisset,</strong></span> <span class='ocrx_word' id='word_1_135' title='bbox 1326 2459 1452 2520; x_wconf 90' lang='lat' dir='ltr'><strong>incerto</strong></span> <span class='ocrx_word' id='word_1_136' title='bbox 1470 2466 1586 2521; x_wconf 88' lang='lat' dir='ltr'><strong>autore</strong></span> 
     </span>
     <span class='ocr_line' id='line_1_20' title="bbox 387 2542 1586 2621; baseline 0 -18"><span class='ocrx_word' id='word_1_137' title='bbox 387 2549 498 2616; x_wconf 90' lang='lat' dir='ltr'><strong>natus,</strong></span> <span class='ocrx_word' id='word_1_138' title='bbox 510 2549 544 2603; x_wconf 85' lang='lat' dir='ltr'><strong>te</strong></span> <span class='ocrx_word' id='word_1_139' title='bbox 556 2548 662 2602; x_wconf 90' lang='lat' dir='ltr'><strong>morte</strong></span> <span class='ocrx_word' id='word_1_140' title='bbox 673 2543 778 2603; x_wconf 86' lang='lat' dir='ltr'><strong>vitam</strong></span> <span class='ocrx_word' id='word_1_141' title='bbox 789 2547 1017 2614; x_wconf 76' lang='lat' dir='ltr'><strong>commutasse,</strong></span> <span class='ocrx_word' id='word_1_142' title='bbox 1029 2548 1129 2620; x_wconf 82' lang='lat' dir='ltr'><strong>atque</strong></span> <span class='ocrx_word' id='word_1_143' title='bbox 1144 2542 1348 2621; x_wconf 91' lang='lat' dir='ltr'><strong>triumphum</strong></span> <span class='ocrx_word' id='word_1_144' title='bbox 1357 2543 1422 2603; x_wconf 90' lang='lat' dir='ltr'><strong>iem</strong></span> <span class='ocrx_word' id='word_1_145' title='bbox 1434 2543 1586 2604; x_wconf 90' lang='lat' dir='ltr'><strong>monachi</strong></span> 
     </span>
     <span class='ocr_line' id='line_1_21' title="bbox 387 2625 1613 2706; baseline 0.001 -20"><span class='ocrx_word' id='word_1_146' title='bbox 387 2625 496 2706; x_wconf 90' lang='lat' dir='ltr'><strong>plane,</strong></span> <span class='ocrx_word' id='word_1_147' title='bbox 518 2631 558 2686; x_wconf 89' lang='lat' dir='ltr'><strong>vt</strong></span> <span class='ocrx_word' id='word_1_148' title='bbox 580 2625 681 2686; x_wconf 88' lang='lat' dir='ltr'><strong>hebet</strong></span> <span class='ocrx_word' id='word_1_149' title='bbox 705 2625 924 2704; x_wconf 90' lang='lat' dir='ltr'><strong>prouerbium,</strong></span> <span class='ocrx_word' id='word_1_150' title='bbox 947 2631 1025 2685; x_wconf 87' lang='lat' dir='ltr'><strong>ante</strong></span> <span class='ocrx_word' id='word_1_151' title='bbox 1051 2625 1223 2685; x_wconf 87' lang='lat' dir='ltr'><strong>victoriam</strong></span> <span class='ocrx_word' id='word_1_152' title='bbox 1250 2625 1385 2687; x_wconf 91' lang='lat' dir='ltr'><strong>vocibus</strong></span> <span class='ocrx_word' id='word_1_153' title='bbox 1410 2626 1613 2705; x_wconf 83' lang='lat' dir='ltr'><strong>plusquem5</strong></span> 
     </span>
     <span class='ocr_line' id='line_1_22' title="bbox 387 2707 1585 2789; baseline 0 -19"><span class='ocrx_word' id='word_1_154' title='bbox 387 2708 570 2771; x_wconf 87' lang='lat' dir='ltr'><strong>Stentorcis</strong></span> <span class='ocrx_word' id='word_1_155' title='bbox 591 2715 755 2780; x_wconf 86' lang='lat' dir='ltr'><strong>canerent,</strong></span> <span class='ocrx_word' id='word_1_156' title='bbox 774 2707 874 2768; x_wconf 85' lang='lat' dir='ltr'><strong>nichil</strong></span> <span class='ocrx_word' id='word_1_157' title='bbox 896 2708 988 2769; x_wconf 89' lang='lat' dir='ltr'><strong>aliud</strong></span> <span class='ocrx_word' id='word_1_158' title='bbox 1009 2707 1104 2769; x_wconf 88' lang='lat' dir='ltr'><strong>nobis</strong></span> <span class='ocrx_word' id='word_1_159' title='bbox 1126 2727 1225 2787; x_wconf 89' lang='lat' dir='ltr'><strong>quam</strong></span> <span class='ocrx_word' id='word_1_160' title='bbox 1247 2715 1286 2770; x_wconf 89' lang='lat' dir='ltr'><strong>vt</strong></span> <span class='ocrx_word' id='word_1_161' title='bbox 1307 2728 1364 2789; x_wconf 94' lang='lat' dir='ltr'><strong>spe</strong></span> <span class='ocrx_word' id='word_1_162' title='bbox 1386 2709 1585 2772; x_wconf 77' lang='lat' dir='ltr'><strong>secundioris</strong></span> 
     </span>
     <span class='ocr_line' id='line_1_23' title="bbox 386 2790 1627 2864; baseline 0.001 -11"><span class='ocrx_word' id='word_1_163' title='bbox 386 2792 541 2853; x_wconf 73' lang='lat' dir='ltr'><strong>fortmae</strong></span> <span class='ocrx_word' id='word_1_164' title='bbox 558 2792 704 2853; x_wconf 87' lang='lat' dir='ltr'><strong>animum</strong></span> <span class='ocrx_word' id='word_1_165' title='bbox 723 2791 765 2851; x_wconf 91' lang='lat' dir='ltr'><strong>de</strong></span> <span class='ocrx_word' id='word_1_166' title='bbox 782 2799 816 2853; x_wconf 90' lang='lat' dir='ltr'><strong>te</strong></span> <span class='ocrx_word' id='word_1_167' title='bbox 836 2790 1031 2852; x_wconf 88' lang='lat' dir='ltr'><strong>mirabiliter</strong></span> <span class='ocrx_word' id='word_1_168' title='bbox 1050 2790 1225 2853; x_wconf 90' lang='lat' dir='ltr'><strong>sollicitum</strong></span> <span class='ocrx_word' id='word_1_169' title='bbox 1247 2791 1436 2853; x_wconf 84' lang='lat' dir='ltr'><strong>fulciremus</strong></span> <span class='ocrx_word' id='word_1_170' title='bbox 1453 2813 1491 2854; x_wconf 88' lang='lat' dir='ltr'><strong>ae</strong></span> <span class='ocrx_word' id='word_1_171' title='bbox 1509 2812 1584 2854; x_wconf 89' lang='lat' dir='ltr'><strong>con·</strong></span> <span class='ocrx_word' id='word_1_172' title='bbox 1624 2859 1627 2864; x_wconf 62' lang='grc'><strong>,</strong></span> 
     </span>
     <span class='ocr_line' id='line_1_24' title="bbox 386 2874 1585 2948; baseline 0.001 -12"><span class='ocrx_word' id='word_1_173' title='bbox 386 2874 577 2948; x_wconf 82' lang='lat' dir='ltr'><strong>solaremur,</strong></span> <span class='ocrx_word' id='word_1_174' title='bbox 592 2875 749 2935; x_wconf 88' lang='lat' dir='ltr'><strong>restabat.</strong></span> <span class='ocrx_word' id='word_1_175' title='bbox 793 2874 925 2935; x_wconf 89' lang='lat' dir='ltr'><strong>Interea</strong></span> <span class='ocrx_word' id='word_1_176' title='bbox 943 2881 1056 2936; x_wconf 87' lang='lat' dir='ltr'><strong>tamen</strong></span> <span class='ocrx_word' id='word_1_177' title='bbox 1076 2874 1220 2936; x_wconf 91' lang='lat' dir='ltr'><strong>dolorem</strong></span> <span class='ocrx_word' id='word_1_178' title='bbox 1240 2880 1388 2936; x_wconf 89' lang='lat' dir='ltr'><strong>nostrum</strong></span> <span class='ocrx_word' id='word_1_179' title='bbox 1406 2875 1585 2937; x_wconf 89' lang='lat' dir='ltr'><strong>admodum</strong></span> 
     </span>
     <span class='ocr_line' id='line_1_25' title="bbox 387 2959 1584 3039; baseline 0 -18"><span class='ocrx_word' id='word_1_180' title='bbox 387 2960 533 3039; x_wconf 85' lang='lat' dir='ltr'><strong>augebat</strong></span> <span class='ocrx_word' id='word_1_181' title='bbox 557 2959 638 3020; x_wconf 90' lang='lat' dir='ltr'><strong>bene</strong></span> <span class='ocrx_word' id='word_1_182' title='bbox 663 2961 710 3019; x_wconf 91' lang='lat' dir='ltr'><strong>rei</strong></span> <span class='ocrx_word' id='word_1_183' title='bbox 733 2959 891 3037; x_wconf 90' lang='lat' dir='ltr'><strong>gerendae</strong></span> <span class='ocrx_word' id='word_1_184' title='bbox 913 2978 974 3039; x_wconf 90' lang='lat' dir='ltr'><strong>pro</strong></span> <span class='ocrx_word' id='word_1_185' title='bbox 999 2960 1165 3020; x_wconf 88' lang='lat' dir='ltr'><strong>communi</strong></span> <span class='ocrx_word' id='word_1_186' title='bbox 1192 2961 1340 3020; x_wconf 90' lang='lat' dir='ltr'><strong>omnium</strong></span> <span class='ocrx_word' id='word_1_187' title='bbox 1366 2961 1473 3022; x_wconf 87' lang='lat' dir='ltr'><strong>salute</strong></span> <span class='ocrx_word' id='word_1_188' title='bbox 1497 2980 1584 3022; x_wconf 92' lang='lat' dir='ltr'><strong>nunc</strong></span> 
     </span>
     <span class='ocr_line' id='line_1_26' title="bbox 386 3042 1631 3124; baseline 0.002 -20"><span class='ocrx_word' id='word_1_189' title='bbox 386 3043 452 3105; x_wconf 92' lang='lat' dir='ltr'><strong>tibi</strong></span> <span class='ocrx_word' id='word_1_190' title='bbox 470 3042 550 3103; x_wconf 89' lang='lat' dir='ltr'><strong>data</strong></span> <span class='ocrx_word' id='word_1_191' title='bbox 568 3043 817 3122; x_wconf 75' lang='lat' dir='ltr'><strong>opportunitas:</strong></span> <span class='ocrx_word' id='word_1_192' title='bbox 840 3061 940 3120; x_wconf 88' lang='lat' dir='ltr'><strong>quam</strong></span> <span class='ocrx_word' id='word_1_193' title='bbox 960 3048 1096 3116; x_wconf 87' lang='lat' dir='ltr'><strong>veteres,</strong></span> <span class='ocrx_word' id='word_1_194' title='bbox 1117 3043 1358 3104; x_wconf 84' lang='lat' dir='ltr'><strong>inconstantem</strong></span> <span class='ocrx_word' id='word_1_195' title='bbox 1378 3063 1416 3104; x_wconf 90' lang='lat' dir='ltr'><strong>ac</strong></span> <span class='ocrx_word' id='word_1_196' title='bbox 1436 3044 1584 3124; x_wconf 79' lang='lat' dir='ltr'><strong>fugacem</strong></span> <span class='ocrx_word' id='word_1_197' title='bbox 1600 3070 1631 3107; x_wconf 86' lang='lat'><strong>10</strong></span> 
     </span>
     <span class='ocr_line' id='line_1_27' title="bbox 387 3125 1584 3206; baseline 0.002 -20"><span class='ocrx_word' id='word_1_198' title='bbox 387 3126 470 3187; x_wconf 92' lang='lat' dir='ltr'><strong>dum</strong></span> <span class='ocrx_word' id='word_1_199' title='bbox 491 3125 670 3206; x_wconf 90' lang='lat' dir='ltr'><strong>significare</strong></span> <span class='ocrx_word' id='word_1_200' title='bbox 691 3125 877 3199; x_wconf 89' lang='lat' dir='ltr'><strong>voluerunt,</strong></span> <span class='ocrx_word' id='word_1_201' title='bbox 899 3125 1029 3186; x_wconf 87' lang='lat' dir='ltr'><strong>caluam</strong></span> <span class='ocrx_word' id='word_1_202' title='bbox 1050 3127 1084 3185; x_wconf 92' lang='lat' dir='ltr'><strong>in</strong></span> <span class='ocrx_word' id='word_1_203' title='bbox 1105 3127 1257 3205; x_wconf 88' lang='lat' dir='ltr'><strong>occipitio</strong></span> <span class='ocrx_word' id='word_1_204' title='bbox 1278 3128 1422 3206; x_wconf 87' lang='lat' dir='ltr'><strong>pinxere.</strong></span> <span class='ocrx_word' id='word_1_205' title='bbox 1466 3128 1584 3206; x_wconf 88' lang='lat' dir='ltr'><strong>Itaque</strong></span> 
     </span>
     <span class='ocr_line' id='line_1_28' title="bbox 388 3208 1583 3290; baseline 0.002 -20"><span class='ocrx_word' id='word_1_206' title='bbox 388 3229 457 3271; x_wconf 93' lang='lat' dir='ltr'><strong>non</strong></span> <span class='ocrx_word' id='word_1_207' title='bbox 475 3228 593 3289; x_wconf 86' lang='lat' dir='ltr'><strong>parum</strong></span> <span class='ocrx_word' id='word_1_208' title='bbox 613 3209 809 3270; x_wconf 88' lang='lat' dir='ltr'><strong>verebamur</strong></span> <span class='ocrx_word' id='word_1_209' title='bbox 829 3227 879 3282; x_wconf 91' lang='lat' dir='ltr'><strong>ne,</strong></span> <span class='ocrx_word' id='word_1_210' title='bbox 898 3209 925 3269; x_wconf 90' lang='lat' dir='ltr'><strong>si</strong></span> <span class='ocrx_word' id='word_1_211' title='bbox 942 3208 995 3270; x_wconf 88' lang='lat' dir='ltr'><strong>vel</strong></span> <span class='ocrx_word' id='word_1_212' title='bbox 1013 3210 1161 3288; x_wconf 89' lang='lat' dir='ltr'><strong>grauiore</strong></span> <span class='ocrx_word' id='word_1_213' title='bbox 1180 3210 1295 3271; x_wconf 92' lang='lat' dir='ltr'><strong>morbo</strong></span> <span class='ocrx_word' id='word_1_214' title='bbox 1314 3230 1444 3290; x_wconf 90' lang='lat' dir='ltr'><strong>pressus</strong></span> <span class='ocrx_word' id='word_1_215' title='bbox 1459 3211 1512 3272; x_wconf 90' lang='lat' dir='ltr'><strong>vol</strong></span> <span class='ocrx_word' id='word_1_216' title='bbox 1526 3211 1583 3272; x_wconf 91' lang='lat' dir='ltr'><strong>ad-</strong></span> 
     </span>
     <span class='ocr_line' id='line_1_29' title="bbox 386 3291 1584 3355; baseline 0.002 -2"><span class='ocrx_word' id='word_1_217' title='bbox 386 3294 608 3354; x_wconf 88' lang='lat' dir='ltr'><strong>uersariorum</strong></span> <span class='ocrx_word' id='word_1_218' title='bbox 621 3291 853 3353; x_wconf 88' lang='lat' dir='ltr'><strong>meleuolentia</strong></span> <span class='ocrx_word' id='word_1_219' title='bbox 867 3292 1043 3354; x_wconf 86' lang='lat' dir='ltr'><strong>deterritus</strong></span> <span class='ocrx_word' id='word_1_220' title='bbox 1057 3292 1140 3353; x_wconf 89' lang='lat' dir='ltr'><strong>hanc</strong></span> <span class='ocrx_word' id='word_1_221' title='bbox 1155 3291 1217 3354; x_wconf 89' lang='lat' dir='ltr'><strong>tibi</strong></span> <span class='ocrx_word' id='word_1_222' title='bbox 1232 3295 1432 3355; x_wconf 88' lang='lat' dir='ltr'><strong>occasionem</strong></span> <span class='ocrx_word' id='word_1_223' title='bbox 1446 3293 1531 3355; x_wconf 86' lang='lat' dir='ltr'><strong>elabi</strong></span> <span class='ocrx_word' id='word_1_224' title='bbox 1545 3314 1584 3355; x_wconf 89' lang='lat' dir='ltr'><strong>ac</strong></span> 
     </span>
     <span class='ocr_line' id='line_1_30' title="bbox 387 3374 1584 3456; baseline 0.002 -20"><span class='ocrx_word' id='word_1_225' title='bbox 387 3376 621 3456; x_wconf 87' lang='lat' dir='ltr'><strong>praeterfluere</strong></span> <span class='ocrx_word' id='word_1_226' title='bbox 645 3395 761 3456; x_wconf 89' lang='lat' dir='ltr'><strong>passus</strong></span> <span class='ocrx_word' id='word_1_227' title='bbox 784 3375 907 3448; x_wconf 78' lang='lat' dir='ltr'><strong>fuisses,</strong></span> <span class='ocrx_word' id='word_1_228' title='bbox 930 3376 1055 3436; x_wconf 88' lang='lat' dir='ltr'><strong>frustra</strong></span> <span class='ocrx_word' id='word_1_229' title='bbox 1079 3374 1258 3454; x_wconf 91' lang='lat' dir='ltr'><strong>aliquando</strong></span> <span class='ocrx_word' id='word_1_230' title='bbox 1281 3379 1400 3437; x_wconf 87' lang='lat' dir='ltr'><strong>iterum</strong></span> <span class='ocrx_word' id='word_1_231' title='bbox 1425 3397 1497 3438; x_wconf 90' lang='lat' dir='ltr'><strong>eam</strong></span> <span class='ocrx_word' id='word_1_232' title='bbox 1523 3378 1584 3439; x_wconf 91' lang='lat' dir='ltr'><strong>tibi</strong></span> 
     </span>
     <span class='ocr_line' id='line_1_31' title="bbox 388 3459 1629 3540; baseline 0.003 -20"><span class='ocrx_word' id='word_1_233' title='bbox 388 3460 500 3521; x_wconf 82' lang='lat' dir='ltr'><strong>offerri</strong></span> <span class='ocrx_word' id='word_1_234' title='bbox 521 3478 580 3520; x_wconf 88' lang='lat' dir='ltr'><strong>nos</strong></span> <span class='ocrx_word' id='word_1_235' title='bbox 601 3459 750 3520; x_wconf 88' lang='lat' dir='ltr'><strong>fortassis</strong></span> <span class='ocrx_word' id='word_1_236' title='bbox 771 3465 953 3538; x_wconf 89' lang='lat' dir='ltr'><strong>optaturos.</strong></span> <span class='ocrx_word' id='word_1_237' title='bbox 997 3459 1138 3521; x_wconf 89' lang='lat' dir='ltr'><strong>Proinde</strong></span> <span class='ocrx_word' id='word_1_238' title='bbox 1159 3479 1234 3521; x_wconf 91' lang='lat' dir='ltr'><strong>cum</strong></span> <span class='ocrx_word' id='word_1_239' title='bbox 1255 3479 1312 3540; x_wconf 92' lang='lat' dir='ltr'><strong>spe</strong></span> <span class='ocrx_word' id='word_1_240' title='bbox 1333 3467 1489 3540; x_wconf 89' lang='lat' dir='ltr'><strong>metuque</strong></span> <span class='ocrx_word' id='word_1_241' title='bbox 1515 3468 1629 3537; x_wconf 80' lang='lat' dir='ltr'><strong>tur-15</strong></span> 
     </span>
     <span class='ocr_line' id='line_1_32' title="bbox 387 3541 1585 3623; baseline 0.002 -20"><span class='ocrx_word' id='word_1_242' title='bbox 387 3544 490 3603; x_wconf 87' lang='lat' dir='ltr'><strong>batus</strong></span> <span class='ocrx_word' id='word_1_243' title='bbox 512 3543 640 3603; x_wconf 89' lang='lat' dir='ltr'><strong>animus</strong></span> <span class='ocrx_word' id='word_1_244' title='bbox 664 3543 698 3602; x_wconf 93' lang='lat' dir='ltr'><strong>in</strong></span> <span class='ocrx_word' id='word_1_245' title='bbox 720 3543 829 3603; x_wconf 88' lang='lat' dir='ltr'><strong>varias</strong></span> <span class='ocrx_word' id='word_1_246' title='bbox 853 3541 992 3603; x_wconf 90' lang='lat' dir='ltr'><strong>subinde</strong></span> <span class='ocrx_word' id='word_1_247' title='bbox 1013 3548 1183 3622; x_wconf 87' lang='lat' dir='ltr'><strong>reperetur</strong></span> <span class='ocrx_word' id='word_1_248' title='bbox 1205 3545 1380 3623; x_wconf 91' lang='lat' dir='ltr'><strong>opiniones,</strong></span> <span class='ocrx_word' id='word_1_249' title='bbox 1403 3551 1442 3604; x_wconf 92' lang='lat' dir='ltr'><strong>vt</strong></span> <span class='ocrx_word' id='word_1_250' title='bbox 1462 3544 1585 3606; x_wconf 88' lang='lat' dir='ltr'><strong>scilicet</strong></span> 
     </span>
     <span class='ocr_line' id='line_1_33' title="bbox 387 3624 1585 3706; baseline 0.002 -19"><span class='ocrx_word' id='word_1_251' title='bbox 387 3625 529 3687; x_wconf 78' lang='lat' dir='ltr'><strong>allectus</strong></span> <span class='ocrx_word' id='word_1_252' title='bbox 550 3625 598 3686; x_wconf 93' lang='lat' dir='ltr'><strong>illi</strong></span> <span class='ocrx_word' id='word_1_253' title='bbox 619 3625 704 3686; x_wconf 89' lang='lat' dir='ltr'><strong>alter</strong></span> <span class='ocrx_word' id='word_1_254' title='bbox 725 3624 866 3686; x_wconf 82' lang='lat' dir='ltr'><strong>alterum</strong></span> <span class='ocrx_word' id='word_1_255' title='bbox 888 3626 1029 3687; x_wconf 88' lang='lat' dir='ltr'><strong>vicissim</strong></span> <span class='ocrx_word' id='word_1_256' title='bbox 1048 3627 1309 3705; x_wconf 90' lang='lat' dir='ltr'><strong>prosternebant,</strong></span> <span class='ocrx_word' id='word_1_257' title='bbox 1330 3646 1453 3706; x_wconf 88' lang='lat' dir='ltr'><strong>nosque</strong></span> <span class='ocrx_word' id='word_1_258' title='bbox 1472 3646 1585 3688; x_wconf 91' lang='lat' dir='ltr'><strong>omnes</strong></span> 
     </span>
     <span class='ocr_line' id='line_1_34' title="bbox 388 3708 1583 3790; baseline 0.003 -20"><span class='ocrx_word' id='word_1_259' title='bbox 388 3709 488 3789; x_wconf 91' lang='lat' dir='ltr'><strong>plane</strong></span> <span class='ocrx_word' id='word_1_260' title='bbox 502 3708 715 3782; x_wconf 90' lang='lat' dir='ltr'><strong>rumusculos,</strong></span> <span class='ocrx_word' id='word_1_261' title='bbox 731 3714 771 3769; x_wconf 90' lang='lat' dir='ltr'><strong>vt</strong></span> <span class='ocrx_word' id='word_1_262' title='bbox 785 3709 865 3786; x_wconf 91' lang='lat' dir='ltr'><strong>quid</strong></span> <span class='ocrx_word' id='word_1_263' title='bbox 879 3710 957 3782; x_wconf 88' lang='lat' dir='ltr'><strong>veri,</strong></span> <span class='ocrx_word' id='word_1_264' title='bbox 973 3709 1054 3787; x_wconf 93' lang='lat' dir='ltr'><strong>quid</strong></span> <span class='ocrx_word' id='word_1_265' title='bbox 1068 3709 1143 3769; x_wconf 85' lang='lat' dir='ltr'><strong>falsi</strong></span> <span class='ocrx_word' id='word_1_266' title='bbox 1160 3709 1249 3770; x_wconf 84' lang='lat' dir='ltr'><strong>lame</strong></span> <span class='ocrx_word' id='word_1_267' title='bbox 1266 3709 1376 3783; x_wconf 86' lang='lat' dir='ltr'><strong>ferret,</strong></span> <span class='ocrx_word' id='word_1_268' title='bbox 1392 3710 1583 3790; x_wconf 79' lang='lat' dir='ltr'><strong>intelligere·</strong></span> 
     </span>
     <span class='ocr_line' id='line_1_35' title="bbox 387 3791 1584 3874; baseline 0.002 -20"><span class='ocrx_word' id='word_1_269' title='bbox 387 3812 474 3865; x_wconf 90' lang='lat' dir='ltr'><strong>mus,</strong></span> <span class='ocrx_word' id='word_1_270' title='bbox 503 3791 676 3871; x_wconf 81' lang='lat' dir='ltr'><strong>diligenter</strong></span> <span class='ocrx_word' id='word_1_271' title='bbox 704 3811 952 3872; x_wconf 87' lang='lat' dir='ltr'><strong>aucuperemur,</strong></span> <span class='ocrx_word' id='word_1_272' title='bbox 982 3811 1055 3854; x_wconf 90' lang='lat' dir='ltr'><strong>ecce</strong></span> <span class='ocrx_word' id='word_1_273' title='bbox 1084 3793 1195 3854; x_wconf 89' lang='lat' dir='ltr'><strong>subito</strong></span> <span class='ocrx_word' id='word_1_274' title='bbox 1228 3792 1319 3854; x_wconf 91' lang='lat' dir='ltr'><strong>illam</strong></span> <span class='ocrx_word' id='word_1_275' title='bbox 1353 3801 1584 3874; x_wconf 86' lang='lat' dir='ltr'><strong>tempestatem</strong></span> 
     </span>
     <span class='ocr_line' id='line_1_36' title="bbox 387 3877 1631 3954; baseline 0 -18"><span class='ocrx_word' id='word_1_276' title='bbox 387 3894 519 3936; x_wconf 86' lang='lat' dir='ltr'><strong>summa</strong></span> <span class='ocrx_word' id='word_1_277' title='bbox 533 3877 690 3936; x_wconf 88' lang='lat' dir='ltr'><strong>serenitas</strong></span> <span class='ocrx_word' id='word_1_278' title='bbox 703 3880 844 3954; x_wconf 89' lang='lat' dir='ltr'><strong>sequuta</strong></span> <span class='ocrx_word' id='word_1_279' title='bbox 857 3882 917 3936; x_wconf 91' lang='lat' dir='ltr'><strong>est.</strong></span> <span class='ocrx_word' id='word_1_280' title='bbox 1598 3907 1631 3943; x_wconf 83' lang='lat'><strong>20</strong></span> 
     </span>
    </p>
   </div>
   <div class='ocr_carea' id='block_1_5' title="bbox 385 3992 1586 4261">
    <p class='ocr_par' dir='ltr' id='par_1_10' title="bbox 385 3992 1586 4261">
     <span class='ocr_line' id='line_1_37' title="bbox 423 3992 1585 4061; baseline 0.003 -18"><span class='ocrx_word' id='word_1_281' title='bbox 423 3992 499 4043; x_wconf 76' lang='lat'>2372.</span> <span class='ocrx_word' id='word_1_282' title='bbox 519 4005 559 4055; x_wconf 83' lang='lat'><strong>15.</strong></span> <span class='ocrx_word' id='word_1_283' title='bbox 578 3993 777 4044; x_wconf 66' lang='lat' dir='ltr'><strong>annunciatur</strong></span> <span class='ocrx_word' id='word_1_284' title='bbox 790 4031 797 4043; x_wconf 97' lang='lat'>.</span> <span class='ocrx_word' id='word_1_285' title='bbox 811 4031 817 4043; x_wconf 88' lang='lat'>.</span> <span class='ocrx_word' id='word_1_286' title='bbox 832 4031 838 4043; x_wconf 91' lang='lat'>.</span> <span class='ocrx_word' id='word_1_287' title='bbox 851 3994 1001 4044; x_wconf 87' lang='lat' dir='ltr'><strong>ascendere</strong></span> <span class='ocrx_word' id='word_1_288' title='bbox 1020 3992 1051 4053; x_wconf 73' lang='grc' dir='ltr'><strong>βε</strong></span> <span class='ocrx_word' id='word_1_289' title='bbox 1077 3993 1180 4059; x_wconf 84' lang='lat' dir='ltr'><strong>Capito</strong></span> <span class='ocrx_word' id='word_1_290' title='bbox 1198 4000 1228 4044; x_wconf 91' lang='lat' dir='ltr'><strong>et</strong></span> <span class='ocrx_word' id='word_1_291' title='bbox 1250 3994 1483 4061; x_wconf 82' lang='lat' dir='ltr'><strong>Oecolampadius</strong></span> <span class='ocrx_word' id='word_1_292' title='bbox 1501 3995 1585 4046; x_wconf 89' lang='lat' dir='ltr'><strong>hodie</strong></span> 
     </span>
     <span class='ocr_line' id='line_1_38' title="bbox 388 4059 1586 4127; baseline 0.003 -17"><span class='ocrx_word' id='word_1_293' title='bbox 388 4060 527 4124; x_wconf 83' lang='lat' dir='ltr'><strong>Tigurum</strong></span> <span class='ocrx_word' id='word_1_294' title='bbox 533 4059 723 4111; x_wconf 84' lang='lat' dir='ltr'><strong>ascenderunt</strong></span> <span class='ocrx_word' id='word_1_295' title='bbox 729 4060 767 4110; x_wconf 84' lang='lat' dir='ltr'><strong>ad</strong></span> <span class='ocrx_word' id='word_1_296' title='bbox 774 4060 943 4126; x_wconf 89' lang='lat' dir='ltr'><strong>Zninglium.</strong></span> <span class='ocrx_word' id='word_1_297' title='bbox 972 4059 1047 4120; x_wconf 81' lang='lat' dir='ltr'><strong>Quid</strong></span> <span class='ocrx_word' id='word_1_298' title='bbox 1057 4062 1158 4121; x_wconf 87' lang='lat' dir='ltr'><strong>acturi,</strong></span> <span class='ocrx_word' id='word_1_299' title='bbox 1165 4061 1314 4112; x_wconf 83' lang='lat' dir='ltr'><strong>incertum.</strong></span> <span class='ocrx_word' id='word_1_300' title='bbox 1351 4063 1491 4112; x_wconf 86' lang='lat' dir='ltr'><strong>Fortassis</strong></span> <span class='ocrx_word' id='word_1_301' title='bbox 1500 4078 1586 4127; x_wconf 88' lang='lat' dir='ltr'><strong>super</strong></span> 
     </span>
     <span class='ocr_line' id='line_1_39' title="bbox 389 4127 1584 4192; baseline 0.002 -15"><span class='ocrx_word' id='word_1_302' title='bbox 389 4142 422 4177; x_wconf 87' lang='lat' dir='ltr'><strong>re</strong></span> <span class='ocrx_word' id='word_1_303' title='bbox 432 4127 661 4186; x_wconf 68' lang='lat' dir='ltr'><strong>momentaria,</strong></span> <span class='ocrx_word' id='word_1_304' title='bbox 670 4128 721 4192; x_wconf 92' lang='lat' dir='ltr'><strong>qui</strong></span> <span class='ocrx_word' id='word_1_305' title='bbox 732 4143 797 4177; x_wconf 90' lang='lat' dir='ltr'><strong>cum</strong></span> <span class='ocrx_word' id='word_1_306' title='bbox 809 4127 935 4178; x_wconf 87' lang='lat' dir='ltr'><strong>Luthero</strong></span> <span class='ocrx_word' id='word_1_307' title='bbox 945 4128 975 4177; x_wconf 93' lang='lat' dir='ltr'><strong>in</strong></span> <span class='ocrx_word' id='word_1_308' title='bbox 987 4128 1108 4192; x_wconf 87' lang='lat' dir='ltr'><strong>gratiam</strong></span> <span class='ocrx_word' id='word_1_309' title='bbox 1119 4127 1210 4177; x_wconf 84' lang='lat' dir='ltr'><strong>redire</strong></span> <span class='ocrx_word' id='word_1_310' title='bbox 1222 4129 1342 4192; x_wconf 91' lang='lat' dir='ltr'><strong>possint,</strong></span> <span class='ocrx_word' id='word_1_311' title='bbox 1356 4129 1544 4179; x_wconf 85' lang='lat' dir='ltr'><strong>consultaturi</strong></span> <span class='ocrx_word' id='word_1_312' title='bbox 1558 4149 1584 4188; x_wconf 87' lang='lat' dir='ltr'><strong>c,</strong></span> 
     </span>
     <span class='ocr_line' id='line_1_40' title="bbox 385 4192 1585 4261; baseline 0.003 -18"><span class='ocrx_word' id='word_1_313' title='bbox 385 4200 484 4259; x_wconf 80' lang='lat' dir='ltr'><strong>posteo</strong></span> <span class='ocrx_word' id='word_1_314' title='bbox 494 4194 638 4256; x_wconf 72' lang='lat' dir='ltr'><strong>scriptum.</strong></span> <span class='ocrx_word' id='word_1_315' title='bbox 721 4207 762 4244; x_wconf 87' lang='lat'><strong>20.</strong></span> <span class='ocrx_word' id='word_1_316' title='bbox 781 4193 857 4244; x_wconf 91' lang='lat' dir='ltr'><strong>Prid.</strong></span> <span class='ocrx_word' id='word_1_317' title='bbox 868 4192 901 4258; x_wconf 70' lang='grc' dir='ltr'><strong>βε</strong></span> <span class='ocrx_word' id='word_1_318' title='bbox 919 4194 1016 4245; x_wconf 86' lang='lat' dir='ltr'><strong>Tertio</strong></span> <span class='ocrx_word' id='word_1_319' title='bbox 1028 4214 1052 4244; x_wconf 86' lang='lat' dir='ltr'><strong>c.</strong></span> <span class='ocrx_word' id='word_1_320' title='bbox 1135 4195 1210 4246; x_wconf 78' lang='lat'>2³7³.</span> <span class='ocrx_word' id='word_1_321' title='bbox 1230 4209 1270 4259; x_wconf 90' lang='lat'><strong>17.</strong></span> <span class='ocrx_word' id='word_1_322' title='bbox 1288 4196 1509 4261; x_wconf 83' lang='lat' dir='ltr'><strong>prostemabant</strong></span> <span class='ocrx_word' id='word_1_323' title='bbox 1520 4195 1585 4246; x_wconf 77' lang='lat' dir='ltr'><strong>MS.</strong></span> 
     </span>
    </p>
   </div>
   <div class='ocr_carea' id='block_1_6' title="bbox 388 4326 1586 5062">
    <p class='ocr_par' dir='ltr' id='par_1_11' title="bbox 388 4326 1585 4594">
     <span class='ocr_line' id='line_1_41' title="bbox 423 4326 1584 4417; baseline 0.002 -41"><span class='ocrx_word' id='word_1_324' title='bbox 423 4327 506 4406; x_wconf 47' lang='grc' dir='ltr'><strong>ἔξω.Ι</strong></span> <span class='ocrx_word' id='word_1_325' title='bbox 520 4341 560 4377; x_wconf 88' lang='lat'><strong>12.</strong></span> <span class='ocrx_word' id='word_1_326' title='bbox 579 4328 609 4377; x_wconf 94' lang='lat' dir='ltr'><strong>in</strong></span> <span class='ocrx_word' id='word_1_327' title='bbox 620 4327 698 4391; x_wconf 83' lang='lat' dir='ltr'><strong>toga]</strong></span> <span class='ocrx_word' id='word_1_328' title='bbox 711 4326 763 4377; x_wconf 76' lang='lat' dir='ltr'><strong>See</strong></span> <span class='ocrx_word' id='word_1_329' title='bbox 775 4327 862 4405; x_wconf 56' lang='lat' dir='ltr'><strong>adop.</strong></span> <span class='ocrx_word' id='word_1_330' title='bbox 881 4329 961 4392; x_wconf 80' lang='lat'>1428:</span> <span class='ocrx_word' id='word_1_331' title='bbox 1012 4328 1088 4407; x_wconf 38' lang='lat' dir='ltr'><strong>with·</strong></span> <span class='ocrx_word' id='word_1_332' title='bbox 1105 4328 1164 4378; x_wconf 87' lang='lat' dir='ltr'><strong>this</strong></span> <span class='ocrx_word' id='word_1_333' title='bbox 1186 4327 1250 4379; x_wconf 88' lang='lat' dir='ltr'><strong>title</strong></span> <span class='ocrx_word' id='word_1_334' title='bbox 1269 4329 1327 4406; x_wconf 76' lang='lat' dir='ltr'><strong>and</strong></span> <span class='ocrx_word' id='word_1_335' title='bbox 1347 4329 1400 4417; x_wconf 70' lang='lat' dir='ltr'><strong>the</strong></span> <span class='ocrx_word' id='word_1_336' title='bbox 1420 4329 1488 4380; x_wconf 82' lang='lat' dir='ltr'><strong>date</strong></span> <span class='ocrx_word' id='word_1_337' title='bbox 1510 4342 1584 4392; x_wconf 83' lang='lat'><strong>1530,</strong></span> 
     </span>
     <span class='ocr_line' id='line_1_42' title="bbox 388 4394 1585 4526; baseline 0 -14"><span class='ocrx_word' id='word_1_338' title='bbox 388 4394 961 4526; x_wconf 49' lang='lat' dir='ltr'><strong>&amp;malthatttthlt</strong></span> <span class='ocrx_word' id='word_1_339' title='bbox 1011 4395 1501 4526; x_wconf 44' lang='lat' dir='ltr'><strong>&amp;ffiylhffihlm‘</strong></span> <span class='ocrx_word' id='word_1_340' title='bbox 1531 4396 1585 4446; x_wconf 51' lang='grc' dir='ltr'><em>Μ</em></span> 
     </span>
     <span class='ocr_line' id='line_1_43' title="bbox 388 4527 1567 4594; baseline 0.002 -17"><span class='ocrx_word' id='word_1_341' title='bbox 388 4527 533 4593; x_wconf 79' lang='lat' dir='ltr'><strong>ineptiat&#39;.</strong></span> <span class='ocrx_word' id='word_1_342' title='bbox 1050 4529 1090 4578; x_wconf 88' lang='lat'><strong>18.</strong></span> <span class='ocrx_word' id='word_1_343' title='bbox 1108 4529 1256 4593; x_wconf 80' lang='lat' dir='ltr'><strong>Apologia]</strong></span> <span class='ocrx_word' id='word_1_344' title='bbox 1270 4529 1320 4580; x_wconf 81' lang='lat' dir='ltr'><strong>See</strong></span> <span class='ocrx_word' id='word_1_345' title='bbox 1332 4529 1386 4594; x_wconf 85' lang='lat' dir='ltr'><strong>Ep.</strong></span> <span class='ocrx_word' id='word_1_346' title='bbox 1398 4531 1472 4592; x_wconf 79' lang='lat'>2368.</span> <span class='ocrx_word' id='word_1_347' title='bbox 1490 4543 1567 4580; x_wconf 78' lang='lat' dir='ltr'>1-2n.</span> 
     </span>
    </p>

    <p class='ocr_par' dir='ltr' id='par_1_12' title="bbox 389 4593 1586 4860">
     <span class='ocr_line' id='line_1_44' title="bbox 425 4593 1584 4660; baseline 0 -15"><span class='ocrx_word' id='word_1_348' title='bbox 425 4608 466 4660; x_wconf 84' lang='lat'><strong>14·</strong></span> <span class='ocrx_word' id='word_1_349' title='bbox 484 4593 596 4659; x_wconf 81' lang='lat' dir='ltr'><strong>Capito]</strong></span> <span class='ocrx_word' id='word_1_350' title='bbox 608 4594 654 4644; x_wconf 88' lang='lat' dir='ltr'><strong>He</strong></span> <span class='ocrx_word' id='word_1_351' title='bbox 665 4610 723 4645; x_wconf 84' lang='lat' dir='ltr'><strong>was</strong></span> <span class='ocrx_word' id='word_1_352' title='bbox 731 4594 879 4660; x_wconf 87' lang='lat' dir='ltr'><strong>returning</strong></span> <span class='ocrx_word' id='word_1_353' title='bbox 890 4593 963 4645; x_wconf 83' lang='lat' dir='ltr'><strong>from</strong></span> <span class='ocrx_word' id='word_1_354' title='bbox 1047 4594 1122 4645; x_wconf 70' lang='lat'>2373.</span> <span class='ocrx_word' id='word_1_355' title='bbox 1141 4609 1166 4645; x_wconf 86' lang='lat'><strong>2.</strong></span> <span class='ocrx_word' id='word_1_356' title='bbox 1184 4595 1501 4658; x_wconf 75' lang='lat' dir='ltr'><strong>mremahJseeAdop.</strong></span> <span class='ocrx_word' id='word_1_357' title='bbox 1509 4598 1584 4659; x_wconf 85' lang='lat'>2368.</span> 
     </span>
     <span class='ocr_line' id='line_1_45' title="bbox 390 4660 1586 4728; baseline 0.001 -16"><span class='ocrx_word' id='word_1_358' title='bbox 390 4660 558 4728; x_wconf 81' lang='lat' dir='ltr'><strong>Augeburg:</strong></span> <span class='ocrx_word' id='word_1_359' title='bbox 576 4661 841 4726; x_wconf 80' lang='lat' dir='ltr'><strong>seeEp.2355.38n.</strong></span> <span class='ocrx_word' id='word_1_360' title='bbox 871 4662 962 4712; x_wconf 85' lang='lat' dir='ltr'><strong>‘heri&#39;</strong></span> <span class='ocrx_word' id='word_1_361' title='bbox 1047 4676 1072 4725; x_wconf 81' lang='lat'><strong>3.</strong></span> <span class='ocrx_word' id='word_1_362' title='bbox 1090 4662 1197 4723; x_wconf 89' lang='lat' dir='ltr'><strong>rumor]</strong></span> <span class='ocrx_word' id='word_1_363' title='bbox 1215 4663 1299 4713; x_wconf 89' lang='lat' dir='ltr'><strong>From</strong></span> <span class='ocrx_word' id='word_1_364' title='bbox 1318 4664 1439 4713; x_wconf 88' lang='lat' dir='ltr'><strong>another</strong></span> <span class='ocrx_word' id='word_1_365' title='bbox 1454 4678 1586 4713; x_wconf 90' lang='lat' dir='ltr'><strong>source-</strong></span> 
     </span>
     <span class='ocr_line' id='line_1_46' title="bbox 389 4727 1585 4794; baseline 0 -15"><span class='ocrx_word' id='word_1_366' title='bbox 389 4727 531 4794; x_wconf 86' lang='lat' dir='ltr'><strong>probably</strong></span> <span class='ocrx_word' id='word_1_367' title='bbox 547 4743 646 4778; x_wconf 83' lang='lat' dir='ltr'><strong>meana</strong></span> <span class='ocrx_word' id='word_1_368' title='bbox 662 4742 695 4789; x_wconf 87' lang='lat'><strong>29</strong></span> <span class='ocrx_word' id='word_1_369' title='bbox 712 4730 796 4793; x_wconf 76' lang='lat' dir='ltr'><strong>Aug,</strong></span> <span class='ocrx_word' id='word_1_370' title='bbox 815 4728 965 4793; x_wconf 85' lang='lat' dir='ltr'><strong>according</strong></span> <span class='ocrx_word' id='word_1_371' title='bbox 1014 4729 1060 4778; x_wconf 87' lang='lat' dir='ltr'><strong>for</strong></span> <span class='ocrx_word' id='word_1_372' title='bbox 1068 4729 1126 4779; x_wconf 89' lang='lat' dir='ltr'><strong>this</strong></span> <span class='ocrx_word' id='word_1_373' title='bbox 1134 4728 1219 4780; x_wconf 79' lang='lat' dir='ltr'><strong>letter</strong></span> <span class='ocrx_word' id='word_1_374' title='bbox 1225 4745 1277 4779; x_wconf 89' lang='lat' dir='ltr'><strong>can</strong></span> <span class='ocrx_word' id='word_1_375' title='bbox 1286 4729 1387 4794; x_wconf 87' lang='lat' dir='ltr'><strong>hardly</strong></span> <span class='ocrx_word' id='word_1_376' title='bbox 1394 4729 1467 4780; x_wconf 86' lang='lat' dir='ltr'><strong>have</strong></span> <span class='ocrx_word' id='word_1_377' title='bbox 1473 4729 1585 4780; x_wconf 85' lang='lat' dir='ltr'><strong>arrived</strong></span> 
     </span>
     <span class='ocr_line' id='line_1_47' title="bbox 389 4795 1585 4860; baseline 0 -13"><span class='ocrx_word' id='word_1_378' title='bbox 389 4801 423 4847; x_wconf 86' lang='lat' dir='ltr'><strong>to</strong></span> <span class='ocrx_word' id='word_1_379' title='bbox 434 4795 485 4846; x_wconf 86' lang='lat' dir='ltr'><strong>the</strong></span> <span class='ocrx_word' id='word_1_380' title='bbox 496 4795 678 4845; x_wconf 83' lang='lat' dir='ltr'><strong>mouth-date</strong></span> <span class='ocrx_word' id='word_1_381' title='bbox 689 4795 719 4845; x_wconf 84' lang='lat' dir='ltr'><strong>oi</strong></span> <span class='ocrx_word' id='word_1_382' title='bbox 730 4813 755 4844; x_wconf 80' lang='lat' dir='ltr'><strong>o.</strong></span> <span class='ocrx_word' id='word_1_383' title='bbox 1015 4795 1055 4859; x_wconf 87' lang='lat' dir='ltr'><strong>by</strong></span> <span class='ocrx_word' id='word_1_384' title='bbox 1077 4807 1092 4856; x_wconf 82' lang='grc'><strong><em>5</em></strong></span> <span class='ocrx_word' id='word_1_385' title='bbox 1116 4795 1287 4860; x_wconf 82' lang='lat' dir='ltr'><strong>Sept-this</strong></span> <span class='ocrx_word' id='word_1_386' title='bbox 1308 4795 1440 4846; x_wconf 69' lang='lat' dir='ltr'><strong>msumed</strong></span> <span class='ocrx_word' id='word_1_387' title='bbox 1464 4811 1482 4846; x_wconf 88' lang='lat' dir='ltr'><strong>a</strong></span> <span class='ocrx_word' id='word_1_388' title='bbox 1508 4811 1585 4847; x_wconf 90' lang='lat' dir='ltr'><strong>more</strong></span> 
     </span>
    </p>

    <p class='ocr_par' dir='ltr' id='par_1_13' title="bbox 390 4860 1561 4994">
     <span class='ocr_line' id='line_1_48' title="bbox 427 4860 1557 4927; baseline 0.003 -16"><span class='ocrx_word' id='word_1_389' title='bbox 427 4875 467 4924; x_wconf 83' lang='lat'><strong>15.</strong></span> <span class='ocrx_word' id='word_1_390' title='bbox 485 4860 720 4926; x_wconf 79' lang='lat' dir='ltr'><strong>Tigumm1&#39;1&#39;hey</strong></span> <span class='ocrx_word' id='word_1_391' title='bbox 726 4867 815 4912; x_wconf 77' lang='lat' dir='ltr'><strong>wrote</strong></span> <span class='ocrx_word' id='word_1_392' title='bbox 824 4862 965 4913; x_wconf 83' lang='lat' dir='ltr'><strong>thenceto</strong></span> <span class='ocrx_word' id='word_1_393' title='bbox 1015 4861 1130 4913; x_wconf 76' lang='lat' dir='ltr'><strong>terrible</strong></span> <span class='ocrx_word' id='word_1_394' title='bbox 1141 4864 1230 4913; x_wconf 78' lang='lat' dir='ltr'><strong>form:</strong></span> <span class='ocrx_word' id='word_1_395' title='bbox 1249 4878 1295 4912; x_wconf 88' lang='lat' dir='ltr'><strong>sea</strong></span> <span class='ocrx_word' id='word_1_396' title='bbox 1307 4862 1362 4927; x_wconf 86' lang='lat' dir='ltr'><strong>Ep.</strong></span> <span class='ocrx_word' id='word_1_397' title='bbox 1376 4877 1449 4926; x_wconf 81' lang='lat'>²379·</span> <span class='ocrx_word' id='word_1_398' title='bbox 1463 4864 1557 4927; x_wconf 86' lang='lat'>466—8.</span> 
     </span>
     <span class='ocr_line' id='line_1_49' title="bbox 390 4927 1561 4994; baseline 0.002 -15"><span class='ocrx_word' id='word_1_399' title='bbox 390 4927 483 4979; x_wconf 80' lang='lat' dir='ltr'><strong>Bucar</strong></span> <span class='ocrx_word' id='word_1_400' title='bbox 493 4943 531 4978; x_wconf 90' lang='lat' dir='ltr'><strong>on</strong></span> <span class='ocrx_word' id='word_1_401' title='bbox 543 4942 559 4991; x_wconf 85' lang='lat'>3</span> <span class='ocrx_word' id='word_1_402' title='bbox 571 4928 667 4992; x_wconf 56' lang='lat' dir='ltr'><strong>Septa</strong></span> <span class='ocrx_word' id='word_1_403' title='bbox 685 4928 750 4979; x_wconf 89' lang='lat' dir='ltr'><strong>Oec.</strong></span> <span class='ocrx_word' id='word_1_404' title='bbox 763 4929 797 4979; x_wconf 84' lang='grc' dir='ltr'><strong>Ε.</strong></span> <span class='ocrx_word' id='word_1_405' title='bbox 812 4942 869 4993; x_wconf 89' lang='lat'><strong>127.</strong></span> <span class='ocrx_word' id='word_1_406' title='bbox 1049 4942 1074 4991; x_wconf 84' lang='lat'><strong>5.</strong></span> <span class='ocrx_word' id='word_1_407' title='bbox 1091 4935 1160 4980; x_wconf 76' lang='lat' dir='ltr'><strong>anta</strong></span> <span class='ocrx_word' id='word_1_408' title='bbox 1171 4929 1329 4990; x_wconf 84' lang='lat' dir='ltr'><strong>victoriam]</strong></span> <span class='ocrx_word' id='word_1_409' title='bbox 1342 4930 1393 4980; x_wconf 82' lang='lat' dir='ltr'><strong>See</strong></span> <span class='ocrx_word' id='word_1_410' title='bbox 1402 4930 1491 4994; x_wconf 71' lang='lat' dir='ltr'><strong>Aduo.</strong></span> <span class='ocrx_word' id='word_1_411' title='bbox 1502 4933 1561 4991; x_wconf 83' lang='lat'><strong>655.</strong></span> 
     </span>
    </p>

    <p class='ocr_par' dir='ltr' id='par_1_14' title="bbox 427 4993 1523 5062">
     <span class='ocr_line' id='line_1_50' title="bbox 427 4993 1523 5062; baseline 0.001 -17"><span class='ocrx_word' id='word_1_412' title='bbox 427 4998 467 5045; x_wconf 88' lang='lat'><strong>16.</strong></span> <span class='ocrx_word' id='word_1_413' title='bbox 485 4994 622 5058; x_wconf 87' lang='lat' dir='ltr'><strong>libellum]</strong></span> <span class='ocrx_word' id='word_1_414' title='bbox 630 4995 675 5046; x_wconf 88' lang='lat' dir='ltr'><strong>No</strong></span> <span class='ocrx_word' id='word_1_415' title='bbox 681 4993 773 5047; x_wconf 87' lang='lat' dir='ltr'><strong>doubt</strong></span> <span class='ocrx_word' id='word_1_416' title='bbox 780 4995 964 5062; x_wconf 80' lang='lat' dir='ltr'><strong>thedialogue</strong></span> <span class='ocrx_word' id='word_1_417' title='bbox 1052 5009 1091 5046; x_wconf 87' lang='lat'><strong>10.</strong></span> <span class='ocrx_word' id='word_1_418' title='bbox 1109 4996 1232 5058; x_wconf 88' lang='lat' dir='ltr'><strong>veteres]</strong></span> <span class='ocrx_word' id='word_1_419' title='bbox 1244 4996 1286 5046; x_wconf 76' lang='lat' dir='ltr'><strong>ct.</strong></span> <span class='ocrx_word' id='word_1_420' title='bbox 1300 4995 1445 5048; x_wconf 85' lang='lat' dir='ltr'><strong>Phaedrus</strong></span> <span class='ocrx_word' id='word_1_421' title='bbox 1457 5010 1485 5048; x_wconf 86' lang='lat' dir='ltr'><strong>v.</strong></span> <span class='ocrx_word' id='word_1_422' title='bbox 1498 4998 1523 5047; x_wconf 91' lang='lat'><strong>8.</strong></span> 
     </span>
    </p>
   </div>
   <div class='ocr_carea' id='block_1_7' title="bbox 0 0 2028 5900">
    <p class='ocr_par' dir='ltr' id='par_1_15' title="bbox 0 0 2028 5900">
     <span class='ocr_line' id='line_1_51' title="bbox 0 0 2028 5900; baseline 0 0"><span class='ocrx_word' id='word_1_423' title='bbox 0 0 2028 5900; x_wconf 95' lang='lat' dir='ltr'><strong> </strong></span> 
     </span>
    </p>
   </div>
  </div>
 </body>
</html>
