4042 5900
1295 632 1422 694 354
1949 628 2349 692 LETTERS
2392 627 2503 692 OF
2544 625 2955 690 ERASMUS
3571 629 3601 707 [

1856 798 2058 859 2547.
2151 791 2257 857 To
2288 790 2664 857 BomAcn
2693 790 3136 857 Anaunion.

1371 932 1558 988 Basle
1582 930 1712 987 MS.
1741 931 1878 988 AN.
1908 931 2033 987 111.
2067 945 2156 999 15.
2186 943 2278 1001 79.
3134 930 3585 1003 (Freiburg.)

1370 1008 1443 1074 Q.
1475 1023 1565 1063 22.
2992 1005 3440 1078 <September
3473 1022 3601 1077 153:

1362 1118 1479 1179 [An
1523 1118 1760 1183 original
1805 1118 1993 1177 letter,
2041 1119 2363 1183 autogr-aph
2407 1118 2781 1183 throughout,
2828 1117 3073 1169 without
3120 1118 3459 1182 signatur-e
3477 1137 3498 1177 ς
3571 1134 3601 1169 s

1297 1185 1614 1235 ‘Basileae’
1648 1186 1707 1235 in
1739 1186 1839 1235 the
1869 1185 2103 1236 address
2124 1186 2394 1236 Boniface
2424 1186 2598 1235 noted
2625 1186 2726 1235 ‘D.
2753 1185 2913 1235 Eras.
2937 1183 3115 1234 Rota).
3190 1185 3264 1235 It
3291 1186 3350 1236 is
3376 1186 3601 1251 pen-ha}

1295 1268 1514 1302 answer
1537 1258 1599 1302 to
1623 1251 1731 1316 Ep.
1758 1267 1787 1302 2
1791 1254 1909 1315 546.
1978 1252 2100 1302 The
2123 1257 2388 1303 contente
2411 1252 2566 1302 show
2589 1251 2722 1302 that
2745 1252 2845 1302 the
2867 1251 3038 1303 letter
3059 1251 3320 1317 belongs
3347 1258 3419 1304 to
3441 1254 3559 1304 the
3581 1252 3601 1303 1

1296 1324 1429 1384 part
1452 1319 1513 1368 of
1535 1317 1908 1384 September]

1380 1408 1442 1472 S.
1485 1493 1499 1507 .
1529 1408 1682 1489 Ipse
1732 1410 1846 1469 vix
1898 1409 2273 1482 semiuiuuS,
2324 1429 2406 1470 ex
2453 1409 2677 1470 animo
2722 1408 2912 1470 doleo
2960 1407 3445 1471 calamitatem
3507 1410 3601 1473 do

1297 1512 1571 1636 moggic
1617 1576 1887 1637 domum
1937 1581 2104 1655 puta
2152 1594 2291 1636 esse
2342 1581 2547 1636 tuam.
2635 1575 2761 1636 Vbi
2806 1573 3226 1638 commodum
3281 1577 3448 1651 erit,
3501 1577 3601 1639 lul

1297 1665 1517 1721 tecum
1547 1659 1830 1737 quedam
1859 1659 2426 1720 communicauero
2455 1677 2693 1720 coram.
2782 1658 2958 1719 Bene
2986 1656 3154 1719 vale.

1240 1784 1271 1832 5
1381 1766 1639 1830 Clariss.
1672 1767 1945 1829 Doctori
1973 1767 2314 1830 Bonifacio
2341 1767 2793 1830 Amerbachio.
2881 1767 3193 1829 Basileae.

1967 2030 2168 2091 2548.
2264 2025 2480 2091 Facu
2511 2024 2716 2092 Jomz
2749 2025 3028 2092 Boium.

1376 2163 1625 2235 Leipzig
1650 2162 1778 2218 MS.
3189 2163 3409 2220 Basle.

1375 2240 1506 2294 EE.
1541 2240 1666 2306 158.
2962 2252 3036 2292 2ο
3061 2236 3443 2309 September
3478 2256 3601 2311 153

1368 2350 1484 2411 [An
1506 2348 1743 2413 original
1767 2348 1954 2407 letter,
1981 2347 2260 2414 probably
2282 2348 2636 2412 autograph3
2673 2363 2709 2397 a
2730 2348 3085 2412 comparison
3116 2348 3177 2400 of
3206 2348 3330 2399 this
3363 2349 3562 2402 letter
3593 2370 3601 2382 “

1301 2417 1410 2482 Ep.
1438 2430 1569 2480 2545
1593 2420 1853 2480 suggests
1875 2416 2007 2465 that
2029 2415 2218 2466 Boner
2238 2415 2351 2465 had
2378 2414 2655 2465 modelled
2678 2416 2766 2465 his
2790 2415 2960 2465 letter
2982 2431 3057 2466 on
3077 2416 3208 2465 that
3224 2415 3284 2465 of
3303 2417 3601 2481 Aychler,

1301 2484 1462 2534 there
1485 2484 1534 2533 is
1556 2487 1716 2547 great
1738 2482 2038 2547 similarity
2060 2483 2120 2532 in
2142 2482 2241 2531 the
2263 2481 2689 2546 handwritings.
2759 2482 2868 2532 For
2889 2482 3046 2532 John
3076 2482 3265 2533 Boner
3295 2497 3400 2534 see
3434 2484 3560 2551 Ep.

1301 2550 1536 2611 introd.]

1386 2640 1447 2703 S.
1536 2640 1781 2714 Timeo,
1841 2640 1945 2700 vir
2002 2640 2296 2701 omnium
2352 2658 2515 2718 quos
2574 2640 2763 2701 nouit
2820 2640 3105 2701 mundus
3164 2639 3590 2716 doctissime,

1303 2724 1586 2785 infantia
1635 2723 1750 2783 illa
1797 2741 1946 2784 mea
1994 2723 2144 2803 plus
2193 2722 2375 2784 ledat
2420 2742 2617 2800 quam
2664 2722 2940 2803 placeat,
2987 2724 3101 2801 qui
3144 2742 3186 2784 a
3231 2722 3447 2785 Musis
3496 2727 3601 2788 ad

1303 2807 1574 2880 alienus,
1598 2806 1722 2867 tibi
1751 2807 2184 2868 seuerioribus
2212 2806 2448 2868 studiis
2478 2808 2980 2886 occupatissimo
3008 2806 3386 2885 obstrepere
3417 2815 3493 2869 et
3526 2830 3601 2873 at

1303 2891 1715 2953 doctissimas
1744 2890 2110 2952 obtundere
2138 2891 2328 2971 nugis
2358 2891 2518 2951 meis
2552 2888 2881 2952 illiteratis
2915 2890 3145 2952 ausim.
3233 2889 3487 2953 Verum
3531 2913 3601 2955 al

1244 2996 1276 3047 5
1304 2975 1414 3036 ille
1443 2976 1512 3034 in
1533 2980 1601 3036 te
1623 2993 1807 3035 meus
1829 2981 1900 3036 et
1921 2975 2271 3036 admiratio
2293 2976 2708 3035 temerariam
2739 2993 2952 3036 meam
2973 2974 3318 3036 excusabit
3336 2976 3601 3038 sudati.-

1304 3059 1418 3137 qui
1446 3058 1572 3118 tibi
1599 3064 1869 3137 propter
1897 3064 2230 3119 ostensam
2257 3058 2447 3119 nobis
2477 3057 3004 3120 beneuolentiam
3028 3077 3096 3118 se
3118 3057 3484 3137 plurimum
3509 3080 3601 3140 qu

1305 3141 1623 3203 soluendo
1649 3161 1789 3202 esse
1817 3143 2028 3220 possit
2055 3141 2288 3203 debere
2316 3141 2605 3215 fatetur3
2651 3143 2765 3220 qui
2792 3142 3103 3220 dignatus
3123 3160 3192 3202 es
3214 3160 3333 3202 nos
3355 3161 3601 3205 conue1

1305 3227 1485 3286 tione
1516 3231 1635 3285 tua
1664 3224 1981 3304 indignos,
2012 3224 2254 3285 nedum
2284 3226 2351 3286 in
2380 3226 2807 3298 conuictores,
2839 3224 2950 3285 sed
2976 3226 3045 3284 in
3066 3230 3459 3304 perpetuam
3492 3246 3601 3289 am

1306 3311 1469 3369 tiam
1504 3309 1870 3381 admittere,
1901 3327 2035 3369 non
2071 3309 2282 3369 solum
2317 3308 2528 3388 epulis
2566 3308 2680 3370 sed
2718 3309 3111 3370 doctissimis
3152 3314 3223 3368 et
3264 3311 3601 3385 quottidie

1219 3414 1281 3449 10
1306 3411 1427 3453 nos
1457 3391 1796 3470 colloquiis
1827 3393 2108 3463 saciasti,
2132 3411 2259 3469 que
2290 3411 2409 3453 nos
2438 3392 2593 3454 olim
2625 3392 2955 3453 audiuisse
2984 3391 3330 3452 iuuabunt.
3420 3392 3601 3455 Eam

1306 3495 1443 3536 rem
1467 3475 1590 3536 tibi
1612 3475 1858 3554 gratias
1880 3493 2020 3553 ag0,
2046 3474 2322 3536 referam
2345 3477 2544 3536 etiam
2568 3475 2753 3535 breui
2773 3495 2889 3555 per
2909 3480 3215 3554 parentes
3238 3493 3439 3548 meos,
3466 3479 3601 3555 qui‘

1306 3564 1376 3619 et
1413 3560 1705 3619 animum
1746 3559 1816 3619 in
1850 3577 1971 3618 nos
2007 3564 2198 3619 tuum
2226 3564 2296 3620 et
2323 3557 2845 3638 hospitalitatem
2876 3558 3178 3620 omnibus
3207 3559 3276 3618 in
3304 3558 3521 3621 literis
3550 3581 3601 3622 11

1307 3642 1780 3703 commendaui.

1392 3724 1551 3786 Vale
1580 3731 1649 3786 et
1678 3724 1917 3785 Boneri
1944 3724 2264 3786 familiam
2286 3724 2490 3786 Musis
2512 3725 2647 3787 tuis
2668 3725 3377 3787 commendatissimam
3408 3724 3601 3802 habe²

1221 3826 1281 3877 15
1309 3808 1568 3869 Basilea
1597 3824 1677 3869 20
1707 3807 2034 3888 Septemb.
2071 3821 2249 3884 1531.

2132 3891 2280 3952 Tibi
2310 3910 2563 3970 semper
2589 3891 3034 3953 deditissimus
3063 3891 3345 3954 Ioannes
3374 3890 3601 3956 Bonax

1309 4083 1374 4143 d·
1392 3998 1788 4096 Doctissimo
1844 3999 2123 4062 Erasmo
2180 4000 2646 4074 Roterodamo,
2698 3999 2981 4062 Domino
3033 4020 3108 4062 ac
3165 4004 3543 4079 preceptori
3597 4031 3601 4063 i

1356 4101 1706 4161 igmssimo.

2037 4350 2235 4410 2549.
2331 4343 2436 4410 To
2467 4344 2670 4411 JOHN
2704 4344 2983 4410 Borma.
3028 4422 3037 4431 θ

1387 4482 1707 4555 Epistolae
1732 4482 2160 4547 Palaeonaeoi‚
2188 4499 2249 4554 p.
2279 4498 2334 4548 9.
3146 4479 3463 4551 Freiburg.

1386 4559 1466 4614 N.
1493 4576 1556 4630 p.
1584 4573 1729 4631 947:
1771 4558 1968 4614 Lond.
1995 4558 2164 4612 xxiv.
2195 4573 2301 4625 23:
2342 4557 2471 4612 LB.
2506 4572 2669 4613 1201.
2973 4573 3039 4610 21
3072 4555 3433 4628 September
3466 4571 3601 4626 1531

1758 4699 2066 4745 ERASMVS
2096 4699 2593 4746 ROTERODAMVS
2620 4698 2866 4744 IOANNI
2895 4700 3169 4745 BONERO
3200 4699 3250 4742 S.

1396 4792 1589 4867 Qvon
1625 4792 1938 4855 Stanislai
1973 4792 2201 4854 literae
2236 4794 2375 4855 sine
2411 4795 2545 4855 tuis
2579 4793 2665 4854 ad
2702 4813 2804 4854 me
2844 4793 3136 4873 perlatae
3173 4795 3348 4863 sunt,
3380 4809 3515 4869 quo
3549 4813 3601 4854 os

1310 4877 1563 4938 factum
1621 4878 1710 4937 sit
1764 4879 1998 4949 nesci0,
2052 4882 2170 4938 tua
2220 4883 2396 4938 certe
2452 4875 2846 4956 negligentia
2900 4876 3151 4937 factum
3209 4894 3339 4936 non
3396 4875 3601 4938 arbit1

1313 4959 1503 5021 Hanc
1548 4961 1722 5020 enim
1773 4960 1852 5021 de
1901 4965 1969 5021 te
2021 4961 2507 5039 persuasionem
2552 4960 2756 5032 indui,
2805 4959 3133 5021 Bonerum
3186 4957 3533 5033 Stanisla0‚
3592 4981 3601 5022 1
