4042 5900
432 652 494 712 270
758 647 957 712 narrans
978 646 1261 712 ornassuus
1540 652 1630 729 [1531

432 811 627 872 varietatem
648 807 732 870 nulli
753 808 932 870 amicitiam
953 807 1152 881 renunciaui,
1174 808 1365 888 praesertim
1387 808 1428 869 iis
1450 828 1539 888 qnos
1555 809 1632 871 mihi

432 893 604 973 singularis
618 892 760 954 eruditio
774 890 979 954 conciliauit:
1001 892 1036 953 in
1051 891 1171 971 quibus
1185 898 1219 953 te
1233 891 1287 952 vel
1301 892 1335 952 in
1355 893 1471 970 primis
1486 912 1632 967 numero,

388 1012 421 1048 10
432 978 486 1038 cui
506 977 644 1055 contigit
665 975 755 1055 quod
776 976 819 1036 M.
843 974 951 1037 Tullio
971 974 1037 1036 fuit
1054 980 1220 1054 negatum,
1243 974 1333 1054 quod
1354 974 1552 1055 Philelphus
1574 977 1634 1038 uhi

340 1063 344 1074 '
432 1065 622 1139 arroganter
637 1059 827 1131 uindicauit,
843 1065 882 1120 vt
896 1059 944 1119 ita
957 1077 1083 1138 pangas
1100 1077 1241 1131 carmen,
1257 1058 1352 1138 quasi
1365 1078 1540 1138 nunquam
1556 1061 1632 1122 atti-

431 1145 515 1224 geris
539 1143 682 1204 solutam
706 1143 896 1215 orationem,
923 1143 971 1202 ita
997 1141 1120 1203 scribas
1142 1160 1283 1221 prosam,
1307 1143 1401 1221 quasi
1426 1162 1506 1203 cum
1531 1143 1633 1205 Musis

431 1226 512 1288 nihil
534 1245 678 1305 unquam
699 1225 799 1286 fuerit
819 1226 1012 1287 commercii.
1055 1224 1128 1286 Hoc
1150 1225 1300 1286 diuorum
1321 1245 1441 1286 munus
1461 1232 1503 1288 tu
1522 1227 1633 1288 dudio

431 1316 533 1389 atque
547 1330 608 1370 vsu
622 1309 666 1370 ad
680 1328 844 1370 summum
858 1328 962 1388 vsque
976 1308 1169 1388 perduxisti.
1213 1307 1277 1382 Qui
1290 1310 1401 1388 potuit
1415 1309 1521 1388 igitur
1540 1329 1632 1372 mens

388 1425 419 1476 ¹5
431 1395 466 1455 in
479 1400 513 1455 te
527 1412 619 1454 amor
632 1392 844 1472 refrigescere,
859 1411 961 1471 quum
975 1394 1010 1453 in
1024 1397 1059 1453 te
1072 1397 1227 1471 augescat
1241 1392 1344 1453 indies
1363 1391 1396 1452 id
1418 1392 1511 1471 quod
1528 1412 1584 1454 me
1600 1394 1633 1454 in

432 1478 483 1538 tui
496 1476 747 1539 admirationem
765 1476 899 1556 rapuit?
942 1476 992 1537 De
1009 1475 1102 1536 adito
1121 1476 1269 1537 Louanio
1289 1474 1371 1536 nihil
1384 1476 1521 1537 excidit.
1567 1477 1631 1538 hle·

431 1562 512 1622 mini
527 1566 567 1622 vt
580 1560 706 1621 veneris
717 1579 791 1620 cum
802 1560 952 1639 Aegrano
963 1558 1085 1638 Syluio,
1097 1577 1156 1619 nec
1168 1560 1236 1619 sine
1251 1558 1454 1631 munusculo,
1464 1578 1634 1640 quamque

431 1644 655 1723 frigideiueris
666 1648 838 1722 acceptus:
861 1644 1005 1703 incensa
1015 1642 1080 1703 fuit
1091 1642 1181 1721 quod
1190 1642 1232 1703 ob
1241 1641 1463 1703 valetudinem
1473 1642 1520 1703 ab
1529 1644 1631 1704 omni-

432 1727 494 1788 bus
508 1728 666 1788 conuiuiis
684 1726 910 1799 abhorrerem
933 1730 1103 1805 praetcrea
1118 1725 1208 1805 quod
1225 1731 1299 1786 tum
1317 1725 1476 1804 temporis
1495 1726 1634 1788 alternis

386 1844 419 1879 20
431 1810 532 1872 ferme
547 1810 661 1871 diebus
675 1809 826 1871 adessent
840 1829 859 1870 e
870 1808 1043 1870 Germania
1056 1808 1275 1869 salutatorum
1285 1809 1370 1888 iuga,
1382 1827 1524 1887 quornm
1535 1828 1633 1871 nemo

432 1893 538 1956 voluit
553 1893 726 1967 discedere,
737 1894 798 1954 nisi
813 1892 933 1954 litteris
948 1898 1094 1954 onustus.
1139 1890 1211 1951 lam
1222 1898 1295 1952 tum
1309 1891 1416 1952 moliri
1430 1891 1634 1954 videbantur

431 1977 516 2038 hano
527 1977 683 2049 fabulam,
693 1996 713 2036 a
723 1995 789 2055 qua
801 1995 927 2056 semper
937 1975 1109 2036 abhorrui:
1132 1994 1204 2035 eam
1214 1981 1381 2054 utcunque
1391 1980 1546 2054 coeptam
1557 1995 1632 2056 pro·

431 2078 638 2141 grossamque
653 2078 765 2139 precor
779 2066 819 2120 vt
833 2059 913 2121 deus
927 2056 990 2119 ἀπὸ
1003 2064 1144 2137 μηχανῆς
1158 2062 1269 2118 vertat
1283 2059 1317 2119 in
1330 2057 1454 2119 laetum
1468 2060 1610 2121 exitum.

472 2143 645 2204 Anselmus
659 2142 853 2221 Ephorinus,
868 2143 919 2203 vir
928 2141 1085 2220 singulari
1098 2140 1257 2214 doctrina,
1268 2143 1404 2221 parique
1414 2160 1546 2205 morum
1557 2163 1632 2225 pro·

386 2259 418 2310 ²5
432 2227 546 2300 bitatc,
568 2246 666 2306 quem
688 2224 934 2298 commendasti,
956 2224 1037 2286 mihi
1057 2225 1261 2304 gratissimus
1285 2231 1336 2285 est
1361 2226 1542 2300 conuictor,
1564 2247 1632 2306 qno

431 2316 543 2371 tamen
563 2329 628 2371 non
650 2309 784 2370 dabitur
804 2309 929 2370 diutius
950 2308 1025 2369 frui.
1069 2307 1136 2369 Sub
1156 2313 1352 2369 autumnum
1371 2313 1463 2388 petet
1482 2309 1630 2372 Italiam.

431 2393 581 2473 Agnosco
598 2394 801 2454 verissimum
819 2411 888 2453 esee
906 2391 997 2471 quod
1013 2391 1135 2464 scribis,
1155 2389 1189 2452 Si
1206 2396 1299 2452 totus
1318 2391 1372 2453 ille
1390 2392 1518 2453 Thraso
1532 2396 1630 2455 aesti-

431 2484 549 2549 metur,
564 2495 631 2537 non
644 2475 735 2537 valet
749 2475 927 2555 dupondio.
964 2473 1122 2535 Hercules
1136 2480 1247 2535 tamen
1257 2493 1425 2553 nunquam
1437 2493 1630 2555 congressus

431 2567 482 2622 est
503 2580 577 2621 cum
598 2566 746 2621 monstro
767 2559 990 2639 pertinaciore.
1035 2556 1152 2619 Omnia
1172 2559 1317 2630 concoxi,
1335 2577 1376 2618 ne
1394 2578 1453 2638 per
1474 2577 1529 2620 me
1553 2578 1629 2622 con-

385 2677 419 2727 3⁰
431 2649 620 2724 sequeretur
647 2643 737 2722 quod
765 2643 880 2704 ambit.
926 2641 1077 2702 Pascitur
1104 2641 1280 2702 mendaciis
1308 2660 1374 2701 non
1402 2640 1500 2702 aliter
1528 2661 1629 2721 quam

430 2726 647 2790 Chamaeleon
657 2746 747 2799 aura,
758 2745 817 2788 nec
828 2726 1003 2805 quicquam
1014 2724 1116 2786 habet
1126 2724 1253 2785 dulcius
1263 2743 1363 2803 quam
1373 2723 1450 2785 iuoo
1460 2727 1629 2804 quaesitas

430 2811 591 2892 gloriolas.
626 2810 798 2883 Mirareris,
808 2810 836 2870 si
846 2828 1015 2889 pemosscs
1025 2807 1182 2869 fabulam.
1214 2806 1277 2869 Sed
1288 2814 1414 2868 certum
1423 2814 1474 2869 est
1489 2810 1629 2889 posthac

431 2894 590 2974 negligere
604 2893 780 2973 gloriosum
794 2892 941 2954 militem.

473 2979 550 3058 Legi
563 2978 708 3057 epicedio.
727 2982 795 3050 tua,
814 2977 870 3038 sed
887 2976 1016 3038 nullum
1034 2977 1156 3037 maiore
1177 2994 1251 3035 oum
1272 2976 1372 3035 animi
1393 2974 1505 3037 dolore
1527 2995 1627 3056 quam

384 3095 418 3146 35
431 3062 594 3123 Bilibaldi.
617 3061 802 3123 Ioachimus
811 3060 885 3140 plus
894 3060 1013 3122 habere
1023 3060 1154 3121 videtur
1162 3077 1257 3119 curae
1266 3077 1365 3137 quam
1375 3064 1524 3121 naturae.
1552 3060 1628 3123 Non

430 3147 540 3207 omnia
550 3163 721 3224 possumus
732 3162 852 3205 omnes.
896 3143 937 3204 In
951 3149 1103 3204 scazonte
1113 3161 1233 3203 nouam
1245 3143 1418 3221 vsurpauit
1427 3142 1627 3217 libertatem,

431 3229 520 3290 haud
542 3230 609 3290 scio
630 3247 727 3307 quem
748 3232 908 3307 sequutus
929 3233 1095 3288 autorem:
1118 3245 1195 3286 nam
1214 3245 1296 3305 quos
1320 3244 1380 3304 ego
1402 3224 1474 3304 legi,
1501 3246 1629 3307 semper

430 3312 549 3374 finiunt
563 3331 694 3372 versum
709 3312 828 3372 cretico
842 3317 877 3371 et
891 3310 1044 3389 spondeo.
1089 3309 1170 3371 Vide
1182 3329 1280 3388 quam
1292 3309 1353 3370 sim
1364 3309 1510 3370 curiosus
1518 3329 1628 3372 rerum

430 3396 619 3456 alienarum.
663 3394 725 3456 Sed
740 3394 943 3456 Ioachimum
958 3392 1038 3453 mihi
1049 3392 1208 3454 salutabis
1218 3400 1376 3453 amanter.
1421 3392 1557 3455 Vtinam
1569 3400 1628 3456 tuo

385 3512 419 3561 40
431 3478 602 3539 commodo
612 3477 681 3551 fiat,
693 3484 733 3539 vt
742 3497 801 3538 nos
812 3477 864 3538 hic
879 3475 1056 3555 aliquando
1071 3478 1166 3536 visas.
1211 3475 1348 3536 Louanii
1362 3475 1476 3536 vidisti
1487 3476 1628 3539 hominis

431 3562 590 3635 vmbram,
608 3581 694 3623 nunc
712 3562 841 3622 visurus
858 3580 892 3621 es
912 3560 1063 3621 vmbram
1081 3559 1224 3619 vmbrae.
1269 3558 1461 3619 Theocritus
1478 3564 1559 3621 tuus
1576 3561 1627 3622 hic

430 3644 574 3706 nondum
597 3650 735 3724 prostat,
761 3643 820 3705 sed
840 3644 963 3705 curabo
984 3642 1142 3704 alicunde.
1186 3641 1327 3715 Quidam
1348 3649 1526 3704 narrarunt
1547 3644 1628 3705 mihi

430 3728 568 3789 edidisse
582 3735 616 3789 te
631 3730 742 3806 ingens
756 3726 910 3789 volumen
924 3728 1208 3806 epigrammatum,
1218 3726 1251 3786 in
1263 3744 1329 3803 quo
1340 3732 1425 3786 essct
1439 3726 1555 3787 crebra
1565 3729 1629 3789 mei

429 3812 571 3873 mentio:
594 3811 628 3872 id
643 3830 685 3871 an
700 3830 814 3871 verum
830 3812 873 3872 sit
887 3811 1004 3883 nescio,
1017 3816 1104 3871 certe
1116 3809 1274 3870 hactenus
1284 3810 1426 3869 nancisei
1440 3828 1507 3870 non
1522 3813 1627 3891 potui.

384 3927 417 3979 45
472 3896 560 3956 Bene
589 3894 671 3967 vale,
697 3894 831 3955 Eobane
860 3894 1054 3955 doctissime.
1098 3892 1257 3971 Friburgi.
1287 3893 1391 3971 pridie
1420 3898 1628 3972 pentecostes

430 3994 599 4041 sanum.

587 4101 627 4150 17.
646 4087 786 4152 Aegrauio
797 4085 827 4136 J.
937 4099 979 4150 45.
997 4086 1082 4136 Anno
1091 4093 1154 4150 poet
1166 4090 1345 4150 pentecostes
1356 4086 1419 4135 add.
1433 4085 1470 4134 N.

465 4219 504 4255 10.
518 4202 1001 4270 PhilolphusJGi.Ep.2446.113-16.
1053 4203 1121 4268 play
1132 4203 1162 4253 oi
1174 4203 1239 4252 that
1247 4217 1345 4261 namc;
1363 4202 1399 4252 ef.
1410 4203 1459 4253 the
1467 4202 1533 4253 title
1543 4203 1630 4268 given

465 4271 602 4389 16.dadito
629 4270 766 4330 Louanio]
792 4269 843 4320 See
871 4269 925 4333 Ep.
953 4269 1003 4334 870
1053 4267 1630 4386 fflfiminthecolloquystlrmisa'mas,

429 4339 534 4390 intro.
1104 4338 1170 4386 .i.8
1207 4373 1212 4384 .

466 4421 504 4470 17.
524 4407 654 4470 Aegrano
671 4402 778 4468 Syluio]
799 4403 824 4452 A
846 4402 1003 4452 Bohemian
1086 4418 1129 4467 34.
1147 4351 1284 4467 egssedia]
1297 4402 1413 4468 SeeEp.
1426 4401 1612 4466 2446introd.

429 4473 552 4524 admirer
573 4471 604 4522 oi
625 4471 777 4528 Erasmus3
796 4485 842 4519 see
865 4469 919 4534 Ep.
944 4470 1002 4532 872.
1073 4523 1074 4526 ,
1086 4474 1128 4534 36.
1146 4470 1319 4532 libertatem]
1347 4469 1408 4519 The
1433 4469 1537 4518 licence
1561 4485 1629 4520 con·

432 4555 492 4590 1211.
504 4540 597 4590 where
608 4538 632 4588 it
643 4536 831 4588 ieconcluded
842 4537 908 4586 that
919 4535 1002 4586 Eras-
1053 4537 1141 4588 sisted
1158 4538 1188 4586 in
1203 4536 1393 4599 substituting
1408 4550 1426 4584 a
1441 4535 1568 4585 tribrach
1583 4536 1630 4587 ior

429 4605 502 4657 mus‘
514 4621 641 4670 memory
651 4619 719 4668 may
726 4604 800 4653 have
808 4603 880 4653 been
889 4607 921 4652 at
930 4601 1004 4653 fault
1053 4619 1092 4655 an
1103 4604 1205 4655 iambic
1217 4605 1246 4654 in
1259 4604 1309 4653 the
1324 4601 1513 4668 penultimate
1524 4601 1599 4653 ioot.

429 4673 606 4737 inasserting
614 4672 679 4722 here
686 4671 752 4721 that
759 4669 888 4733 Egranus
895 4685 1002 4720 accom-
1086 4686 1128 4735 41.
1146 4669 1323 4729 Theocritus]
1341 4668 1629 4733 SeeEp.2446.134n.

429 4738 806 4805 paniedEobanusin1518.
1086 4753 1128 4802 42.
1147 4736 1279 4796 Quidam]
1302 4735 1338 4785 In
1357 4735 1512 4800 particular
1530 4734 1629 4787 Glare-

463 4821 504 4871 24.
522 4805 673 4855 Anselmus
688 4803 862 4869 Ephorinus]
878 4802 929 4853 See
946 4803 1001 4869 Ep.
1052 4819 1140 4863 anus;
1158 4819 1203 4855 eae
1214 4804 1268 4867 Ep.
1281 4805 1356 4865 2446.
1368 4803 1460 4861 89-90.

429 4885 496 4936 2539
507 4871 612 4922 introd.
1086 4885 1127 4935 43.
1146 4870 1395 4936 epigrammatum]
1413 4869 1464 4919 See
1477 4867 1532 4933 Ep.
1550 4873 1628 4934 2446.

463 4952 504 5001 ²7·
522 4938 641 5000 Thraso]
684 4936 870 5003 Eppendorii,
913 4936 1002 4987 called
1051 4951 1114 4998 oon.

429 5004 863 5070 below‘milesglorioaus'irom
872 5003 1001 5055 Plautue'
