4042 5900
388 678 484 753 2523]
758 670 814 735 TO
835 670 1031 734 ALFONSO
1053 670 1214 733 VIRVES
1521 672 1583 733 325

387 852 479 895 mum
500 832 594 893 illum
614 838 650 893 et
669 850 863 911 generosum
885 830 1044 904 Paulum;
1073 831 1131 909 qui
1154 849 1222 891 non
1242 830 1308 892 alio
1327 831 1459 892 nomine
1479 830 1583 908 magis

387 916 557 995 gloriatur,
572 933 672 994 quam
692 914 782 994 quod
799 915 903 994 gratis
922 913 1072 975 docuerit
1090 912 1305 992 euangelium,
1320 913 1354 974 id
1372 919 1434 986 est,
1449 919 1583 974 tantum

388 1000 548 1071 laborum,
582 999 811 1078 periculorum,
844 997 1069 1070 afflictionum,
1105 1003 1222 1076 suopte
1257 1003 1392 1077 sumptu
1427 998 1584 1075 victuque

388 1084 577 1163 susceperit,
592 1081 720 1155 obierit,
732 1080 930 1142 exhauserit.
972 1080 1122 1143 Nouerat
1137 1082 1188 1141 vir
1201 1081 1284 1160 pius,
1299 1081 1352 1141 cui
1366 1079 1495 1142 labores
1509 1079 1584 1141 illos
1596 1086 1630 1136 80

387 1167 582 1239 foeneraret,
594 1165 718 1227 sciebat
729 1183 823 1226 suam
834 1164 1016 1225 mercedem
1027 1165 1062 1225 in
1073 1169 1149 1226 tuto
1160 1165 1347 1243 repositam,
1359 1163 1448 1244 apud
1458 1164 1583 1224 iustum

388 1250 537 1322 iudicem,
549 1251 615 1311 imo
629 1248 719 1329 apud
733 1248 1000 1327 benignissimum
1014 1247 1194 1321 dominum,
1206 1248 1263 1326 qui
1273 1247 1464 1328 centuplum
1475 1246 1584 1307 reddit

387 1335 421 1394 in
437 1332 498 1394 hoc
514 1332 632 1406 seculo,
647 1339 682 1393 et
697 1333 802 1393 vitam
817 1338 985 1392 aeternam
1000 1332 1034 1392 in
1049 1331 1172 1393 futuro.

430 1415 536 1490 Quem
557 1415 637 1476 mihi
658 1416 840 1476 arriserunt
860 1414 919 1476 illa
937 1420 997 1475 tua
1014 1414 1116 1476 verba
1132 1416 1168 1475 in
1185 1414 1324 1493 epistola
1341 1420 1410 1486 tua,
1430 1413 1472 1474 In
1490 1413 1584 1475 aulas

388 1500 614 1579 proficiscitur,
636 1500 752 1579 incipit
773 1497 961 1578 praedicare
982 1516 1050 1559 non
1071 1516 1115 1571 se,
1137 1497 1196 1559 sed
1217 1497 1340 1558 ordinis
1361 1498 1412 1558 sui
1435 1498 1583 1576 insignia,
1596 1503 1629 1565 85

388 1602 456 1644 non
485 1582 654 1644 hominum
683 1587 879 1655 commenta,
905 1581 962 1642 sed
989 1579 1175 1642 Christum!
1219 1580 1309 1642 Haec
1338 1580 1459 1660 legenti
1483 1598 1584 1659 quam

387 1667 495 1727 multa
509 1666 590 1727 mihi
605 1665 783 1727 veniebant
796 1665 832 1725 in
846 1671 1000 1737 mentem,
1017 1682 1102 1743 quae
1118 1665 1308 1743 frequenter
1327 1663 1370 1725 ab
1388 1663 1584 1725 ecclesiastis

388 1749 510 1822 audiui,
523 1767 642 1828 magno
656 1768 731 1810 cum
746 1749 849 1810 animi
862 1749 927 1809 mei
940 1747 1040 1809 tedio.
1083 1747 1133 1809 Ea
1147 1766 1214 1809 non
1227 1746 1309 1809 libet
1323 1747 1375 1808 hic
1390 1766 1583 1809 commemo·

388 1852 469 1894 rare.
514 1831 730 1894 Thrasonicas
748 1831 878 1910 gloriae,
898 1837 1073 1909 quaestum
1093 1830 1229 1893 olebant
1249 1831 1369 1892 omnia.
1412 1829 1475 1904 Qui
1496 1849 1584 1891 nunc

387 1918 421 1977 in
443 1914 696 1977 monarcharum
717 1915 811 1977 aulas
832 1921 1054 1988 accersuntur,
1073 1933 1115 1975 ne
1135 1914 1243 1976 dicam
1262 1915 1461 1994 irrumpunt,
1481 1931 1631 1992 quum90

388 2000 606 2079 profiteantur
638 1998 894 2072 mendicitatem,
925 1997 1072 2078 plerique
1104 1999 1220 2059 statim
1251 1997 1404 2059 ambiunt
1439 1999 1583 2071 mitram,

388 2082 504 2144 deinde
529 2083 676 2162 galerum
699 2082 956 2154 cardinalicium,
977 2081 1119 2160 denique
1140 2080 1302 2161 triplicem
1330 2099 1495 2143 coronam.
1538 2080 1584 2142 At

388 2173 467 2227 tuus
481 2166 704 2245 Hieronymus
717 2164 848 2227 Christo
862 2164 1058 2238 venabatur,
1073 2184 1140 2226 non
1154 2164 1225 2226 sibi.
1269 2164 1320 2225 Ex
1334 2164 1431 2226 aulae
1445 2164 1583 2243 pompis,

387 2249 514 2329 opibus,
537 2249 670 2323 deliciis,
696 2248 800 2311 nihilo
824 2249 898 2329 plus
923 2249 1092 2309 contraxit
1115 2249 1189 2309 vitii
1213 2267 1313 2327 quam
1337 2249 1442 2328 pisces
1469 2267 1488 2310 e
1516 2247 1584 2309 sale

387 2335 525 2394 marino.
568 2332 610 2393 In
633 2332 741 2394 medio
763 2333 844 2394 luxu
866 2332 1057 2393 macerabat
1078 2350 1196 2411 corpus
1217 2350 1314 2393 suum
1335 2332 1471 2405 ieiuniis,
1492 2337 1527 2392 et
1549 2332 1629 2397 in95

388 2417 583 2477 seruitutem
611 2415 790 2496 redigebat,
818 2434 860 2477 ne
887 2415 974 2477 iorte
1003 2414 1076 2477 eliis
1104 2414 1298 2494 praedicans
1326 2417 1395 2495 ipse
1425 2414 1585 2494 reprobus

387 2500 578 2561 efficeretur.

429 2582 585 2644 Instabat
610 2588 778 2644 extremus
798 2587 893 2643 actus
914 2580 1114 2660 apostolicae
1134 2580 1276 2655 iabulae,
1298 2582 1333 2642 in
1354 2599 1420 2660 quo
1441 2582 1584 2660 seipsum

387 2668 534 2745 egregius
558 2665 679 2727 artifex
704 2671 882 2745 superaret.
925 2663 1198 2726 Subministrauit
1221 2664 1407 2744 Imperator
1433 2663 1584 2726 Christus

388 2749 485 2811 militi
496 2750 748 2821 suomateriam,
760 2767 827 2828 qua
836 2749 995 2809 virtutem
1006 2766 1100 2809 suam
1111 2747 1265 2809 eximiam
1275 2747 1429 2809 omnibus
1439 2746 1582 2808 declara·
1599 2764 1647 2801 100

388 2840 448 2894 ret.
491 2831 648 2893 Centurio
667 2830 838 2894 Cornelius
858 2831 976 2893 ambiit
994 2831 1085 2893 Petri
1101 2830 1311 2910 colloquium,
1328 2838 1363 2893 et
1381 2832 1583 2911 impetrauit.

388 2915 592 2996 Hieronymo
602 2921 739 2996 paratus
753 2922 805 2978 est
815 2914 901 2978 alter
911 2916 1061 2977 centurio
1071 2912 1269 2996 Stephanus,
1281 2916 1390 2995 patria
1400 2914 1582 2988 Ianuensis,

388 3002 444 3078 qui
453 3002 561 3061 sitiret
569 2999 785 3080 euangelium.
822 2999 1407 3061 Pudoremexcussitassiduaefebris
1415 2998 1583 3072 violentia,

387 3085 494 3144 mittit
510 3084 644 3163 legatos.
687 3084 734 3145 At
748 3083 970 3162 Hieronymus
984 3082 1066 3144 nihil
1083 3082 1259 3145 deterritus
1276 3082 1383 3143 morbi
1399 3081 1584 3162 pestilentis

388 3168 548 3246 contagio,
571 3174 709 3228 vocatus
731 3167 846 3228 inuisit
866 3166 1127 3240 decumbentem,
1148 3185 1254 3245 neque
1274 3165 1309 3226 id
1332 3165 1451 3227 semel:
1476 3164 1583 3238 docet,
1598 3182 1646 3232 105

387 3249 539 3322 consulit,
555 3249 719 3323 hortatur,
734 3249 933 3323 consolatur,
944 3249 1040 3311 audit
1054 3269 1175 3312 arcana
1189 3251 1341 3329 pectoris,
1352 3248 1432 3328 quid
1446 3248 1583 3310 multis?

388 3333 467 3394 dum
483 3333 530 3393 illi
545 3333 654 3395 cibum
669 3335 838 3394 ministrat
852 3334 981 3394 animae
995 3334 1111 3406 vitam,
1123 3335 1191 3413 ipsc
1205 3353 1246 3394 ex
1260 3332 1462 3412 aegrotantis
1476 3331 1584 3393 halitu

388 3415 499 3477 hausit
513 3419 657 3496 corporis
671 3423 821 3478 mortem.

430 3499 492 3560 Hic
518 3519 597 3561 vero
621 3502 752 3561 sinister
776 3501 938 3579 quispiam
963 3501 1126 3579 interpres
1149 3499 1358 3561 reclamabit:
1391 3498 1482 3561 Nihil
1505 3497 1584 3559 iecit

388 3585 476 3656 noui,
500 3583 627 3644 faciunt
650 3583 736 3645 idem
758 3583 816 3645 alii
837 3582 994 3663 plerique,
1018 3583 1167 3662 captauit
1189 3602 1211 3643 a
1232 3584 1392 3644 moriente
1416 3581 1582 3662 praedam.
1598 3598 1646 3635 110

388 3665 451 3727 Sed
476 3668 510 3726 in
536 3666 596 3728 hoc
620 3686 750 3746 quoque
773 3666 914 3728 Paulum
939 3667 1091 3728 imitatus
1113 3673 1173 3740 est,
1197 3666 1255 3745 qui
1277 3667 1323 3727 sic
1344 3666 1517 3746 pecuniam
1540 3664 1583 3726 ab

387 3749 541 3811 Asiaticis
555 3750 686 3829 collegit
700 3751 734 3811 in
749 3749 931 3811 subsidium
945 3768 1137 3829 pauperum,
1153 3756 1192 3810 vt
1209 3768 1276 3812 non
1292 3748 1399 3810 solum
1416 3750 1484 3828 ipse
1501 3747 1583 3809 nihil

388 3832 463 3893 inde
485 3835 698 3912 contingeret,
720 3852 835 3894 verum
855 3834 958 3895 etiam
976 3835 1103 3895 cauerit
1122 3851 1163 3894 ne
1180 3832 1232 3894 vel
1247 3833 1388 3912 suspicio
1404 3830 1584 3912 probabilis

388 3923 498 3994 posset
522 3918 555 3976 in
577 3918 685 3995 ipsum
708 3916 858 3979 recidere.
901 3916 1107 3978 Ducatcrum
1129 3916 1205 3996 plus
1227 3917 1336 3977 minus
1358 3915 1470 3977 decem
1493 3914 1585 3975 milia

388 3999 521 4077 reliquit
531 3998 728 4079 Stephanus,
739 4019 779 4061 ea
792 3999 933 4062 tradidit
946 4000 981 4060 in
991 4018 1109 4061 manus
1119 3998 1333 4079 Hieronymo,
1344 4018 1412 4060 non
1423 4004 1584 4077 tanquam
1598 4014 1646 4065 115

387 4085 555 4144 executori
579 4085 780 4157 testamenti,
802 4083 861 4145 sed
884 4090 925 4145 vt
943 4102 983 4145 ea
1003 4102 1064 4163 pro
1085 4103 1146 4145 suo
1166 4082 1333 4145 arbitratu
1355 4085 1390 4144 in
1411 4083 1483 4163 pios
1504 4100 1583 4142 vsus

387 4166 595 4245 expenderet.
638 4167 718 4228 Eius
741 4185 887 4228 summae
912 4168 941 4227 si
963 4166 1026 4228 sibi
1048 4166 1170 4230 bonam
1193 4172 1322 4246 partem
1346 4171 1510 4228 seruasset
1532 4166 1584 4226 vir

387 4256 458 4309 tam
477 4249 568 4310 vtilis
593 4248 815 4330 Reipublicae,
837 4251 911 4329 quis
932 4257 1084 4329 negasset
1108 4251 1143 4311 in
1167 4251 1239 4329 pios
1263 4268 1342 4311 rsus
1367 4249 1584 4312 collocatam?

388 4332 583 4393 Terentium
597 4333 658 4395 sibi
676 4352 744 4395 non
762 4332 935 4414 decerpsit,
950 4351 1052 4412 quum
1072 4333 1195 4412 alioqui
1214 4333 1271 4394 vix
1290 4333 1389 4395 vilius
1411 4332 1458 4394 rei
1478 4332 1583 4411 perni-

387 4417 505 4477 ciosius
526 4417 571 4478 sit
591 4418 779 4496 contagium
798 4435 899 4496 quam
917 4418 1084 4497 pecuniae.
1127 4416 1245 4478 Iamsi
1265 4422 1373 4478 totam
1390 4414 1584 4478 contulisset
1599 4431 1647 4470 120

387 4518 447 4560 suo
466 4502 675 4573 monasterio,
690 4499 789 4579 quod,
804 4506 844 4561 vt
862 4519 903 4562 ex
918 4502 986 4561 tuis
1000 4499 1148 4580 intelligo
1166 4498 1296 4573 litteris,
1311 4500 1446 4581 pietatis
1465 4497 1583 4578 opibus

387 4582 532 4662 locuples
545 4589 605 4656 est,
621 4602 719 4645 censu
736 4601 894 4663 perquam
913 4589 1023 4657 tenue,
1042 4591 1077 4646 et
1095 4583 1259 4664 religionis
1279 4583 1452 4663 disciplina
1472 4581 1584 4662 pulcre

387 4672 624 4739 constructum,
651 4667 797 4728 externis
825 4666 979 4728 aediliciis
1006 4668 1186 4740 ruinosum,
1214 4668 1288 4745 quis
1315 4685 1383 4728 non
1412 4665 1585 4746 probasset

387 4749 699 4829 hominisergasuos
708 4748 1117 4829 cvppdorascbaritatcmi
1148 4748 1342 4812 Obolumex
1350 4755 1585 4811 tantasumma

387 4852 454 4893 non
465 4832 587 4894 decidit
598 4834 674 4906 suis,
686 4834 836 4895 fortassis
845 4833 1153 4896 obmurmuraturis.
1190 4833 1282 4896 Adeo
1291 4833 1431 4895 Paulina
1441 4831 1584 4911 quadam
1598 4848 1646 4900 125

386 4919 605 4996 generositate
628 4918 728 4991 cauit,
753 4936 795 4978 ne
820 4935 920 4997 quam
946 4936 1062 4980 ansam
1086 4917 1182 4979 daret
1205 4916 1374 4979 hominum
1399 4933 1527 4997 semper
1548 4916 1584 4977 in

816 5057 860 5108 94.
877 5042 1148 5110 plnsKrrnagisJ.
