4042 5900
403 691 500 769 ²379]
740 690 795 755 TO
816 686 1061 755 GERMANUS
1081 684 1270 755 BRIXIUS
1561 681 1602 753 39

403 850 457 909 cui
472 850 602 910 etiamsi
616 850 696 928 quid
711 850 891 911 humanum
906 851 1087 924 accidisset,
1106 853 1222 912 issum
1239 853 1296 930 qui
1311 851 1433 931 possim
1448 851 1491 911 ad
1502 870 1599 929 quae·
1614 870 1663 921 355

402 931 483 992 dam
496 934 677 994 amicorum
691 933 812 995 delicta
826 936 1008 995 conniuere.
1038 933 1124 1007 Quin
1138 935 1172 994 in
1186 941 1295 996 totum
1310 954 1349 995 eo
1363 934 1602 1014 degenerarunt

404 1014 575 1077 hominum
597 1036 703 1078 mores
725 1022 764 1078 vt
786 1017 881 1078 hodia
903 1037 1028 1097 cygnus
1049 1018 1140 1096 niger
1161 1024 1222 1078 aut
1243 1037 1360 1079 coruus
1378 1017 1473 1078 albus
1492 1019 1600 1079 minus

403 1117 480 1159 rara
497 1100 542 1160 sit
558 1102 631 1161 auis
653 1119 753 1179 quam
775 1099 880 1161 fidelis
901 1102 1044 1162 amicus:
1067 1107 1166 1161 tanta
1184 1102 1219 1161 in
1240 1100 1403 1180 plerisque
1424 1101 1600 1163 simulandi

403 1181 697 1262 dissimulandique
716 1182 876 1257 vafricies,
892 1190 1026 1245 tantum
1045 1184 1182 1245 fallendi
1199 1183 1383 1257 artificium,
1399 1183 1487 1245 οὐδὲν
1506 1183 1599 1262 ὑγιές,

401 1263 537 1345 κίβδηλα
558 1265 689 1328 ἅπαντα.
732 1267 778 1327 Et
803 1268 831 1327 si
859 1267 938 1346 qnid
959 1269 993 1327 in
1016 1267 1184 1328 nonnullis
1206 1268 1386 1346 comperies
1407 1269 1662 1346 synceriorisato

401 1348 551 1422 allectus,
564 1357 662 1411 tanta
675 1355 726 1411 est
740 1349 953 1412 voluntatum
967 1351 1200 1422 inconstantia,
1211 1349 1301 1411 dicas
1316 1350 1475 1430 Euripum
1486 1369 1597 1429 quem-

402 1433 502 1511 piam.
533 1432 625 1494 Alios
635 1433 808 1513 paululum
822 1434 965 1495 inuidiae
979 1435 1124 1495 deterret
1135 1433 1179 1493 ab
1192 1434 1346 1506 amicitia,
1359 1440 1491 1494 tantum
1503 1434 1599 1496 abest

402 1521 442 1574 vt
461 1535 549 1576 nunc
567 1535 677 1595 speres
695 1515 732 1577 τὸ
754 1521 817 1577 τῶν
833 1516 1145 1596 συναποθνῃσκόντων
1161 1515 1258 1595 γένος.
1302 1516 1393 1577 Alios
1415 1517 1598 1595 quamlibet

402 1597 485 1658 leuis
510 1599 748 1661 offensiuncula
771 1620 813 1661 ex
838 1602 951 1663 amicis
976 1601 1079 1661 vertit
1100 1601 1133 1661 in
1157 1600 1277 1661 hostes.
1321 1599 1405 1662 Sunt
1428 1601 1547 1678 quibus
1569 1603 1597 1662 si

401 1681 482 1760 quid
503 1681 698 1756 benefacias,
713 1683 846 1764 plumea
866 1689 918 1745 eat
938 1685 1066 1762 gratia;
1089 1685 1117 1744 ai
1138 1683 1218 1762 quid
1237 1683 1394 1756 offendas,
1415 1683 1595 1762 plumbeas,
1610 1690 1659 1751 ³65

399 1771 440 1824 vt
454 1766 503 1825 ait
517 1764 582 1839 ille,
597 1767 662 1827 iras
676 1775 803 1845 gerunt.

443 1848 517 1909 Hae
550 1868 611 1921 res,
641 1851 685 1911 mi
720 1850 821 1923 Brixi,
850 1850 931 1911 mihi
962 1849 1112 1930 plurimis
1139 1851 1370 1929 experimentis
1398 1856 1594 1929 compertae,

398 1930 529 1993 faciunt
548 1938 586 1993 vt
607 1932 776 1995 hominum
795 1935 957 1995 amicitias
977 1934 1179 1994 moderatius
1200 1933 1354 2006 ambiam,
1372 1932 1595 2013 indiligentius

399 2014 517 2087 colam,
546 2016 671 2077 minore
700 2036 774 2094 cum
804 2019 905 2079 animi
933 2017 1084 2078 molestia
1115 2017 1278 2077 amittam.
1334 2016 1453 2078 Tutius
1480 2022 1532 2078 est
1560 2018 1594 2077 in

399 2099 547 2159 amicitia
565 2098 688 2160 Christi
709 2102 946 2179 conquiescere,
966 2101 1024 2179 qui
1045 2118 1215 2178 nunquam
1237 2099 1358 2161 deserit
1378 2119 1476 2178 quem
1494 2101 1593 2160 semel
1607 2118 1657 2169 ³70

398 2182 433 2241 in
455 2182 635 2243 amicitiam
657 2186 824 2263 receperit.
868 2183 949 2244 Mihi
970 2185 1052 2244 satis
1073 2189 1125 2243 est
1150 2182 1236 2243 hunc
1258 2185 1404 2244 animum
1425 2190 1593 2263 praestare

397 2263 597 2338 hominibus,
612 2272 651 2327 vt
670 2267 824 2346 prodesse
841 2267 993 2328 studeam
1015 2267 1176 2339 omnibus,
1197 2266 1334 2338 laedere,
1350 2265 1439 2345 quod
1460 2267 1592 2346 quidem

396 2347 433 2407 in
458 2355 594 2422 maest,
620 2351 802 2424 neminem;
836 2351 996 2412 bonorum
1019 2351 1181 2411 amicitias
1208 2368 1275 2410 non
1300 2369 1461 2429 respuere,
1486 2370 1592 2430 neque

396 2432 554 2510 cuiquam
571 2432 649 2494 dare
666 2435 790 2495 iustam
809 2453 942 2494 causam
961 2434 1004 2494 ab
1024 2434 1169 2494 amicitia
1190 2432 1371 2505 recedendi,
1391 2452 1450 2494 nec
1469 2433 1591 2494 discru-

395 2515 477 2575 ciari
496 2516 524 2575 si
543 2517 617 2593 quis
637 2523 769 2595 praeter
784 2518 938 2578 meritum
960 2535 1070 2577 meum
1092 2515 1249 2577 discedat.
1293 2516 1389 2577 Leuis
1406 2518 1493 2577 enim
1512 2516 1591 2578 haec
1604 2534 1654 2584 375

395 2598 527 2658 iactura
544 2605 605 2672 est,
622 2601 649 2659 si
668 2602 793 2661 amicus
812 2619 882 2661 esse
901 2600 999 2662 desiit
1016 2601 1072 2679 qui
1089 2618 1260 2678 nunquam
1279 2619 1355 2660 vere
1371 2600 1436 2660 fuit
1456 2602 1589 2662 amicus.

396 2680 535 2742 Talibus
552 2684 664 2743 amieis
684 2684 802 2744 iustius
819 2683 968 2762 indigner
987 2702 1087 2762 quam
1105 2682 1249 2744 Budaeo.
1293 2683 1415 2744 Verum
1434 2683 1513 2743 dum
1531 2703 1591 2762 ego

394 2771 518 2825 cuncta
551 2765 629 2826 boni
661 2767 833 2828 consulens
864 2786 963 2845 pergo
991 2768 1055 2827 mei
1086 2766 1200 2827 similis
1231 2785 1311 2840 esse,
1345 2766 1425 2845 quid
1457 2767 1591 2828 obsecro

394 2847 505 2908 laudis
518 2848 645 2910 feram?
688 2849 910 2929 Iniquioribus
925 2850 1062 2911 videbor
1076 2849 1211 2910 timidus
1227 2869 1265 2910 ac
1280 2869 1409 2929 pugnae
1429 2856 1588 2921 metuens,

393 2932 566 3011 aequiores
580 2932 771 3014 probabunt
785 2934 887 2995 animi
901 2934 965 2996 mei
978 2934 1247 2995 moderationem.
1291 2933 1411 2995 Verum
1426 2933 1515 3012 apud
1530 2934 1589 2995 hos
1602 2936 1652 2999 380

392 3035 414 3076 a
431 3016 551 3094 quibus
563 3017 635 3077 fero
648 3017 839 3097 suffragium
850 3017 1093 3090 moderationis,
1105 3017 1185 3097 qnid
1199 3017 1306 3078 laudis
1319 3017 1403 3079 feret
1413 3017 1589 3080 Budaeus?

393 3098 558 3159 Malebam
581 3101 627 3161 sic
647 3102 829 3162 innocentis
850 3101 981 3162 laudem
1001 3100 1123 3162 auferri
1143 3101 1223 3162 mihi
1242 3106 1281 3162 vt
1302 3100 1438 3162 Budaeo
1459 3100 1589 3162 cederet

392 3182 613 3244 humanitatis
638 3191 672 3245 et
700 3184 850 3245 candoris
878 3186 1098 3263 praeconium.
1142 3183 1251 3257 Quum
1279 3184 1428 3245 homines
1455 3185 1589 3246 minime

392 3265 520 3345 stupidi
528 3266 830 3329 videbuntinillius
841 3270 970 3347 scriptis
980 3275 1176 3347 perpetuum
1187 3269 1251 3329 mei
1261 3268 1402 3328 nominis
1410 3267 1587 3342 silentium,

392 3357 468 3410 tum
489 3368 618 3410 morsus
638 3350 766 3429 aliquot
787 3350 961 3430 figuratos:
993 3358 1109 3412 contra
1130 3353 1163 3410 in
1185 3351 1277 3412 libris
1298 3351 1379 3411 meis
1400 3350 1481 3411 nihil
1507 3351 1586 3412 obli·
1601 3354 1650 3416 ³85

391 3452 534 3510 quarum
554 3433 775 3512 stropharum,
796 3434 852 3494 sed
870 3435 961 3496 illum
983 3441 1018 3495 et
1037 3436 1230 3496 nominatim
1252 3441 1286 3495 et
1300 3434 1414 3514 plenis,
1429 3440 1468 3495 vt
1482 3436 1586 3508 aiunt,

391 3515 483 3575 tibiis
497 3517 598 3577 toties
611 3517 846 3596 praedicatum,
862 3517 942 3596 quid
955 3518 1045 3597 apud
1060 3537 1094 3578 se
1109 3517 1325 3597 cogitabunt?
1353 3516 1438 3590 Quid
1453 3517 1587 3578 dicent?

390 3597 480 3672 Quid
500 3599 591 3660 aliud
612 3620 712 3679 quam
734 3600 828 3662 illum
846 3620 916 3662 esse
935 3603 1015 3661 mire
1034 3600 1220 3674 candidum,
1238 3621 1290 3662 me
1309 3600 1397 3661 illius
1416 3601 1587 3679 splendore

391 3688 614 3744 macrescere?
657 3684 882 3762 Epistolarum
903 3703 985 3764 opus
1000 3684 1192 3745 iamdudum
1210 3684 1262 3745 hic
1277 3691 1507 3762 expectamus3
1530 3685 1587 3746 sed

391 3766 502 3825 nescio
521 3784 587 3844 quo
607 3775 705 3845 pacto
725 3774 837 3829 vestra
855 3766 963 3828 Gallia
983 3787 1098 3847 parum
1119 3768 1303 3846 benigniter
1320 3769 1470 3845 impartit
1491 3768 1586 3827 nobis
1600 3782 1650 3831 390

391 3868 454 3910 sua
475 3848 593 3911 studia.
638 3849 804 3929 Siquidem
825 3850 1085 3912 Commentarios
1107 3851 1232 3911 Budaei
1254 3869 1424 3928 nunquam
1445 3851 1586 3911 antehac

391 3933 537 3993 nancisci
551 3935 655 4013 potui,
671 3934 774 3994 donec
789 3933 919 3995 Basilea
933 3935 1028 3994 nobis
1042 3953 1097 3995 eos
1112 3933 1207 3995 daret
1221 3934 1287 3994 illic
1303 3952 1448 3994 excusos.

434 4013 498 4075 Sed
515 4023 554 4076 vt
573 4015 685 4077 finiam
705 4018 888 4096 epistolam,
905 4017 1038 4079 Tusano
1057 4017 1250 4097 iampridem
1267 4018 1362 4077 irasci
1376 4016 1584 4089 desistamus,

389 4116 451 4158 nec
466 4117 623 4177 aspernor
637 4101 725 4161 illius
740 4101 929 4174 amicitiam,
946 4102 973 4161 si
987 4120 1047 4162 nos
1063 4101 1125 4161 huc
1141 4107 1174 4161 te
1194 4107 1311 4161 autore
1325 4107 1491 4178 prouocet.
1534 4100 1585 4161 Ne

389 4180 439 4242 illi
454 4182 586 4260 quidem
601 4183 668 4263 pilo
682 4203 754 4247 sum
770 4185 879 4245 minus
889 4187 1023 4257 amicus,
1035 4186 1091 4263 qui
1102 4186 1136 4244 in
1148 4191 1218 4245 tam
1230 4182 1377 4244 horribili
1387 4189 1585 4263 tempestate
1598 4196 1648 4247 395

389 4264 523 4325 clauum
542 4274 668 4327 rectum
684 4274 876 4329 constanter
894 4274 1005 4328 tenere
1023 4287 1089 4329 non
1103 4269 1223 4348 potuit.
1252 4265 1585 4328 Grammaticulorum

388 4348 525 4409 naenias
546 4348 629 4410 adeo
649 4353 832 4430 contempsi
854 4370 981 4429 semper
1002 4359 1040 4410 vt
1061 4351 1191 4412 oblatas
1213 4370 1254 4411 ne
1274 4351 1431 4430 inspicere
1453 4350 1585 4428 quidem

388 4431 545 4510 dignatus
565 4434 635 4493 sim.
680 4434 818 4495 Videtur
836 4435 949 4495 fatalis
966 4434 1128 4513 quaedam
1147 4434 1264 4496 horum
1284 4441 1471 4513 temporum
1486 4434 1583 4512 pesti-

387 4513 502 4587 lentia,
525 4523 564 4576 vt
585 4516 826 4578 sordidissimus
848 4517 988 4596 quilibet
1009 4538 1076 4579 non
1098 4525 1226 4579 metuat
1248 4519 1281 4578 in
1302 4515 1483 4595 quemlibet
1504 4514 1583 4575 cele-

388 4598 482 4659 brem
497 4606 557 4660 aut
572 4600 738 4661 eruditum
754 4600 949 4661 debacchari
962 4601 1080 4661 libellis
1095 4601 1221 4661 aeditis.
1256 4600 1308 4661 Ab
1324 4600 1384 4660 hac
1399 4598 1584 4678 petulantia
1595 4612 1648 4663 400

388 4699 492 4760 quum
514 4702 555 4742 ne
572 4681 743 4744 Caesarem
763 4684 897 4762 quidem
918 4702 979 4744 sua
998 4685 1148 4763 potentia
1169 4684 1286 4745 reddat
1301 4689 1423 4754 tutum,
1446 4682 1583 4742 nimium

386 4765 449 4825 sim
469 4765 640 4839 delicatus,
658 4768 686 4827 si
705 4786 812 4829 meam
835 4775 957 4828 sortem
977 4765 1062 4827 lerre
1076 4785 1142 4828 non
1164 4767 1296 4847 possim.
1341 4765 1414 4827 Iam
1429 4766 1473 4825 sit
1487 4784 1582 4844 pecu·

417 4987 478 5048 36⁶.
495 4983 554 5044 illa]
565 4983 660 5034 Plaut.
673 4983 755 5035 Peon,
768 4999 793 5048 3.
805 4987 831 5035 6.
845 4988 886 5035 16.
1009 4984 1065 5048 Ep.
1077 4997 1153 5049 ²4²2·
1166 4985 1207 5049 84.

418 5052 478 5115 389.
495 5051 691 5116 Epistolarum
712 5053 797 5117 opus]
819 5051 897 5110 BE⁸;
921 5051 958 5101 cf.
1044 5064 1101 5114 391.
1119 5049 1353 5110 Commentarios]
1364 5049 1407 5100 Oi.
1419 5049 1448 5100 ll.
1461 5052 1571 5114 269-76.
