4042 5900
431 664 473 725 rc
759 660 958 727 carmes
979 662 1035 726 or
1057 661 1262 728 asianus
1538 666 1636 747 [1530

473 823 643 885 Molanum
664 829 724 885 tuo
747 824 880 885 nomine
900 822 1045 886 salutaui
1063 824 1263 904 plurimum
1285 826 1314 887 is
1335 825 1379 887 ad
1400 844 1517 888 cenam
1536 834 1636 890 tuum

431 907 559 969 detinet
580 907 761 981 Quirinum.
805 908 1011 969 Detenturus
1033 927 1123 969 eram
1145 928 1217 969 cras
1238 909 1282 970 ad
1302 909 1501 989 prandium
1527 910 1636 972 sedis

432 997 566 1052 veretur
579 1010 620 1052 ne
634 992 704 1051 eius
717 992 752 1050 in
768 991 910 1052 reditum
927 992 976 1052 bis
987 1011 1139 1053 numeres
1150 1011 1209 1070 per
1220 991 1318 1053 horas
1328 992 1475 1073 singulas
1490 1012 1550 1055 sue
1564 994 1636 1055 dies

431 1094 531 1136 more.
574 1074 627 1135 Ad
649 1074 710 1135 hoc
732 1094 804 1135 sum
826 1094 847 1136 a
868 1076 1001 1155 propria
1022 1075 1121 1136 domo
1142 1076 1261 1137 timore
1282 1076 1385 1155 pestis
1406 1076 1579 1157 profugus,
1595 1084 1634 1139 vt

385 1168 419 1218 80
431 1159 544 1230 nouit;
567 1157 624 1218 vbi
643 1157 725 1219 alias
746 1158 866 1220 redibit
887 1177 908 1218 a
929 1164 974 1230 te,
995 1158 1171 1219 humanius
1184 1159 1376 1238 excipietur.
1420 1158 1527 1233 Quem
1542 1160 1635 1223 Deus

431 1242 577 1322 optimus
591 1242 754 1302 maximus
769 1261 854 1302 vnus
869 1248 1010 1320 vtroque
1024 1242 1058 1302 in
1070 1241 1201 1303 homine
1209 1242 1267 1303 diu
1275 1248 1412 1305 tueatur
1421 1243 1634 1306 incolumem.

473 1324 525 1385 Ex
540 1325 698 1386 Tornaco.
739 1324 804 1385 kal.
820 1324 1017 1386 nouembris.

1031 1407 1122 1468 Tuus
1137 1415 1177 1469 vt
1190 1409 1341 1471 minister
1356 1409 1392 1471 P.
1408 1409 1592 1473 Barbirioa.

473 1516 704 1579 Eruditissimo
719 1517 800 1590 viro,
815 1515 949 1578 domino
964 1516 1004 1577 D.
1021 1516 1161 1578 Erasmo
1177 1515 1434 1580 Rotherodamo.
1451 1518 1618 1601 Friburgi.

646 1735 852 1824 ²8”2405²⁴²²
898 1735 1005 1802 Facu
1023 1734 1230 1804 Ganuauns
1246 1738 1412 1805 Bsmos.

468 1865 592 1937 Leipzig
604 1865 669 1920 MS.
1300 1868 1395 1922 From
1407 1866 1464 1923 the
1475 1867 1584 1924 court.

467 1940 534 1995 EE.
550 1955 613 2011 140.
1287 1942 1496 1999 8November
1512 1958 1597 2013 1530.

465 2057 523 2119 [An
538 2057 656 2121 original
671 2056 765 2116 letter,
781 2057 896 2107 written
913 2057 952 2122 by
965 2073 984 2106 a
999 2062 1152 2123 secretary,
1166 2058 1330 2120 addressed,
1342 2060 1497 2121 corrected,
1509 2061 1570 2112 and
1583 2062 1638 2114 the

431 2124 523 2175 Greek
535 2130 590 2189 put
602 2124 631 2174 in
649 2124 689 2188 by
700 2124 823 2174 Brixius.
859 2123 889 2173 It
900 2139 958 2173 was
975 2124 1127 2189 published
1145 2125 1184 2190 by
1195 2125 1311 2177 Brixius
1327 2127 1357 2177 in
1374 2127 1419 2178 his
1431 2126 1638 2181 &numeriae

430 2198 549 2255 quatrwr
559 2191 596 2241 od
613 2191 723 2241 totidem
734 2191 808 2241 ciros
821 2190 998 2241 clarissimos.
1034 2191 1167 2242 Eiusdem
1179 2192 1322 2256 Epictetus
1333 2201 1451 2258 quotuor
1467 2195 1505 2246 od
1521 2196 1638 2248 midam

430 2259 505 2376 claros
515 2258 695 2374 dadiximorl.
730 2257 863 2387 Είυῖἕΐνίι
880 2257 981 2308 Versus
992 2258 1097 2321 aliquot
1114 2259 1151 2309 od
1162 2259 1343 2311 Franciecum
1355 2261 1513 2314 Galliarum
1526 2262 1636 2327 Rem.

455 2326 521 2384 aris,
558 2362 564 2374 .
613 2326 776 2388 eche,1531
833 2361 839 2373 .

661 2472 846 2517 onamvs
861 2472 1000 2517 BRIXIVS
1015 2473 1150 2519 EBASMO
1165 2474 1397 2520 somonam

473 2582 521 2643 H1
549 2582 629 2643 mihi
643 2582 721 2653 dies,
736 2586 776 2641 vt
791 2582 818 2641 si
833 2582 890 2660 qui
905 2601 1051 2660 vnquam
1066 2583 1131 2656 alii,
1147 2583 1254 2644 multo
1273 2583 1492 2646 honestissimi
1505 2604 1546 2647 ac
1559 2587 1635 2667 pnl-

431 2666 581 2728 cherrimi
603 2666 665 2726 visi
686 2664 786 2737 fuere,
809 2672 843 2726 et
858 2664 990 2744 quidem
1012 2685 1079 2727 non
1101 2668 1204 2746 magis
1223 2686 1296 2728 mea
1317 2687 1418 2747 quam
1439 2674 1501 2731 tua
1519 2671 1635 2744 etiarn,

432 2750 576 2822 Erasme‚
599 2768 706 2809 causa.
750 2748 837 2809 Nam
859 2748 940 2809 mihi
960 2750 1103 2828 primum
1123 2756 1326 2812 rennuerunt
1340 2758 1486 2813 veterem
1499 2753 1635 2834 amplis·

432 2834 506 2894 simi
520 2832 795 2894 cuiusdam-viri
809 2832 916 2894 dicam
935 2852 979 2894 an
994 2834 1171 2913 principis?
1197 2840 1284 2895 certe
1303 2836 1459 2915 principis
1472 2840 1509 2897 et
1522 2838 1635 2918 magni

403 2916 816 2998 5principis-amicitiam,
826 2916 916 2978 iham
928 2915 1061 2995 quidem
1071 2918 1136 2978 iam
1150 2917 1226 2979 inde
1240 2917 1283 2979 ab
1294 2918 1466 2998 vtriusque
1480 2926 1634 2984 nostrum

431 3000 653 3062 adulescentie
683 3000 809 3061 Romae
837 3001 964 3073 initam,
991 3001 1048 3061 sed
1078 3020 1240 3062 annorum
1269 3002 1345 3082 plus
1374 3003 1483 3064 minus
1512 3005 1634 3084 viginti

432 3085 543 3164 spacio
567 3103 624 3163 per
645 3085 817 3162 vtriusque
842 3083 885 3144 ab
908 3084 1014 3144 altero
1036 3083 1220 3145 absentiam
1242 3087 1385 3165 sopitam
1405 3087 1510 3166 magis
1529 3106 1633 3166 quam

432 3168 625 3228 extinctam.
669 3166 796 3227 Deinde
814 3167 911 3227 iidem
934 3166 1002 3226 dies
1021 3166 1102 3227 dum
1121 3168 1225 3240 nobis,
1242 3168 1302 3229 hoc
1321 3177 1373 3230 est
1387 3169 1569 3232 clarissimo
1582 3170 1633 3233 illi

433 3251 571 3331 principi
587 3270 624 3310 ac
640 3250 729 3322 mihi,
745 3251 957 3310 suauissimos
976 3250 1016 3310 de
1037 3250 1272 3312 excellentibus
1292 3252 1402 3314 seculo
1421 3260 1538 3315 nostro
1552 3254 1632 3316 viris

389 3360 420 3396 ιο
433 3353 596 3394 sermones
622 3334 765 3411 pariunt,
789 3339 859 3394 tam
884 3332 1044 3394 celebrem
1069 3340 1205 3413 tamque
1228 3335 1440 3397 honorificam
1465 3338 1517 3397 tui
1541 3357 1631 3399 men-

433 3419 555 3478 tionem
570 3419 656 3477 inter
670 3435 730 3476 nos
742 3417 881 3477 intulere
896 3423 935 3476 vt
944 3417 1087 3477 iudicare
1103 3418 1159 3478 vix
1175 3418 1314 3479 habeam
1329 3420 1397 3479 vtri
1411 3438 1452 3479 ex
1466 3419 1632 3483 ambobus

432 3501 527 3561 nobis
542 3501 723 3572 iucundior,
738 3499 873 3573 dulcior,
893 3502 1027 3560 suauior
1045 3520 1084 3560 ea
1104 3502 1262 3563 extiterit.
1306 3501 1420 3563 Talem
1439 3503 1527 3564 enim
1541 3504 1630 3566 idem

432 3583 488 3645 ille
502 3603 579 3663 erga
594 3590 627 3644 te
644 3584 862 3656 voluntatem,
878 3589 948 3644 tam
963 3602 1161 3663 propensum
1181 3586 1232 3645 tui
1248 3585 1394 3646 studium
1410 3604 1488 3666 prae
1504 3605 1539 3647 se
1553 3586 1630 3662 fert,

433 3674 472 3728 vt
493 3669 527 3727 in
549 3674 583 3728 te
605 3687 671 3728 non
692 3667 797 3727 solum
819 3667 961 3728 amando
976 3667 1149 3728 sedetiam
1164 3667 1342 3743 laudando,
1357 3668 1557 3744 extollendo,
1573 3670 1630 3732 ad·

389 3775 419 3824 15
433 3750 583 3811 mirando
598 3770 639 3811 ne
654 3750 734 3810 mihi
748 3751 880 3829 quidem
895 3751 957 3830 ipsi
973 3751 1067 3826 (nihil
1082 3770 1133 3810 me
1146 3751 1288 3831 amplius
1303 3752 1409 3813 dicere
1424 3771 1519 3832 posse
1533 3759 1630 3833 puto)

433 3834 602 3895 concedat.
646 3833 719 3907 Qua
732 3853 773 3894 ex
788 3853 823 3894 re
837 3833 926 3913 apud
942 3853 993 3894 me
1005 3834 1060 3894 ille
1071 3832 1216 3895 obtinuit
1230 3842 1279 3908 vt,
1291 3854 1393 3913 quum
1407 3837 1471 3916 ipsi
1485 3837 1521 3897 in
1535 3856 1629 3917 prae·

433 3919 540 3978 sentia
561 3937 628 3979 non
649 3924 710 3978 tuo
731 3918 834 3997 magis
856 3937 957 3996 quam
978 3936 1052 3978 meo
1071 3919 1203 3997 proprio
1217 3920 1348 3980 nomine
1363 3938 1560 3999 magnopere
1576 3939 1631 3982 me

433 4000 551 4062 debere
572 4000 742 4081 profiterer
768 4000 859 4079 (quid
881 4002 916 4060 ni
934 4007 1046 4061 autem
1062 4001 1096 4061 id
1110 4000 1276 4062 facerem?
1298 4003 1341 4062 ad
1362 4021 1459 4080 quem
1474 4001 1631 4066 videlieet

433 4090 512 4145 tuae
533 4085 567 4144 in
589 4091 753 4163 vtranque
774 4090 903 4164 partem
922 4084 1013 4163 apud
1032 4086 1165 4162 quosuis
1179 4086 1434 4146 existimationis
1447 4085 1536 4148 bona
1550 4106 1630 4166 pars

387 4186 493 4248 copto
516 4174 635 4229 mutua
659 4174 694 4229 et
716 4188 756 4229 ea
781 4186 901 4246 magna
923 4169 1009 4228 inter
1034 4187 1095 4228 nos
1120 4169 1359 4229 necessitudine
1384 4169 1631 4247 quodammodo

433 4249 599 4313 redundat
609 4252 640 4328 ἔ),
655 4258 728 4312 tum
743 4270 821 4312 vero
835 4270 963 4312 mecum
978 4252 1047 4331 ipse
1058 4256 1238 4312 statuerem
1253 4253 1359 4331 prima
1369 4271 1499 4332 quaque
1513 4260 1631 4318 nostra

433 4336 477 4397 ad
491 4341 525 4396 te
539 4334 679 4414 epistola
693 4341 727 4396 te
742 4333 784 4395 de
798 4334 885 4395 illius
905 4341 975 4396 tam
996 4334 1125 4414 prolixo
1138 4354 1215 4413 erga
1230 4342 1264 4396 te
1278 4336 1389 4397 animo
1403 4355 1470 4398 non
1491 4337 1628 4401 caelare.

434 4419 506 4480 Tua
520 4419 606 4480 enim
621 4418 742 4479 referre
761 4419 888 4499 putaui,
904 4418 938 4479 id
959 4425 998 4479 tu
1014 4424 1053 4478 vt
1072 4419 1258 4479 rescisceres
1279 4425 1314 4479 et
1328 4419 1426 4480 simul
1447 4439 1506 4501 per
1519 4422 1629 4484 ocium

433 4502 524 4564 istud
543 4502 587 4563 ad
605 4500 699 4562 illum
716 4501 829 4563 literas
851 4501 964 4575 dares3
988 4519 1073 4580 quae
1092 4500 1225 4579 quidem
1244 4502 1366 4563 indices
1389 4522 1428 4564 ac
1449 4510 1630 4584 perpetuae

388 4609 421 4659 25
434 4584 677 4665 quodammodo
705 4591 807 4647 testes
836 4586 1016 4647 existerent
1044 4591 1180 4646 mutuae
1213 4586 1294 4646 item
1322 4592 1400 4648 tuae
1428 4606 1506 4666 erga
1533 4587 1629 4650 illum

434 4669 617 4730 voluntatis
634 4675 736 4747 atque
755 4669 884 4729 amoris.
928 4667 969 4729 Id
984 4668 1073 4747 quod
1087 4674 1121 4729 te
1140 4669 1242 4729 etiam
1261 4669 1350 4731 vltro
1368 4670 1536 4732 facturum
1558 4673 1629 4752 (qui

433 4752 484 4813 tui
498 4753 599 4813 animi
613 4751 737 4813 candor
750 4770 819 4812 esse
839 4751 935 4829 solet)
953 4771 1021 4814 non
1040 4750 1234 4825 nesciebam,
1251 4752 1391 4814 simodo
1410 4752 1473 4814 tibi
1494 4753 1630 4818 aliunde

433 4852 533 4914 quam
554 4854 596 4896 ex
617 4835 698 4896 meis
718 4835 762 4895 ad
783 4839 818 4895 te
838 4834 941 4896 literis
963 4854 1032 4896 rem
1055 4835 1161 4915 ipsam
1176 4841 1343 4914 vtcunque
1364 4835 1505 4898 olfacere
1525 4839 1630 4901 conti·

583 5012 657 5064 9404.
676 5014 718 5076 76.
736 5010 890 5074 Molanum]
902 5012 950 5078 iq.
962 5011 1170 5063 Molendinum:
1182 5026 1228 5062 see
1240 5013 1293 5077 Ep.
1307 5026 1353 5076 371
1366 5011 1472 5063 introd.
