4042 5900
319 676 417 755 2402]
669 673 793 737 FROM
815 673 1013 738 MATHIAS
1034 673 1186 737 KRETZ
1479 672 1520 735 73

362 832 479 913 Neque
500 852 579 894 vero
603 835 815 914 suspitiosum
836 833 899 896 tibi
919 853 988 895 esse
1009 833 1119 907 debet,
1141 834 1193 894 vir
1214 833 1356 913 digniss,
1382 833 1411 894 si
1434 832 1522 894 forte

318 918 437 978 rescies
457 936 512 978 me
532 936 591 996 per
612 917 692 978 haec
712 919 845 978 comitia
864 917 958 978 Eckii
973 917 1072 978 luisse
1087 917 1260 997 hospitem.
1304 916 1366 977 Fui
1381 918 1470 978 enim
1487 923 1523 977 et

319 999 420 1060 Fabri
435 999 649 1061 Vuiennensis
663 1001 814 1080 episcopi,
831 999 970 1074 cochlei,
986 1000 1096 1062 Vrsini
1115 1000 1320 1078 aliorumque
1339 1000 1522 1061 multorum

319 1084 448 1162 hospes,
464 1084 521 1162 qui
534 1084 598 1144 tibi
612 1091 692 1145 sunt
706 1085 843 1145 amiciss.
887 1084 965 1146 Fuit
979 1085 1068 1145 enim
1082 1083 1200 1145 domus
1213 1103 1288 1145 mea
1307 1084 1401 1144 velut
1414 1082 1521 1163 publi·

319 1185 396 1227 curn
413 1166 618 1228 eruditorum
638 1167 862 1229 diuersorium.
906 1168 1009 1229 Echio
1025 1186 1112 1241 vero,
1128 1168 1342 1246 quantumuis
1356 1166 1435 1227 olirn
1449 1185 1521 1246 pre·
1535 1178 1568 1228 23

319 1250 447 1329 captori
469 1268 552 1323 meo,
578 1250 705 1312 audens
729 1251 763 1311 in
785 1249 901 1312 fatiem
926 1252 1044 1324 restiti,
1073 1251 1219 1331 grauiter
1243 1270 1319 1311 eum
1344 1252 1395 1311 tui
1423 1269 1523 1311 causa

319 1332 505 1412 obiurgans.
535 1331 599 1395 Sed
608 1336 673 1395 iam
683 1335 773 1402 satis.
803 1332 837 1395 Si
847 1353 976 1396 sensero
986 1353 1081 1395 aures
1093 1341 1178 1407 tuas,
1190 1334 1337 1395 omnium
1348 1333 1522 1407 eruditiss,

320 1435 388 1477 non
403 1416 525 1477 offendi
540 1416 689 1478 balbutie
703 1436 785 1491 mea,
801 1437 861 1497 ego
877 1418 1015 1497 posthac
1035 1418 1176 1478 scribam
1194 1416 1358 1478 audatius.
1404 1416 1523 1478 Precor

320 1500 428 1643 leem
443 1498 623 1644 Opffliax.
639 1507 679 1562 vt
693 1508 727 1562 te
741 1502 806 1563 toti
819 1501 998 1563 christiano
1012 1501 1085 1563 orbi
1095 1501 1291 1562 incolumem
1302 1506 1412 1562 seruet
1423 1519 1523 1578 quam

347 1583 450 1644 'utiss
557 1603 607 1645 en.
1537 1596 1570 1646 30

363 1664 532 1745 Augustae
547 1666 744 1741 Vindelicae,
760 1686 781 1749 4
796 1666 913 1730 Kalen.
931 1667 1159 1741 Nouembrias,
1174 1668 1271 1729 Anno
1289 1674 1422 1729 nostrae
1436 1667 1521 1728 salu·

321 1749 366 1810 tis
382 1763 473 1827 1530.

574 1833 788 1895 Reuerendae
802 1834 855 1896 do.
871 1841 950 1896 tuae
960 1835 1144 1896 sacellanus
1159 1835 1304 1896 deditiss.

447 1916 590 1978 Mathias
604 1917 770 1991 Kretzius,
786 1919 873 1980 theo.
890 1918 1016 1992 doctor,
1031 1920 1241 1980 contionator
1255 1918 1479 1997 Augustensis.

364 2023 442 2086 Viro
465 2027 612 2087 omnium
635 2025 846 2088 celeberrimo
869 2026 1133 2106 doctissimoque,
1155 2027 1196 2088 D.
1220 2026 1358 2088 Erasmo
1384 2025 1521 2087 Rotero-
1537 2012 1570 2063 ³⁵

321 2106 422 2169 darno
445 2127 521 2169 vere
545 2109 708 2189 theologo,
732 2108 926 2171 Germaniae
955 2110 1074 2185 decori,
1100 2110 1233 2171 domino
1263 2129 1324 2171 suo
1352 2116 1523 2171 aeternum

322 2189 542 2254 obseruando.
586 2192 738 2272 Friburgi
753 2193 927 2274 Brisgoiae.

614 2396 772 2464 23ι’42403.
820 2398 873 2463 Το
890 2398 1065 2464 Erasmus
1082 2396 1231 2463 Sonare.

362 2498 482 2554 British
495 2498 638 2555 Museum
651 2500 717 2556 MS.
731 2501 813 2557 Add.
828 2503 931 2571 38512,
945 2502 966 2556 i.
982 2503 1029 2574 48.
1269 2500 1428 2571 Freiburg.

1204 2590 1242 2645 30
1254 2575 1389 2631 October
1404 2589 1486 2643 1530.

357 2675 415 2737 [An
426 2676 544 2741 on'ginal
556 2675 649 2737 letter,
661 2679 824 2744 autograph
831 2679 1018 2745 throughout.
1048 2678 1271 2744 'l'hepostacript
1279 2678 1348 2728 ison
1354 2693 1393 2727 an
1400 2676 1524 2727 inserted

321 2742 548 2809 slipasiniipp.
560 2758 636 2806 2501,
648 2746 737 2808 2532]

365 2824 398 2887 S.
417 2824 453 2886 P.
496 2825 616 2906 Accepi
635 2827 764 2888 litteras
786 2835 861 2890 tuas
879 2829 1088 2909 Antwerpiae
1107 2827 1204 2889 datas
1227 2844 1275 2904 13.
1299 2827 1351 2888 die
1372 2826 1523 2905 Augusti,

322 2908 381 2971 sed
396 2927 437 2970 ex
452 2908 602 2989 Augusta
616 2910 680 2972 huc
694 2913 820 2974 missas.
857 2913 907 2975 De
921 2912 1069 2994 epistolis
1079 2914 1114 2973 in
1124 2911 1277 2992 Angliam
1288 2911 1391 2973 amice
1402 2911 1525 2972 curatis

323 2993 431 3054 habeo
444 2994 594 3072 gratiam.
631 2994 782 3057 Demiror
796 3004 908 3059 autem
924 2996 1089 3076 quomodo
1102 2996 1213 3058 littere
1227 3001 1298 3057 tam
1313 2995 1371 3056 diu
1382 2994 1525 3055 heserint

322 3078 358 3138 in
371 3095 474 3138 manu
488 3075 641 3139 Goelenii.

366 3159 471 3239 Cupio
496 3161 578 3221 scire
600 3180 661 3241 pro
680 3164 773 3223 cuius
790 3165 869 3225 anni
886 3163 1022 3225 dimidio
1041 3163 1182 3224 Ioannes
1202 3162 1243 3224 de
1260 3161 1378 3223 Hondt
1397 3161 1554 3227 miserits

323 3243 364 3320 65
380 3243 529 3305 florenos.
573 3243 660 3306 Nam
676 3245 794 3308 Petrus
809 3247 979 3309 Barbirius
994 3247 1138 3309 debebat
1152 3248 1341 3326 pensionem
1358 3265 1416 3306 sex
1436 3263 1524 3305 men·

323 3328 410 3388 sium
424 3345 525 3405 quarn
539 3334 618 3389 ante
641 3348 744 3391 annos
767 3331 895 3409 aliquot
916 3333 1100 3411 intercepit.
1145 3330 1299 3391 Preterea
1318 3327 1525 3389 debebantur

323 3410 390 3472 due
404 3411 574 3491 pensiones
588 3430 609 3471 a
622 3410 708 3474 testo
728 3413 861 3474 Ioannis
882 3416 961 3475 anni
984 3429 1065 3493 1529
1079 3433 1182 3492 voque
1197 3414 1241 3474 ad
1254 3413 1376 3474 festum
1390 3410 1526 3472 Ioamris

323 3495 405 3556 anni
426 3507 516 3570 1530.
560 3492 656 3555 Nunc
671 3502 706 3557 et
721 3498 821 3558 tertia
839 3498 1015 3560 debebitur
1033 3518 1054 3559 a
1074 3497 1160 3559 iesto
1178 3495 1428 3558 Purificationis.
1472 3493 1525 3554 An

324 3576 495 3638 Barbirius
509 3576 585 3638 hinc
600 3579 701 3639 etiarn
715 3579 840 3659 aliquid
855 3582 1064 3661 interceperit
1081 3581 1199 3642 nescio.
1243 3579 1330 3640 Nam
1350 3578 1525 3639 obaeratus
1540 3593 1572 3629 10

324 3661 514 3742 pensionem
529 3679 637 3721 meam
652 3665 884 3743 oppigneraret
901 3664 1020 3725 Ioanni
1039 3665 1080 3725 de
1100 3664 1218 3725 Hondt
1236 3663 1341 3724 donec
1355 3661 1524 3722 soluisset:

324 3743 469 3806 debebat
497 3750 609 3805 autern
639 3745 778 3808 florenos
801 3748 1066 3828 quadringentos.
1110 3748 1182 3808 Hac
1207 3747 1249 3808 de
1275 3765 1309 3807 re
1330 3745 1443 3825 scripsi
1468 3763 1527 3823 per

323 3826 488 3889 Cannium
502 3825 673 3902 famulum,
690 3831 747 3891 sed
767 3832 794 3891 is
813 3831 870 3892 diu
891 3831 976 3892 hesit
995 3833 1029 3892 in
1049 3832 1164 3892 itinere
1183 3849 1252 3902 nec,
1268 3836 1307 3890 vt
1321 3829 1526 3909 promiserat,

325 3912 419 3973 venit
439 3908 644 3972 curtracum.
690 3913 809 3975 Postea
828 3915 958 3994 scripsit
979 3935 1013 3976 se
1033 3934 1088 3975 eas
1108 3914 1264 3994 epistolas
1283 3914 1408 3973 misisse
1422 3910 1467 3972 ad
1481 3917 1524 3972 te.

323 3995 379 4056 An
394 3994 455 4055 hoc
470 3995 514 4054 sit
528 4012 643 4055 verum
657 3998 776 4058 nescio.
1542 4008 1572 4056 15

367 4077 463 4152 Quod
478 4083 591 4138 autern
606 4078 647 4140 de
662 4079 818 4160 Fuggaris
832 4081 954 4154 scribis,
970 4101 1037 4143 non
1052 4082 1133 4142 satis
1153 4080 1309 4159 intelligo.
1353 4078 1423 4158 Ego
1442 4077 1525 4157 Fug-

324 4163 411 4242 garis
434 4159 516 4222 nihil
539 4164 694 4224 commisi.
739 4164 885 4226 Tantum
910 4165 979 4225 dixi
1004 4163 1141 4238 Quirino
1163 4170 1202 4224 vt
1221 4164 1395 4243 inspiceret
1420 4163 1447 4221 si
1469 4179 1527 4240 per

324 4247 490 4326 Fuggeros
504 4245 625 4322 possim
645 4246 764 4309 habere
781 4249 850 4309 sine
868 4248 1067 4309 detrimento
1086 4249 1258 4327 pecuniam
1280 4265 1397 4307 meam.
1440 4243 1527 4304 Nam

324 4338 378 4393 est
391 4328 471 4392 mihi
486 4346 561 4387 cum
580 4327 725 4392 Antonio
745 4331 892 4411 Fuggero
911 4351 1040 4393 summa
1060 4332 1217 4393 amicicia.
1260 4329 1324 4391 Sed
1345 4329 1433 4389 illius
1453 4345 1526 4407 pro·

360 4502 435 4552 240³.
453 4505 478 4552 6.
500 4501 656 4562 Barbirius]
680 4501 736 4551 For
757 4499 902 4550 Erasmus*
952 4499 1141 4549 commission.
1164 4492 1528 4557 Quirinuswasinstructed

324 4568 487 4620 difficulties
498 4571 568 4620 with
578 4569 638 4619 him
650 4584 697 4619 ses
708 4567 763 4632 Ep.
776 4581 851 4631 ²404·
953 4573 986 4616 ιο
1002 4566 1087 4616 make
1103 4566 1217 4629 inquiry
1230 4579 1267 4614 on
1282 4565 1333 4613 the
1369 4563 1431 4612 oint
1444 4560 1528 4610 when

362 4639 402 4687 16.
421 4635 457 4685 de
474 4636 621 4701 Fuggaris]
639 4635 669 4685 It
685 4634 779 4685 would
795 4648 904 4698 appear
954 4634 989 4683 he
1004 4632 1161 4697 joumeyed
1178 4637 1210 4682 to
1226 4630 1336 4695 Englan
1360 4667 1366 4678 .
1401 4628 1461 4678 But
1477 4627 1528 4677 the

324 4703 393 4754 that
415 4702 560 4753 Erasmus'
584 4702 701 4768 English
722 4700 827 4751 friends
847 4701 902 4750 dis·
954 4701 1065 4764 Fugger
1080 4704 1167 4763 agent
1184 4699 1214 4747 in
1234 4698 1371 4760 Antwerp
1388 4709 1479 4744 seems
1496 4699 1528 4743 to

325 4769 531 4821 trustedlouis
540 4769 679 4820 deCastro
684 4767 900 4819 andthatliras·
953 4767 1028 4816 have
1039 4771 1099 4816 met
1106 4766 1157 4815 the
1169 4765 1303 4829 inquiries
1312 4763 1409 4812 rather
1417 4759 1526 4824 rudely.

325 4852 392 4887 mus
398 4837 594 4902 thoughtthat
600 4838 650 4886 the
658 4835 902 4900 Fuggers,having
952 4833 1089 4883 Erasmus
1106 4831 1220 4882 learned
1236 4832 1308 4881 irem
1325 4828 1434 4886 Cholsr,
1452 4828 1527 4877 how·

325 4902 688 4961 world-wideconnexions,
696 4900 902 4967 mightbeable
952 4915 1020 4950 ever
1034 4899 1100 4964 (Ep.
1113 4900 1188 4962 2384.
1199 4899 1277 4961 75—8)
1291 4897 1358 4945 that
1369 4896 1404 4945 Α.
1417 4895 1528 4972 Fuggsr

324 4977 359 5022 ιο
375 4971 450 5021 have
466 4971 517 5021 the
533 4970 652 5036 English
671 4969 791 5035 pensiori
809 4974 902 5019 trans·
952 4966 1010 5017 had
1041 4964 1248 5030 subsequently
1277 4963 1393 5013 written
1423 4969 1456 5012 ιο
1482 4961 1528 5011 his

324 5036 432 5089 mitted
448 5037 572 5089 without
585 5038 642 5090 loss
656 5051 695 5088 on
709 5036 854 5101 cxchmgc
870 5049 903 5085 or
952 5035 1091 5099 Antwerp
1102 5037 1189 5098 agent
1201 5031 1231 5082 in
1242 5031 1293 5082 the
1303 5035 1418 5081 matter.
