4042 5900
325 677 422 757 ²411]

622 849 722 912 2411.
769 846 822 913 To
837 845 1010 913 Lonrnzo
1025 845 1227 913 Oanrnmo.

363 973 524 1045 Epistulae
536 974 680 1030 Floridae
692 990 723 1045 p.
738 975 784 1029 82.
1243 975 1402 1046 Freiburg.

362 1048 624 1194 KL13914137Np.
641 1052 729 1104 1016:
750 1049 848 1105 Lond.
863 1049 946 1105 xxvi.
964 1065 1016 1118 15:
1164 1057 1206 1117 (c.
1220 1049 1302 1105 Nov.
1316 1052 1386 1118 fin.)
1403 1064 1484 1120 153⁰·

358 1241 395 1303 [A
407 1242 475 1294 date
486 1243 657 1294 somewhere
667 1242 792 1294 towards
803 1244 853 1294 the
864 1242 938 1293 close
949 1244 980 1293 of
991 1243 1153 1294 November
1164 1258 1255 1295 seems
1266 1243 1369 1309 clearly
1380 1244 1523 1296 indicated

324 1308 364 1373 by
375 1310 554 1375 expressions
565 1310 657 1360 which
668 1316 784 1375 suggest
795 1310 862 1360 that
873 1310 1009 1361 Erasmus
1021 1311 1045 1360 ia
1056 1325 1147 1360 avare
1159 1311 1225 1362 that
1240 1312 1290 1361 tha
1306 1312 1373 1361 Diet
1385 1312 1415 1362 oi
1432 1313 1521 1376 Auga-

323 1375 434 1440 burgis
450 1375 542 1426 ended
561 1377 618 1437 (aee
633 1375 661 1426 ll.
680 1378 749 1439 1-5).
784 1376 852 1427 'l'his
869 1377 893 1426 is
906 1378 1064 1427 consistent
1080 1377 1150 1428 with
1161 1378 1212 1428 the
1224 1378 1283 1428 lact
1294 1379 1361 1428 that
1371 1377 1523 1443 Campegio
1594 1395 1596 1399 ’

323 1441 483 1492 forwerdad
494 1443 545 1493 the
556 1441 642 1494 letter
652 1450 684 1494 to
698 1442 816 1494 Salviati
828 1444 886 1502 (see
897 1443 952 1508 Ep.
965 1446 1041 1493 206⁶.
1053 1445 1118 1507 79n)
1130 1459 1168 1494 on
1179 1458 1213 1493 20
1224 1444 1291 1494 Dec.
1306 1458 1379 1507 1530.

357 1508 543 1568 Coelestinus,
559 1511 589 1559 in
603 1510 731 1575 printing
745 1510 795 1560 the
813 1508 899 1561 letter
913 1511 943 1559 in
960 1510 1005 1559 bis
1021 1509 1148 1561 Historia
1165 1510 1355 1570 Gemitimm,
1374 1511 1413 1570 iii,
1431 1527 1460 1577 p.
1478 1514 1521 1572 ⁶9,

323 1574 451 1641 supplies
461 1591 480 1626 a
494 1577 686 1635 mouth-date,
699 1577 866 1642 September
882 1590 906 1641 7,
919 1577 1044 1642 perhaps
1061 1577 1100 1641 by
1111 1578 1253 1628 inierence
1268 1578 1342 1628 irem
1355 1578 1430 1643 Epp.
1443 1579 1520 1641 2382,

322 1642 400 1705 2383.
435 1642 495 1693 The
506 1658 584 1693 same
595 1644 786 1702 mouth-date,
799 1643 939 1708 probably
949 1642 1066 1694 derived
1082 1644 1155 1694 irem
1170 1643 1355 1702 Coeleatinua,
1368 1645 1392 1693 is
1407 1646 1522 1695 written

322 1710 387 1758 into
403 1724 421 1759 a
437 1724 511 1775 copy
528 1711 558 1760 oi
575 1709 615 1760 Ν*
632 1711 716 1775 given
733 1715 765 1760 to
782 1710 818 1760 R.
838 1709 945 1760 Faaach
962 1710 991 1759 in
1011 1712 1077 1773 1636
1091 1709 1148 1760 and
1164 1725 1227 1761 now
1244 1712 1274 1760 in
1289 1711 1340 1761 the
1356 1710 1522 1776 Univeraity

322 1775 451 1840 Library,
466 1776 559 1827 Basle.
594 1776 655 1827 'l'he
670 1792 804 1842 passages
818 1777 848 1826 in
861 1776 901 1836 J.,
916 1776 1008 1827 which
1025 1792 1073 1826 are
1089 1776 1201 1827 exciaed
1217 1778 1246 1827 in
1262 1777 1311 1837 K..
1323 1793 1372 1827 are
1385 1778 1469 1843 given
1483 1777 1523 1842 by

321 1841 391 1900 LB..
403 1843 495 1892 which
506 1842 622 1894 derived
633 1844 713 1894 them
725 1843 798 1893 from
809 1842 993 1894 Coeleetinue.
1017 1843 1094 1894 That
1105 1844 1175 1908 they
1184 1843 1321 1909 belonged
1332 1849 1364 1894 to
1375 1844 1426 1894 the
1437 1844 1523 1894 letter

321 1924 355 1959 aa
372 1909 520 1974 originally
535 1910 678 1961 delivered
690 1916 722 1960 to
738 1910 889 1974 Campegio
906 1910 930 1959 ia
947 1909 1031 1960 made
1047 1911 1155 1960 certain
1172 1910 1212 1975 by
1229 1911 1380 1976 Campegio
1398 1909 1520 1970 himself,

323 1976 397 2034 who,
406 1976 578 2042 lorwarding
586 1976 770 2028 theletterto
779 1976 906 2035 Salmati,
918 1978 1029 2027 writes:
1043 1976 1166 2027 ‘hiando
1174 1977 1342 2028 unalettera
1350 1977 1521 2037 diErasmo;

322 2041 429 2093 vedere
444 2048 555 2108 quanto
571 2042 591 2094 il
607 2044 707 2103 scrive,
720 2043 788 2094 iorsi
804 2057 863 2094 non
877 2044 950 2093 aeria
964 2042 1039 2093 male
1054 2043 1106 2093 che
1123 2043 1231 2109 l’opera
1245 2044 1318 2094 che’l
1334 2043 1395 2094 dice
1412 2042 1458 2094 del
1474 2043 1520 2095 nl.

322 2108 400 2174 Sign.
413 2108 532 2160 Albarto
543 2125 600 2161 non
612 2111 637 2161 si
647 2109 816 2175 publicasse,
829 2115 859 2160 et
870 2109 959 2160 molto
971 2110 1010 2159 mi
1022 2110 1102 2175 piace
1112 2109 1208 2176 quello
1218 2111 1308 2161 scr-ive
1319 2109 1365 2161 del
1376 2110 1484 2176 populo
1491 2109 1522 2161 di

321 2174 444 2235 Basilea,
456 2181 487 2227 et
500 2177 606 2228 hauera
616 2177 710 2228 inteao
721 2176 755 2227 V.
767 2176 795 2227 S.
808 2177 860 2227 che
870 2191 929 2227 uno
943 2182 1067 2227 cantone
1078 2176 1098 2227 li
1109 2178 1279 2243 propinquo,
1291 2191 1351 2227 non
1361 2178 1401 2227 mi
1412 2176 1522 2228 ricorde

321 2241 343 2292 il
361 2257 445 2293 nome
459 2242 585 2309 vulgare,
601 2244 626 2293 ai
645 2243 707 2294 dica
726 2243 824 2294 Turris
843 2244 925 2302 Lata,
943 2258 1078 2294 caaaorno
1094 2242 1114 2293 li
1130 2243 1287 2295 Lutherani
1302 2250 1332 2295 et
1346 2244 1520 2309 Zuuigliani3

321 2314 353 2359 et
364 2323 447 2375 spero
458 2310 510 2361 che
521 2325 619 2361 eorum
632 2309 764 2376 exemplo
777 2311 898 2361 lamnno
913 2310 933 2361 il
948 2310 1040 2361 simile
1052 2309 1125 2361 delle
1139 2311 1212 2361 altre
1228 2311 1329 2361 terre'.
1364 2311 1521 2371 Leemmer,

320 2374 503 2428 Monumentc
519 2376 662 2438 Vaticano,
674 2392 704 2443 p.
717 2377 771 2442 γα]

507 2500 601 2547 ERAS.
623 2501 699 2546 RO'l'.
721 2500 915 2546 Lemanno
938 2500 1109 2547 embolo
1132 2501 1230 2547 CARI).
1253 2501 1280 2546 S.
1303 2500 1336 2545 D.

366 2609 556 2671 acernum
579 2609 857 2688 tranquillitatem
881 2629 947 2670 non
973 2616 1044 2671 tam
1067 2610 1280 2690 sperabamus
1303 2628 1403 2688 quam
1426 2615 1519 2690 opta·

323 2692 450 2754 bamus.
494 2693 591 2754 Nunc
612 2693 709 2756 video
731 2694 813 2754 nihil
830 2712 997 2773 superesse
1015 2694 1077 2755 nisi
1095 2700 1135 2754 vt
1148 2692 1296 2755 Christus
1310 2699 1520 2772 experrectus

324 2776 439 2837 iubeat
467 2776 526 2837 hos
555 2796 663 2838 rerum
696 2777 817 2838 fluctus
845 2777 1064 2839 consilescere.
1108 2776 1278 2838 Nonnulla
1306 2782 1418 2837 tamen
1447 2796 1520 2857 apes

323 2859 432 2921 adhuc
460 2859 562 2921 habet
589 2862 736 2922 animum
764 2879 884 2933 meum,
913 2859 984 2922 fore
1019 2866 1058 2921 vt
1093 2860 1182 2921 Deus
1215 2861 1376 2920 immittat
1410 2861 1521 2922 animo

324 2941 470 3006 Caesaris
484 2944 699 3024 cogitationes
713 2944 811 3025 pacis,
827 2944 1020 3024 praesertim
1038 2963 1114 3024 erga
1133 2942 1343 3006 Christianos.
1387 2943 1521 3018 Quanta
1534 2957 1549 3006 5

323 3029 368 3089 sit
383 3027 564 3088 Turcarum
578 3029 776 3101 immanitas,
792 3029 859 3089 iam
878 3027 944 3089 heu
962 3028 1100 3089 nimium
1120 3029 1248 3108 experti
1267 3045 1389 3089 sumus.
1434 3027 1520 3101 Quid

323 3109 514 3184 moliantur,
529 3111 704 3172 obscurum
715 3130 784 3173 csse
794 3131 861 3173 non
876 3117 996 3191 potest.
1040 3109 1165 3184 Quibus
1180 3130 1282 3190 quum
1297 3111 1354 3171 vix
1368 3110 1521 3172 omnibus

323 3195 444 3255 iunctis
462 3199 535 3256 tum
550 3194 667 3274 opibus
681 3201 754 3256 tum
773 3195 873 3275 copiis
889 3213 983 3275 peres
1001 3195 1112 3266 simus,
1128 3193 1207 3273 quid
1228 3193 1287 3255 fiet
1300 3195 1328 3255 si
1345 3199 1398 3255 tot
1414 3194 1521 3255 modis

324 3278 412 3339 inter
421 3296 481 3338 nos
496 3277 700 3352 dissidentes,
715 3297 790 3340 cum
805 3278 900 3339 hoste
914 3297 981 3340 non
1003 3279 1112 3339 minus
1130 3283 1266 3358 potente
1281 3297 1381 3357 quam
1396 3277 1520 3338 crudeli

325 3360 449 3423 bellum
464 3361 701 3440 suscipiamus?
744 3360 779 3423 Si
792 3360 968 3423 Germania
982 3361 1082 3422 semel
1097 3362 1241 3441 coeperit
1255 3360 1406 3422 ciuilibus
1425 3360 1520 3422 bellis
1535 3373 1567 3410 1⁰

324 3443 532 3518 tumultuari,
557 3443 659 3506 nolim
682 3445 768 3506 male
793 3446 940 3518 ominari,
966 3444 1025 3506 sed
1047 3444 1136 3505 Deus
1161 3450 1294 3505 auertat
1314 3443 1404 3523 quod
1426 3445 1519 3504 mini·

325 3533 442 3589 tantur
465 3527 620 3589 exordia!
664 3526 697 3589 Si
723 3527 930 3589 dissimulato
953 3529 1083 3590 interim
1107 3528 1240 3607 negocio
1262 3533 1435 3600 sectarum,
1458 3525 1520 3588 hoc

324 3611 444 3672 iunctis
469 3610 595 3672 viribus
619 3630 754 3691 agamus
782 3611 872 3691 quod
900 3630 1106 3691 summopere
1134 3617 1238 3690 vrget,
1267 3629 1361 3691 spero
1389 3615 1520 3691 tempus

324 3695 432 3773 ipsum
457 3693 602 3772 aliquam
624 3694 786 3756 medelam
806 3694 996 3756 allaturum.
1040 3695 1113 3755 Iam
1135 3694 1283 3755 Basileae
1307 3693 1458 3773 populus,
1481 3698 1521 3753 vt

324 3776 433 3850 audio,
456 3778 625 3857 resipiscit,
650 3797 710 3839 nec
734 3784 867 3840 veretur
888 3778 1068 3859 publicitus
1091 3796 1168 3839 suos
1190 3777 1394 3838 ecclesiastae
1416 3788 1565 3839 soom-1⁵

325 3861 424 3921 matie
452 3865 487 3921 et
522 3862 675 3922 conuiciis
704 3862 871 3923 incessere.
929 3861 1054 3922 Rerum
1084 3866 1196 3922 autem
1231 3858 1519 3921 immedicabilium

324 3943 435 4005 nullus
449 3949 500 4004 est
514 3944 673 4006 efficacior
689 3944 834 4006 medicus
856 3963 955 4024 quam
976 3943 993 4005 ὁ
1012 3943 1118 4022 καιρός
1131 3964 1138 4005 :
1161 3950 1201 4004 vt
1214 3962 1256 4004 ne
1270 3961 1520 4004 commemorem

325 4046 434 4088 recens
462 4027 649 4107 exemplum
677 4047 747 4089 esse
774 4028 955 4089 haereticos
979 4029 1079 4089 armis
1108 4027 1299 4106 opprimere,
1328 4027 1519 4105 praesertim

325 4109 412 4172 bello
427 4116 498 4171 tam
513 4110 580 4171 late
595 4117 739 4191 patente.
784 4110 879 4185 Quod
893 4119 933 4173 vt
947 4112 1090 4172 maxime
1110 4111 1154 4171 ait
1168 4115 1274 4183 vetus,
1290 4116 1402 4170 tamen
1417 4109 1520 4189 magis

324 4193 539 4273 spectandum
554 4201 605 4256 est
620 4194 700 4273 quid
717 4195 833 4256 deceat
849 4193 1069 4256 Christianam
1090 4193 1307 4266 clementiam,
1323 4192 1467 4272 quidque
1486 4193 1520 4253 in
1533 4204 1567 4241 2⁰

324 4295 497 4338 commune
516 4278 671 4358 expediat
685 4278 846 4352 omuibus,
862 4297 962 4357 quam
982 4277 1063 4357 quid
1083 4283 1249 4339 mereatur
1265 4295 1445 4356 paucorum
1460 4276 1518 4336 im·

322 4360 480 4441 probitas.

366 4444 442 4505 Non
477 4450 635 4523 grauatus
669 4444 803 4506 fuissem
838 4444 935 4506 isthic
963 4444 1086 4518 adesse,
1116 4450 1331 4525 posteaquam
1361 4441 1519 4504 valetudo

324 4534 477 4607 coeperat
490 4546 559 4590 esse
573 4528 783 4602 commodior,
803 4528 831 4588 si
849 4547 923 4608 spes
945 4526 1014 4589 vlla
1034 4527 1152 4590 iubeat
1172 4546 1280 4589 meam
1301 4525 1520 4607 praesentiam

323 4611 541 4691 profuturam.
584 4610 733 4673 Sciebam
747 4611 843 4673 isthic
857 4631 927 4673 esse
941 4610 1112 4690 quosdam,
1127 4612 1184 4690 qui
1198 4611 1337 4690 priuatis
1347 4607 1520 4670 affectibus
1532 4620 1565 4670 2⁵

322 4696 496 4756 metientes
510 4696 620 4757 omnia
634 4695 696 4756 sibi
709 4695 885 4757 videantur
899 4695 1048 4756 strennui
1066 4700 1326 4775 propugnatores
1344 4691 1519 4765 Ecclesiae,

323 4797 426 4857 quum
441 4777 525 4839 nulli
538 4797 611 4840 eam
626 4779 729 4858 magis
744 4777 887 4840 laedant.
931 4776 1067 4851 Quoties
1083 4777 1273 4858 congredior
1286 4795 1361 4837 cum
1375 4775 1520 4837 hostium

320 4962 778 5080 J4.apim1‹}JzinanimomN.
822 4960 1327 5029 14.Iam...16.incassereom.K.
1365 4961 1521 5012 renum

352 5044 454 5081 :anun
496 5066 503 5080 .
