4042 5900
365 692 367 697 ·
432 677 495 738 aas
760 675 959 740 mamas
981 675 1038 739 or
1057 676 1263 740 ramnus
1539 679 1635 757 [1531

431 842 649 921 posteaquam
665 835 813 898 intellexi
832 837 937 898 nostri
958 837 1149 898 memoriam
1170 856 1237 898 non
1257 836 1363 899 solum
1384 856 1452 898 non
1473 837 1637 902 abolitam

431 943 473 984 ex
494 923 605 983 animo
626 926 696 994 tuo,
718 939 832 981 verum
854 921 955 982 etiam
977 919 1207 993 venerabilem,
1227 940 1266 981 ac
1287 926 1532 983 sacrosanctam
1554 942 1635 985 eam.

386 1037 420 1087 30
432 1005 484 1068 Sic
509 1006 596 1066 enim
622 1003 745 1076 scribis,
769 1009 805 1064 et
826 1003 933 1065 credo.
977 1003 1050 1065 Nisi
1074 1005 1160 1064 enim
1182 1023 1224 1065 ex
1245 1005 1356 1065 animo
1378 1004 1547 1080 scriberes,
1570 1025 1636 1068 non

431 1089 588 1151 scriberes
601 1092 672 1149 tam
687 1087 850 1148 ardenter.

475 1172 578 1233 Porro
592 1190 713 1232 nomen
727 1170 857 1231 Erasmi
871 1169 965 1231 vobis
979 1189 1040 1250 pro
1055 1170 1176 1231 hedera
1189 1169 1300 1243 inisse,
1310 1190 1528 1250 magnamque
1545 1173 1636 1254 apud

433 1275 546 1317 omnes
567 1254 761 1316 eruditionis
782 1254 967 1334 opinionem
988 1252 1187 1326 conciliasse,
1208 1255 1337 1315 vtinam
1358 1260 1428 1315 tam
1450 1255 1496 1316 sit
1518 1276 1635 1317 verum

432 1358 533 1418 quam
547 1336 821 1399 amanterabste
840 1337 1074 1415 scriptumest.
1118 1336 1284 1397 Debemus
1301 1336 1363 1398 hoc
1380 1337 1429 1398 illi
1450 1336 1636 1402 Scarabaeo

386 1450 419 1501 ³5
433 1441 500 1483 non
515 1421 621 1483 solum
636 1420 724 1500 quod
739 1421 902 1481 maturius
919 1438 978 1480 vos
992 1419 1188 1498 reliquerim,
1205 1421 1377 1481 sedetiam
1394 1421 1484 1500 quod
1500 1429 1635 1484 nostrae

433 1504 679 1566 consuetudinis
700 1503 889 1565 iucunditas
910 1502 1016 1564 multa
1038 1502 1110 1564 aloe
1129 1504 1230 1564 fuerit
1252 1509 1446 1583 temperata,
1465 1511 1506 1566 vt
1524 1507 1561 1566 ni
1583 1526 1636 1580 me

433 1589 514 1650 fides
540 1589 728 1649 retinuisset
753 1588 787 1647 in
810 1587 924 1659 officio,
946 1605 987 1647 ne
1008 1586 1131 1660 vinam,
1154 1587 1182 1648 si
1203 1587 1332 1649 talento
1353 1607 1473 1667 magno
1495 1589 1636 1669 perpelli

433 1673 612 1753 potuissem
627 1672 670 1733 ad
685 1675 888 1731 menstruam
902 1671 971 1731 eius
986 1671 1126 1730 monstri
1140 1672 1346 1749 patientiam.
1390 1669 1635 1751 Saepenumero

433 1757 573 1816 miratus
591 1774 664 1815 sum
681 1755 769 1833 patri
787 1754 859 1814 viro
878 1753 1036 1832 prudenti
1049 1759 1121 1814 tam
1135 1754 1268 1814 laeuum
1282 1755 1383 1815 fuisse
1401 1754 1463 1815 hac
1481 1756 1515 1815 in
1537 1762 1635 1835 parte

386 1868 420 1919 40
432 1840 580 1900 animum
599 1843 640 1898 vt
658 1838 688 1898 ei
709 1837 855 1897 crederet
874 1835 1066 1897 charissima
1084 1838 1229 1915 pignora,
1250 1838 1307 1916 qui
1324 1838 1381 1897 vix
1402 1837 1540 1899 idoneus
1562 1845 1636 1900 erat

433 1922 587 1984 curandis
606 1921 722 2000 porcis,
742 1922 809 1981 imo
830 1921 888 1998 qui
912 1919 955 1980 ob
978 1921 1099 1981 mentis
1121 1921 1351 2000 impotentiam
1374 1940 1450 1982 vere
1471 1924 1635 1984 curatoris

432 2011 551 2085 egeret.
595 2002 659 2065 Sed
673 2002 752 2065 haec
766 2008 819 2063 est
832 2022 942 2064 rerum
959 2003 1179 2064 bumanamm
1193 2003 1378 2065 infelicitas.

474 2089 683 2150 Franciscum
692 2085 851 2165 Dilphum
861 2087 924 2148 tibi
932 2086 1094 2166 placuisse
1104 2087 1241 2166 gaudeo,
1251 2088 1304 2148 cui
1312 2087 1634 2150 diuersumacnobis

432 2172 541 2234 fatum
555 2170 684 2249 obtigit.
724 2168 814 2232 Nihil
828 2175 901 2230 erat
911 2169 969 2230 illo
978 2171 1107 2249 ingenio
1116 2170 1243 2231 felicius
1255 2192 1262 2244 ;
1285 2171 1342 2232 sed
1353 2190 1456 2249 quum
1468 2170 1634 2234 Basileam

386 2282 420 2334 45
434 2274 468 2316 se
489 2254 683 2316 contulisset
704 2254 775 2333 ipso
796 2254 917 2314 aetatis
938 2252 1017 2314 flore
1032 2272 1090 2332 per
1110 2273 1272 2333 ganeones
1290 2254 1461 2332 quosdam,
1479 2253 1542 2315 hoc
1558 2256 1633 2335 ipso

432 2337 559 2400 nobiles
572 2337 662 2416 quod
676 2337 796 2416 perditi
807 2342 896 2409 sunt,
907 2356 928 2397 a
943 2336 1061 2398 studiis
1075 2337 1119 2398 ad
1133 2336 1323 2417 voluptates
1333 2342 1368 2398 et
1379 2336 1495 2398 luxum
1504 2345 1633 2417 pertra-

433 2427 508 2482 ctus
518 2426 579 2482 est.
611 2420 663 2481 Me
674 2427 709 2482 et
720 2420 796 2480 hinc
811 2419 937 2481 multae
951 2439 1002 2480 res
1017 2420 1230 2499 protrudunt,
1242 2426 1276 2481 et
1290 2421 1326 2480 in
1341 2419 1474 2481 ltaliam
1485 2421 1634 2483 inuitant

432 2504 611 2585 plurimae:
634 2505 690 2565 sed
704 2504 766 2564 hoc
777 2504 1005 2583 corpusculum
1019 2503 1119 2564 nullis
1127 2504 1193 2564 iam
1202 2503 1373 2564 itineribus
1381 2504 1633 2566 accommodum

432 2594 501 2650 est:
525 2587 727 2648 conditiones
748 2585 829 2648 nihil
847 2605 966 2659 moror,
981 2593 1135 2666 paratum
1152 2592 1205 2648 est
1224 2587 1313 2665 quod
1334 2606 1425 2648 meae
1446 2586 1633 2666 frugalitati

386 2672 513 2745 5osatis
535 2678 604 2732 est:
635 2675 769 2732 tantum
792 2671 964 2748 contingat
985 2669 1166 2748 tranquilla
1190 2670 1291 2743 sedes,
1318 2689 1418 2748 quam
1443 2670 1505 2730 hoc
1534 2670 1632 2733 fatali

431 2774 541 2816 rerum
563 2755 782 2815 humanarum
806 2754 954 2814 tumultu
975 2754 1123 2814 inuenire
1143 2752 1330 2833 perdifficile
1351 2760 1413 2826 est,
1437 2756 1632 2832 praesertim

432 2838 580 2912 Erasmo,
594 2837 776 2898 inuidiosae
790 2837 899 2898 famae
913 2838 1005 2916 graui
1023 2837 1150 2897 sarcina
1169 2843 1297 2909 onusto,
1318 2855 1418 2915 quam
1436 2836 1518 2898 velit
1536 2837 1631 2912 nolit,

432 2941 628 3001 quocunque
656 2927 820 2983 terrarum
849 2939 918 2982 sese
943 2921 1112 3000 receperit,
1141 2939 1251 2982 secum
1277 2920 1475 2994 circumfert,
1500 2922 1633 2984 etiamsi

432 3005 752 3084 Constantinopolim
774 3004 1008 3084 proficiscatur.
1052 3002 1162 3083 Atque
1184 3010 1224 3065 vt
1248 3023 1412 3082 nusquam
1434 3023 1501 3065 non
1525 3004 1633 3066 habeo

387 3113 419 3161 55
432 3090 489 3168 qui
517 3089 598 3149 mihi
622 3087 704 3148 bene
727 3088 841 3159 velint,
864 3088 913 3148 ita
937 3106 1101 3166 nusquam
1129 3087 1253 3149 absunt
1281 3107 1374 3149 secus
1401 3087 1522 3149 affecti.
1566 3087 1632 3150 Sed

432 3172 611 3252 plerunque
633 3171 707 3251 plus
727 3171 818 3232 valet
834 3171 995 3231 malorum
1009 3171 1205 3249 improbitas
1222 3190 1321 3249 quam
1339 3171 1502 3232 bonorum
1523 3170 1631 3234 fauor.

432 3254 537 3328 Quam
553 3255 725 3316 alluxerim
745 3253 938 3315 Germaniae
959 3255 1077 3326 nescio,
1093 3259 1181 3314 certe
1198 3254 1256 3314 illa
1275 3254 1355 3314 mihi
1370 3253 1493 3315 multas
1510 3254 1633 3317 offudit

432 3339 569 3399 nebulas
581 3358 618 3398 ac
630 3343 853 3418 tempestates.
890 3337 1084 3398 Delectatus
1095 3343 1207 3398 tamen
1219 3357 1291 3398 sum
1303 3339 1367 3398 ista
1382 3343 1442 3398 tua
1456 3337 1632 3401 collatione

432 3422 519 3494 solis,
539 3421 691 3482 omnibus
708 3421 823 3482 mundi
842 3421 946 3500 plagis
970 3422 1171 3481 circumactu
1192 3441 1252 3482 suo
1272 3421 1378 3482 lucem
1396 3421 1630 3500 impartientis,

385 3519 419 3566 oo
432 3524 499 3565 non
514 3504 604 3584 quod
618 3510 704 3565 esset
718 3511 808 3585 apta,
824 3504 882 3565 sed
901 3504 990 3583 quod
1009 3504 1185 3583 ingeniosa.
1230 3503 1316 3577 Quin
1330 3510 1441 3565 totum
1455 3504 1517 3565 hoc
1532 3525 1629 3586 argu·

432 3594 580 3649 mentum
612 3590 713 3648 variis
741 3589 932 3667 argutisque
960 3587 1144 3649 rationibus
1172 3587 1231 3648 abs
1260 3593 1294 3648 te
1324 3587 1545 3649 declamatum
1576 3609 1632 3651 me

431 3671 642 3733 vehementer
656 3671 844 3733 delectauit.

474 3754 520 3816 At
540 3755 592 3816 hic
612 3774 725 3816 rumor
741 3761 802 3828 est,
824 3756 891 3815 imo
911 3773 978 3815 non
1000 3774 1121 3828 rumor,
1144 3755 1201 3815 sed
1220 3753 1388 3834 publicum
1407 3756 1630 3833 praeconium,

432 3837 572 3900 Turcam
587 3840 669 3900 totis
683 3840 774 3919 regni
788 3837 913 3899 viribus
927 3838 1082 3899 inuadere
1096 3837 1315 3910 Germaniam,
1327 3838 1574 3899 decertaturum
1589 3839 1632 3903 de

385 3936 418 3994 65
431 3940 539 3983 rerum
554 3941 692 3994 summa,
708 3928 821 3983 vtrum
842 3920 977 3982 Carolus
993 3920 1127 3982 iuturus
1146 3922 1190 3982 sit
1210 3921 1313 3982 totius
1335 3920 1423 3982 orbis
1440 3922 1631 3997 monarcha,

431 4024 475 4066 an
497 4004 613 4066 Turca.
658 4005 801 4067 Mundus
829 4006 916 4065 enim
939 4005 1023 4066 duos
1045 4005 1130 4065 solas
1155 4005 1280 4065 diutius
1304 4004 1389 4065 ferre
1414 4024 1480 4065 non
1505 4011 1630 4084 potest.

431 4087 526 4162 Quod
540 4089 568 4149 si
582 4088 630 4161 fit,
645 4091 753 4150 nescio
768 4109 810 4149 an
825 4108 884 4149 vos
899 4089 971 4149 sitis
986 4088 1134 4149 abfuturi
1149 4108 1169 4148 a
1183 4088 1336 4166 periculo.

472 4171 561 4232 Illud
583 4171 793 4233 vehementer
814 4190 887 4233 sum
904 4171 1096 4244 admiratus,
1116 4172 1151 4232 in
1170 4177 1244 4232 tota
1264 4171 1404 4252 epistola
1424 4177 1484 4232 tua
1501 4171 1630 4234 nullam

431 4274 501 4315 ease
520 4255 654 4316 Ioannis
673 4255 781 4317 Boerii
799 4255 912 4316 fratris
929 4256 980 4316 tui
997 4256 1206 4316 mentionem.
1251 4253 1346 4327 Quod
1365 4257 1392 4315 si
1413 4257 1575 4317 concessit
1596 4257 1632 4318 in

384 4337 511 4414 piata,
535 4338 648 4399 doleo:
680 4339 730 4399 sin
751 4358 867 4419 parum
890 4339 975 4400 inter
1000 4357 1060 4398 vos
1084 4338 1248 4411 conuenit,
1271 4339 1373 4417 magis
1395 4340 1496 4398 etiam
1520 4338 1628 4401 doleo.

430 4420 623 4501 Pergratum
632 4420 741 4495 iacies,
752 4424 779 4483 si
789 4422 877 4484 hunc
885 4421 1075 4502 scrupulum
1084 4423 1195 4482 animo
1204 4441 1278 4482 meo
1287 4423 1452 4494 exemeris,
1465 4421 1632 4502 simulque

430 4507 511 4566 scire
526 4506 622 4585 cupio
633 4505 713 4583 quid
727 4511 805 4585 agat
815 4507 941 4585 optima
951 4511 1105 4567 matrona
1114 4504 1199 4566 Iulia
1213 4512 1329 4578 mater,
1341 4505 1421 4583 quid
1436 4505 1631 4569 Vincentius

463 4646 504 4696 34.
524 4631 680 4682 Scarabaeo
691 4630 714 4680 J
722 4649 728 4680 :
746 4647 832 4696 quem
844 4638 878 4682 tu
889 4632 1016 4682 scarabei
1027 4631 1141 4682 nomine
1152 4631 1246 4695 signas
1258 4631 1295 4680 K.
1438 4645 1479 4695 43.
1498 4631 1629 4684 Francis-

430 4714 514 4749 cum.
530 4703 734 4763 ..47.estom.
748 4699 785 4748 K.
862 4711 904 4762 47.
924 4697 1214 4749 ethinc...etin.l:
1232 4699 1627 4763 hincquum...tuminK.

428 4769 471 4829 63.
489 4770 534 4815 est
543 4772 607 4828 post
617 4779 676 4815 non
687 4779 783 4815 namot
793 4764 856 4814 aad.
870 4765 908 4815 N.
977 4778 1019 4828 70.
1037 4765 1115 4830 qued
1126 4765 1202 4814 absit
1211 4773 1275 4828 post
1286 4781 1389 4830 parum
1400 4765 1463 4814 odd.
1477 4765 1514 4815 K.

462 4913 504 4964 34.
522 4896 819 4962 Scarabae0101yiton,
827 4897 933 4963 aeeEp.
942 4911 999 4963 194.
1051 4903 1084 4948 to
1105 4896 1233 4947 Bernard
1254 4897 1312 4948 and
1336 4897 1380 4947 his
1408 4897 1526 4947 brother
1547 4897 1629 4950 John

429 4980 491 5030 3on.
1051 4963 1118 5029 (Ep.
1131 4965 1207 5026 ²255)
1219 4964 1399 5030 introducing
1410 4964 1491 5014 Dilit.

462 5047 503 5098 43.
522 5029 876 5097 DilphumJErasmushad
885 5030 1000 5082 written
