4042 5900
307 687 401 763 2513]
570 682 694 746 naon
714 681 970 746 auousrnus
992 680 1221 745 srnucnus
1440 682 1501 743 aar

307 841 396 902 Deus
412 861 504 903 meus
519 843 581 903 bc:
605 842 694 921 quod
713 843 782 903 eius
799 842 908 903 anima
925 841 1163 919 descend<er>it
1176 841 1221 902 ad
1237 840 1366 913 inferos,
1381 840 1501 902 datura

306 931 341 985 et
358 927 438 1004 ipsa,
454 932 492 985 vt
508 925 652 1004 reliquae
668 943 789 998 omnes,
805 944 925 1005 poenas
944 931 1171 1004 peccatorum:
1194 923 1283 1003 quod
1302 925 1330 984 si
1348 931 1501 984 extarent

305 1008 796 1087 ιι
828 1008 1005 1088 ,r
1028 1089 1500 1170 ...ι
1513 1020 1563 1071 ³⁴⁵

306 1175 390 1235 riuis
404 1181 506 1253 atque
520 1174 683 1236 defunctis
700 1175 781 1235 nihil
798 1174 926 1236 valeat:
950 1175 1039 1253 quod
1053 1176 1173 1235 ieiunia
1189 1174 1232 1234 ab
1246 1173 1391 1234 Ecclesia
1408 1174 1499 1234 insti·

305 1263 381 1318 tuta
397 1259 520 1318 seruari
533 1277 599 1320 non
618 1258 777 1319 debeant:
800 1257 890 1336 quod
909 1257 1006 1318 liceat
1025 1258 1107 1319 alias
1127 1276 1228 1336 quam
1250 1258 1283 1317 in
1304 1258 1404 1317 missa
1425 1276 1499 1317 con·

304 1359 446 1402 secrare:
470 1340 558 1420 quod
573 1340 725 1402 sacrificis
739 1361 777 1402 ec
792 1341 958 1402 monachis
973 1360 1108 1402 vxorem
1123 1340 1241 1401 ducere
1254 1346 1290 1401 et
1303 1339 1500 1400 monialibus

304 1424 543 1485 nubereliceat.
574 1423 735 1486 Sexcente
744 1431 824 1485 sunt
834 1443 918 1503 quae
929 1443 1116 1497 memorem,
1125 1425 1154 1484 si
1164 1425 1208 1485 sit
1219 1424 1335 1495 ocium,
1346 1423 1500 1484 stultiora
1512 1437 1562 1487 350

304 1506 397 1585 longe
411 1526 449 1568 ac
463 1509 621 1587 turpiora.
665 1508 710 1569 Et
726 1507 806 1569 haec
823 1508 906 1569 adeo
923 1526 1001 1568 vera
1020 1513 1099 1568 sunt
1115 1514 1154 1568 vt
1170 1505 1373 1587 disputanda
1389 1525 1499 1567 coram

303 1592 542 1668 sapientissimo
570 1610 608 1652 ac
637 1590 911 1652 Christianissimo
940 1591 1142 1670 Imperatore
1171 1590 1293 1651 luerint
1320 1591 1498 1670 proposita.

304 1673 413 1751 Hique
428 1692 539 1734 omnes
553 1674 635 1735 adeo
650 1676 684 1735 in
697 1674 916 1754 peruertenda
932 1674 1085 1753 religione
1102 1673 1303 1735 concordant
1320 1679 1359 1734 vt
1377 1675 1411 1733 in
1429 1674 1499 1734 eius

303 1757 440 1817 exitium
450 1759 633 1819 coniurasse
642 1758 825 1819 videantur.
859 1757 1097 1818 Haectibinon
1105 1756 1498 1836 videnturblaspbemiae,

303 1841 354 1899 vir
375 1842 498 1919 optime
519 1860 557 1902 ac
578 1841 809 1902 solertissime?
851 1840 1007 1901 Delendis
1029 1847 1142 1902 autem
1163 1840 1215 1901 vel
1236 1859 1372 1902 excusas
1392 1839 1499 1920 lepide
1512 1853 1561 1903 355

303 1922 384 1996 illos,
417 1926 586 2003 proposito
616 1924 681 1986 alio
712 1944 826 2003 genere
857 1923 1143 2002 blasphemiarum,
1177 1923 1267 2002 quod
1301 1929 1339 1983 tu
1373 1921 1499 1984 Romae

302 2006 452 2080 audieris,
467 2007 571 2068 aliene
587 2007 743 2069 sciliceta
757 2027 791 2068 re
808 2008 985 2087 proposita,
1002 2013 1042 2068 vt
1058 2015 1097 2068 tu
1113 2026 1244 2086 quoque
1261 2008 1381 2067 sentis:
1405 2008 1498 2085 quasi

302 2089 343 2149 de
358 2090 503 2150 moribus
517 2091 723 2169 populorum,
739 2091 779 2151 de
793 2090 944 2152 sordibus
957 2090 1151 2169 vulgarium,
1164 2109 1230 2152 non
1244 2089 1286 2151 de
1301 2090 1499 2150 Haeresibus

302 2180 430 2250 agatur,
453 2192 520 2234 non
541 2174 582 2235 de
603 2175 712 2247 noxia,
732 2193 799 2235 non
819 2174 861 2234 de
882 2174 1112 2254 pestilentibus
1131 2173 1348 2253 dogmatistis.
1392 2171 1498 2246 Quam

302 2256 411 2317 odiose
432 2258 533 2318 etiam
550 2258 705 2336 attingas,
720 2259 778 2336 qui
797 2258 832 2317 in
851 2257 923 2318 aliis
941 2256 1025 2318 hanc
1045 2257 1239 2318 modestiam
1256 2256 1430 2330 desideras,
1445 2256 1497 2316 hic
1510 2267 1561 2329 3⁶0

301 2345 335 2398 et
349 2339 429 2400 alibi
444 2339 594 2414 Romam,
609 2341 678 2419 ipse
691 2340 792 2401 vides.

343 2420 406 2483 Sed
420 2430 567 2485 reuertor
580 2424 623 2485 ad
637 2442 677 2484 ea
691 2442 775 2502 quae
789 2425 937 2502 superius
951 2442 1193 2503 proposueram.
1226 2423 1311 2484 Tota
1326 2423 1382 2484 illa
1396 2423 1497 2485 lectio

301 2505 476 2585 displicuit.
521 2506 616 2581 Quod
645 2509 671 2567 si
695 2507 757 2568 tibi
781 2508 894 2568 videor
921 2507 1078 2568 aduersus
1103 2507 1177 2567 illos
1200 2507 1349 2567 acerbius
1377 2505 1497 2567 alieubi

300 2607 369 2649 esse
390 2588 531 2662 locutus,
553 2590 702 2651 candoris
723 2597 759 2651 et
783 2610 929 2651 summae
952 2590 1168 2651 humanitatis
1192 2597 1264 2650 erat
1289 2597 1367 2651 tuac
1392 2589 1426 2650 id
1451 2591 1496 2650 sic

300 2673 508 2750 interpretari
523 2679 562 2734 vt
575 2692 642 2734 non
659 2675 694 2734 in
712 2680 819 2734 totam
834 2680 974 2752 gentem,
990 2693 1057 2734 non
1076 2676 1109 2733 in
1129 2672 1384 2734 modestissimos
1399 2674 1495 2745 viros,
1509 2684 1559 2744 365

299 2774 338 2815 ea
352 2755 485 2816 caderet
499 2757 691 2835 obiurgatio.
736 2756 851 2818 Potius
870 2759 1058 2818 existimare
1072 2756 1231 2817 debueras
1246 2775 1297 2816 me
1311 2754 1496 2817 Christiano

300 2838 370 2898 zelo
390 2857 459 2899 esse
484 2848 694 2913 commotum,
717 2840 822 2901 veluti
844 2842 901 2919 qui
926 2859 992 2919 qua
1016 2839 1133 2901 audite
1156 2838 1362 2919 turpitudine
1385 2840 1495 2899 incan-

299 2920 447 2984 descunt.
492 2922 533 2984 Id
555 2942 622 2985 non
644 2924 740 3004 praui
763 2929 799 2984 et
821 2923 953 3003 maligni
977 2929 1039 2985 aut
1063 2923 1195 3003 superbi
1218 2924 1319 2984 animi
1340 2923 1496 2984 indicium

299 3024 368 3066 esse
387 3013 479 3085 puto,
499 3007 556 3068 sed
572 3027 632 3087 pro
651 3009 819 3086 aequitate
837 3013 873 3068 et
892 3007 1064 3069 honestate
1080 3006 1264 3068 Christiana
1286 3007 1494 3086 indignantis.

299 3088 394 3149 Dices
418 3089 575 3152 fortasse:
608 3090 655 3152 At
679 3091 780 3152 babes
804 3110 856 3151 me
881 3092 1005 3152 iustum
1031 3092 1241 3170 interpretem
1253 3112 1260 3162 ;
1293 3096 1558 3163 caeterorumve

299 3171 450 3233 habenda
464 3180 516 3234 est
525 3175 620 3236 ratio.
664 3174 801 3236 Fateor:
825 3175 882 3235 sed
897 3180 1024 3253 quanto
1038 3175 1163 3246 iustior,
1179 3180 1276 3234 tanto
1289 3175 1393 3234 maior
1412 3173 1496 3234 solet

298 3275 366 3315 esse
390 3257 580 3335 indignatio.
624 3257 715 3319 Tunc
741 3259 885 3337 optimus
910 3259 1049 3336 quisque
1073 3259 1200 3335 rapitur
1228 3263 1433 3317 transuersus
1461 3258 1495 3317 in

298 3337 450 3412 furorem,
477 3342 628 3420 cogitque
652 3341 808 3402 excedere
833 3341 942 3402 decori
963 3341 1103 3402 formam
1126 3359 1298 3418 erumpens
1323 3341 1432 3400 animo
1460 3347 1495 3400 et

298 3429 430 3500 pectore
460 3423 659 3502 indignatio;
696 3425 801 3486 veluti
829 3423 944 3497 Moses,
973 3424 1148 3486 confractis
1181 3422 1320 3484 tabulis:
1358 3422 1495 3484 Phineas

298 3512 409 3566 autem
429 3507 588 3568 consimili
606 3508 750 3586 quadam
769 3509 896 3569 ratione
913 3507 1103 3586 indignatus
1119 3506 1202 3567 duos
1223 3505 1395 3566 interfecit.
1440 3506 1493 3567 In·
1508 3526 1557 3577 375

297 3607 438 3667 gensque
452 3590 638 3669 petulantia
652 3590 791 3671 linguae,
806 3593 913 3652 nescio
927 3610 970 3651 an
986 3592 1098 3669 aptius
1112 3609 1211 3668 quam
1228 3588 1293 3649 alie
1309 3589 1495 3668 petulantia

296 3674 400 3750 possit
415 3673 552 3734 ostendi.
597 3672 722 3747 Quibus
732 3675 918 3735 nominibus
928 3693 1042 3735 eorum
1052 3679 1201 3752 poteram
1212 3673 1392 3752 exprimere
1403 3691 1493 3733 vesa-

296 3756 384 3816 niam
405 3775 503 3833 quam
524 3762 563 3817 vt
581 3776 636 3818 eos
656 3757 801 3819 crudeles
819 3763 854 3818 et
874 3758 1070 3818 inhumanos
1090 3754 1247 3836 Cyclopes
1268 3774 1306 3816 ac
1327 3754 1495 3834 Gygantes

296 3839 505 3918 appellarem,
535 3840 681 3902 homines
709 3841 832 3902 scilicet
861 3841 1144 3919 arrogantissimos
1174 3859 1212 3901 ac
1246 3839 1493 3918 superbissimae

296 3920 448 4001 linguae?
477 3923 591 4003 Neque
600 3924 679 3986 baec
688 3925 833 3986 conuitia
841 3931 919 3985 sunt
927 3942 1012 4003 quae
1020 3942 1126 3985 mores
1134 3923 1300 4002 improbos
1308 3924 1492 3984 incessunt:
1506 3931 1557 3995 380

296 4003 418 4083 alioqui
437 4008 637 4069 conuitiator
654 4014 740 4068 esset
759 4007 881 4080 Esaias,
900 4009 957 4087 qui
977 4008 1044 4068 ait:
1071 4004 1099 4068 Ο
1118 4012 1247 4086 gentem
1269 4006 1493 4085 peccatricem,

296 4088 454 4167 populum
470 4092 612 4169 peccatis
626 4097 792 4164 onustum,
807 4090 891 4152 filios
905 4090 1098 4152 sceleratos:
1121 4091 1321 4151 conuitiator
1334 4087 1492 4162 Christus,

296 4191 370 4232 cum
389 4171 529 4233 Iudaeos
546 4173 735 4253 hypocritas
749 4174 949 4254 appellaret:
972 4173 1096 4235 Paulus
1110 4174 1199 4245 item,
1215 4191 1290 4234 cum
1304 4170 1492 4252 pontificem

295 4255 452 4331 parietem
469 4256 658 4318 dealbatum
673 4258 804 4319 diceret.
849 4257 898 4318 Tu
914 4276 1044 4337 quoque
1058 4275 1125 4317 non
1139 4258 1166 4316 is
1180 4258 1248 4335 ipse
1262 4260 1371 4316 esses?

337 4337 383 4398 Et
399 4339 478 4400 haec
499 4339 539 4401 de
561 4340 671 4421 lingua
691 4346 833 4402 tantum.
877 4341 963 4403 Nam
985 4345 1100 4401 contra
1121 4339 1304 4400 doctrinam
1324 4358 1437 4400 eorum
1458 4340 1491 4400 in
1505 4347 1554 4411 385

294 4423 566 4484 annotationibus
583 4444 743 4503 nusquam
761 4425 828 4485 fere
849 4423 1047 4503 congredior.
1092 4422 1171 4483 ldec
1192 4441 1259 4484 non
1280 4428 1352 4483 erat
1373 4441 1431 4482 cur
1452 4428 1491 4483 tu

294 4504 503 4582 probationes
531 4513 567 4567 et
594 4515 787 4585 argumenta
815 4514 849 4568 et
878 4507 1093 4568 refutationes
1121 4507 1242 4586 passim
1270 4507 1423 4584 exigeres,
1453 4512 1492 4566 vt

294 4587 416 4648 diceres
444 4589 539 4649 facile
567 4609 636 4650 esse
665 4591 799 4653 cuilibet
827 4592 930 4652 iacere
958 4591 1113 4662 conuitia,
1142 4589 1279 4650 solidam
1308 4588 1491 4650 doctrinam

293 4676 410 4732 contra
423 4672 505 4733 talia
519 4674 613 4753 exigi.
657 4673 747 4735 Haec
762 4680 800 4734 tu
818 4675 1052 4752 contemptim:
1075 4672 1133 4733 sed
1152 4673 1180 4734 si
1196 4678 1284 4732 recte
1298 4671 1490 4752 perpendas,

293 4753 438 4830 Erasme,
453 4775 519 4816 non
532 4764 604 4817 erat
619 4756 705 4818 illius
719 4756 793 4818 libri
807 4757 869 4819 hoc
883 4757 1072 4836 negocium:
1094 4755 1214 4817 solidas
1225 4761 1337 4816 autem
1348 4757 1491 4817 rationes
1504 4775 1554 4826 390

610 4884 669 4945 360.
686 4882 813 4947 attingas
824 4882 1004 4946 wripcimue:
1022 4881 1142 4946 attingis
1153 4900 1169 4930 a

325 5039 383 5102 381.
401 5037 513 5101 Esaias]
527 5053 549 5089 ι.
562 5056 586 5105 4.
949 5041 1007 5106 384.
1026 5039 1311 5107 parietem1Acte23.
1324 5052 1349 5102 3.
