4042 5900
325 662 419 742 2443]
679 660 918 726 rcrscoro
939 662 1165 726 eluctare
1459 664 1518 725 ιιι

326 820 549 901 quorumlibet
569 821 751 895 calumniis,
774 840 856 901 quas
877 828 917 883 tu
937 822 1020 883 mihi
1034 829 1094 883 ant
1119 823 1153 883 in
1178 827 1287 884 totum
1309 822 1519 903 negligendas

326 911 477 978 autores,
492 911 552 966 aut
563 906 611 966 ita
621 906 813 967 refutandas
821 911 860 966 vt
870 906 953 967 nihil
964 905 1136 968 stomacho
1147 906 1263 967 datum
1274 926 1344 968 esse
1355 907 1517 967 videatur.

326 988 488 1067 Equidem
510 989 545 1049 in
566 995 707 1068 vtroque
727 1008 877 1069 peccasse
899 1009 951 1050 me
973 1009 1145 1069 nunquam
1166 989 1343 1064 inficiabor,
1362 1009 1400 1051 ac
1422 989 1517 1051 vehe-

328 1078 456 1133 menter
482 1074 623 1152 optarim
649 1079 687 1134 vt
713 1073 747 1132 in
772 1071 887 1133 multis
912 1074 1000 1151 qnod
1030 1072 1156 1134 factum
1184 1079 1236 1133 est
1264 1072 1334 1134 ficri
1359 1073 1518 1134 infectum

327 1156 441 1235 possit.
477 1154 582 1229 Certe,
598 1156 687 1234 quod
702 1175 805 1218 vnum
819 1175 907 1217 nunc
921 1156 1007 1228 licet,
1023 1155 1165 1236 plurima
1184 1157 1218 1216 in
1235 1155 1520 1218 lucubrationibus
1532 1176 1564 1228 55

327 1238 490 1317 euulgatis
505 1239 558 1300 vel
573 1240 699 1319 corrigo
718 1238 772 1301 vel
786 1245 943 1319 tempero,
966 1258 1033 1300 non
1047 1239 1147 1319 paulo
1166 1241 1308 1301 seuerior
1322 1240 1519 1320 scriptorum

328 1341 476 1384 meorum
491 1341 660 1402 expensor,
676 1342 776 1401 quam
791 1342 925 1384 suorum
945 1323 1010 1384 fuit
1028 1323 1125 1384 diuus
1138 1322 1352 1402 Augustinus,
1367 1324 1410 1384 ad
1427 1324 1520 1384 cuius

329 1406 515 1485 exemplum
537 1405 676 1467 subinde
696 1426 797 1468 vocor
817 1405 860 1468 ab
882 1406 1004 1468 amicis.
1048 1406 1157 1485 Atque
1182 1407 1310 1468 vtinam
1334 1406 1416 1468 mihi
1438 1412 1519 1467 tem·

328 1490 477 1569 pestiuus
498 1491 642 1550 monitor
663 1489 833 1561 adfuisses,
855 1495 915 1550 aut
936 1489 1055 1567 aliquis
1080 1491 1130 1550 tui
1155 1488 1287 1551 similis:
1320 1509 1408 1551 nunc
1432 1492 1520 1551 enim

329 1572 463 1633 demum
497 1573 646 1652 experior
680 1592 779 1652 quam
814 1591 932 1652 parum
964 1572 1045 1634 mihi
1080 1571 1282 1634 contulerint
1312 1574 1567 1652 quorundamfio

329 1656 513 1800 tillut
537 1662 703 1817 {itti
724 1654 1297 1819 hittilimtt‘t‘n‘iu
1315 1656 1380 1801 ⁸⁰?
1398 1662 1521 1801 iffi

329 1821 535 1894 obticescere,
557 1822 662 1884 veluti
683 1842 785 1901 quum
806 1824 841 1883 in
862 1823 1090 1902 frequentibus
1114 1823 1324 1885 concionibus
1348 1828 1408 1885 aut
1428 1823 1521 1885 libris

330 1905 427 1966 editis
447 1905 602 1967 traducor
624 1907 799 1987 impiorum
821 1906 1013 1985 dogmatum
1034 1913 1141 1980 autor,
1163 1906 1329 1987 pontificia
1350 1907 1521 1986 dignitatis
1603 1951 1611 1959 -

331 2008 472 2061 euersor,
484 1991 720 2068 scripturarum
732 1988 883 2069 ἀκινήτων
897 1990 1059 2063 falsarius,
1071 1990 1256 2051 schismatis
1267 1990 1410 2052 molitor.
1440 1990 1521 2051 Mihi
1533 2000 1567 2059 65

331 2073 524 2150 nentiquam
544 2074 595 2133 vir
613 2074 687 2152 pius
706 2074 859 2134 videatur
877 2074 935 2152 qui
949 2072 1008 2134 hec
1023 2076 1145 2134 tacitus
1162 2073 1257 2135 ferat.
1301 2074 1374 2135 Iam
1388 2079 1427 2134 vt
1441 2073 1522 2134 mihi

331 2175 423 2217 meae
444 2155 531 2216 fame
550 2156 661 2217 nullus
683 2158 817 2218 omnino
834 2157 878 2217 sit
898 2161 1074 2237 respectus,
1096 2157 1175 2235 quid
1196 2157 1306 2217 minus
1325 2156 1522 2236 expediebat

332 2239 376 2301 ad
390 2238 523 2300 ecclesie
537 2238 815 2317 tranquillitatem
830 2259 930 2318 quam
945 2240 1006 2301 hoc
1024 2239 1188 2319 plerisque
1207 2240 1307 2301 fnisse
1328 2259 1521 2320 persuasum

332 2324 420 2401 quod
442 2322 490 2383 illi
511 2324 689 2383 coniuratis
711 2323 794 2385 odiis
815 2323 1061 2385 moliebantur?
1103 2321 1185 2384 Cum
1206 2325 1335 2384 nemine
1356 2323 1436 2384 mihi
1456 2322 1523 2384 fuit

332 2407 415 2467 acris
429 2407 598 2467 contentio
612 2408 669 2484 qui
683 2406 735 2467 vel
750 2408 915 2486 ingenium
929 2408 1028 2469 modo
1039 2406 1292 2485 reprehenderet
1305 2406 1358 2467 vel
1373 2407 1408 2466 in
1424 2406 1521 2467 mori·
1535 2425 1569 2476 7⁰

333 2490 395 2550 bus
423 2488 548 2567 aliquid
576 2489 786 2551 desideraret.
838 2490 1042 2552 Eruditionis
1069 2490 1201 2551 laudem
1230 2491 1334 2550 cuiuis
1367 2489 1522 2551 facillime

333 2572 422 2646 aedo,
438 2572 584 2634 moribus
599 2572 681 2633 nihil
696 2574 870 2634 aliudesse
884 2592 937 2633 me
951 2571 1060 2635 fateor
1074 2593 1174 2652 quam
1189 2573 1363 2635 hominem.
1400 2572 1522 2634 Verum

332 2656 376 2717 ad
400 2662 566 2717 extremae
592 2657 771 2736 impietatis
796 2656 1004 2717 manifestam
1030 2657 1228 2717 calumniam
1257 2656 1417 2736 elinguem
1441 2676 1521 2729 esse,

333 2738 412 2817 quid
430 2738 520 2800 aliud
538 2746 590 2800 est
604 2758 704 2817 quam
724 2740 846 2800 crimen
865 2744 1062 2817 agnosceret
1085 2759 1187 2818 quum
1205 2739 1399 2820 respondere
1421 2741 1522 2801 etiam

332 2823 449 2884 leniter
470 2842 509 2883 ac
530 2821 657 2901 placide
677 2842 744 2883 non
766 2829 876 2883 careat
896 2823 1026 2902 gemina
1047 2825 1237 2903 suspitione,
1259 2822 1312 2883 vel
1338 2824 1438 2883 animi
1460 2822 1523 2884 sibi
1535 2841 1567 2891 75

333 2925 449 2986 parum
461 2905 543 2967 bene
552 2907 681 2980 conscii,
693 2906 746 2967 vel
761 2906 898 2968 subdole
912 2905 1110 2968 colludentis
1123 2926 1198 2968 cum
1212 2906 1365 2969 ecclesiae
1373 2905 1521 2986 perduel-

333 2990 484 3051 lionibus.
529 2990 713 3051 Periculum
736 2991 823 3050 enim
848 2997 936 3051 esset
960 3010 1000 3052 ne
1022 2992 1095 3070 quis
1115 2991 1198 3051 illud
1222 2990 1266 3052 M.
1289 2990 1389 3051 Tullii
1413 3009 1523 3051 secum

334 3074 465 3152 cogitet,
480 3072 552 3134 Nisi
566 3072 711 3152 fingeres,
727 3072 873 3146 Erasme,
887 3093 954 3134 non
970 3075 1015 3135 sic
1034 3093 1154 3154 ageres.
1197 3073 1393 3152 Quanquam
1410 3093 1451 3134 ne
1471 3072 1523 3133 hic

333 3156 466 3235 quidem
488 3156 640 3217 omnibns
661 3157 806 3236 linguam
827 3163 888 3217 aut
908 3156 1071 3218 calamum
1094 3157 1204 3218 habui.
1247 3156 1423 3230 Quosdam,
1445 3157 1524 3235 quia

334 3241 379 3301 sic
399 3239 619 3312 merebantur,
635 3240 720 3301 irrisi
741 3241 850 3300 verius
869 3259 969 3318 quam
984 3240 1165 3314 confutaui,
1180 3260 1343 3319 nusquam
1358 3259 1424 3301 non
1441 3246 1522 3300 tem·
1536 3245 1569 3294 80

334 3324 478 3403 paratior
502 3323 554 3384 his
577 3343 598 3384 a
623 3323 742 3402 quibus
767 3322 958 3397 lacessebat,
984 3329 1024 3384 vt
1046 3343 1120 3385 mea
1147 3325 1279 3402 quidem
1308 3323 1375 3385 fert
1403 3324 1521 3403 opinio.

335 3406 421 3467 Nam
443 3406 513 3466 fieri
533 3412 568 3467 et
591 3413 702 3486 potest
726 3412 761 3468 et
783 3406 866 3468 solet
887 3412 926 3467 vt
951 3426 1025 3469 meo
1049 3407 1169 3469 indicio
1191 3409 1342 3487 imponat
1366 3407 1521 3468 affectus:

335 3496 435 3569 atque
457 3491 484 3550 is
506 3509 588 3562 sum,
603 3489 720 3564 fateor,
740 3491 797 3568 qui
818 3491 940 3569 possim
959 3490 1130 3552 lacessitus
1146 3489 1450 3562 incandescere,ssd
1464 3509 1524 3551 nec

334 3575 381 3633 ire
395 3573 580 3652 pertinacis,
595 3579 630 3634 et
644 3574 837 3634 iniuriarum
852 3573 1041 3647 obliuiosus,
1056 3582 1095 3636 vt
1109 3575 1137 3636 si
1150 3576 1224 3654 quis
1238 3574 1331 3635 alius.
1360 3573 1407 3635 At
1421 3592 1524 3652 quum

335 3656 426 3717 libris
443 3657 636 3735 euulgandis
657 3676 707 3717 res
724 3657 842 3737 agitur,
861 3658 1033 3719 minimum
1054 3658 1221 3737 indulgere
1238 3657 1297 3719 bili
1310 3657 1407 3719 soleo.
1451 3656 1524 3717 Hoc
1537 3661 1570 3723 85

335 3739 460 3800 dictum
474 3739 614 3801 fortasse
629 3759 695 3801 non
710 3759 844 3819 prorsus
859 3741 1070 3820 improbares,
1083 3742 1111 3802 si
1122 3741 1183 3803 tibi
1198 3746 1332 3803 vacaret
1343 3746 1377 3802 et
1391 3740 1524 3801 illorum

334 3823 516 3883 calumnias
535 3829 570 3883 ct
587 3842 676 3884 meas
695 3824 862 3903 apologias
880 3824 995 3902 legere.
1039 3823 1104 3886 Sed
1122 3825 1191 3887 dini
1211 3825 1355 3898 meliora,
1370 3843 1470 3904 quam
1485 3830 1525 3885 vt

336 3913 374 3967 tu
388 3907 602 3967 sanctissimis
627 3907 694 3967 tuis
722 3906 992 3985 occupationibus
1017 3913 1151 3969 tantum
1179 3907 1341 3969 bonarum
1369 3907 1525 3969 horarum

335 3988 466 4051 decidas
487 3996 522 4050 et
543 3991 723 4050 inamoenis
739 3990 865 4051 naeniis
885 3991 1067 4070 impartias.
1110 3992 1219 4052 Meum
1240 4010 1339 4071 porro
1359 3991 1525 4071 ingenium

335 4092 435 4151 quam
441 4073 484 4134 ad
492 4074 574 4133 istas
583 4073 757 4153 plusquam
763 4071 975 4152 gladiatorias
982 4093 1110 4154 pugnas
1118 4075 1263 4155 procliue
1268 4094 1335 4136 non
1343 4076 1395 4148 sit,
1401 4073 1455 4136 vel
1464 4073 1525 4134 hoc
1538 4092 1572 4139 90

336 4157 454 4218 indicio
468 4156 573 4235 liquet
583 4157 671 4234 qnod
681 4155 805 4217 multas
816 4157 948 4235 quidem
963 4158 1139 4238 apologias,
1155 4157 1212 4219 sed
1223 4158 1304 4219 nihil
1319 4157 1409 4219 aliud
1425 4176 1526 4237 quam

336 4239 510 4320 apologias,
521 4239 680 4300 hactenus
688 4241 810 4319 scripsi,
822 4259 882 4301 nec
893 4260 993 4302 vnam
1003 4242 1136 4320 quidem
1144 4241 1354 4303 inuectinam.
1389 4241 1435 4303 At
1443 4239 1526 4302 Cato

336 4324 387 4383 vir
401 4323 507 4384 bonus
522 4322 672 4395 habetur,
687 4324 744 4402 qui
759 4324 868 4402 sepius
882 4326 1051 4387 accusauit
1065 4344 1164 4404 quam
1179 4326 1213 4385 in
1227 4325 1278 4385 ius
1292 4330 1430 4386 vocatus
1443 4330 1504 4385 est.

379 4406 445 4467 Res
463 4407 564 4467 etiam
584 4406 646 4467 hoo
664 4406 826 4484 indignior
842 4411 902 4480 est,
918 4408 1008 4486 quod
1028 4409 1107 4471 dum
1122 4411 1156 4469 in
1173 4407 1297 4469 harena
1312 4413 1380 4468 rete
1394 4407 1525 4468 falcem·

336 4496 522 4567 quatenoc,
541 4490 699 4550 aduersus
718 4508 773 4551 eos
790 4509 873 4569 quos
890 4492 946 4552 isti
968 4492 1062 4553 velut
1083 4490 1240 4571 capitales
1261 4491 1395 4571 pietatis
1416 4489 1527 4552 hostes
1538 4509 1573 4558 95

337 4572 489 4635 omnibns
507 4573 594 4634 votis
614 4573 778 4634 extinctos
796 4580 925 4654 optant,
942 4595 994 4636 me
1015 4595 1074 4655 pro
1091 4576 1170 4654 ipsis
1183 4593 1303 4654 magno
1317 4573 1527 4635 fortunarum

337 4657 518 4736 capitisque
549 4656 694 4736 periculo
728 4656 972 4737 depugnantem
1008 4679 1029 4719 a
1064 4665 1156 4738 tergo
1190 4657 1395 4730 adoriuntur,
1429 4657 1528 4736 idque

370 4794 412 4854 63.
430 4792 614 4841 conticescere
625 4791 663 4841 K.
776 4804 818 4856 75.
836 4792 923 4844 animi
935 4808 987 4844 om.
999 4791 1032 4842 J.
1143 4793 1185 4843 82.
1197 4797 1229 4844 at
1239 4798 1302 4844 ante
1312 4795 1410 4858 potest
1420 4791 1484 4842 odd.
1495 4789 1528 4842 J.

336 4858 378 4921 83.
397 4872 509 4922 possem
519 4856 550 4908 J.
601 4860 643 4919 85.
662 4857 802 4923 auulgatis
812 4858 844 4910 J.

575 5036 617 5097 ⁵⁶·
634 5033 753 5099 corrice]
765 5033 816 5085 θοι
826 5034 903 5101 Em·
916 5046 982 5097 20⁹5
992 5031 1109 5094 nuos,
1121 5047 1197 5100 2424·
1209 5047 1288 5099 ³4²2·
