4042 5900
399 687 495 767 2366]
738 686 794 749 TO
815 685 1019 749 nonullae
1039 685 1262 750 OAMPEGIO
1556 689 1595 749 15

398 847 525 918 misere,
537 848 660 905 vexata
669 841 795 905 Gallia!
819 842 950 915 Quanto
961 844 1109 904 miserius
1123 844 1245 906 afflicta
1259 844 1376 906 Italia!
1399 844 1456 906 vbi
1470 864 1594 906 nouum

397 930 500 990 etiam
515 927 638 988 bellum
660 926 835 988 incruduit.
878 926 974 988 Nunc
995 946 1035 988 eo
1056 946 1108 988 res
1129 935 1276 1007 spectare
1298 930 1431 990 videtur
1450 934 1488 989 vt
1506 929 1595 989 orbis

397 1010 1594 1167 tltttttlltttltffittltmltffltntn‘zlllzt
1608 1036 1641 1085 ³⁰

397 1181 524 1240 sionem
553 1178 657 1239 totius
685 1176 868 1237 Ecclesiae:
903 1177 1095 1256 praesertim
1124 1197 1226 1256 quum
1256 1179 1374 1258 vulgus
1402 1198 1594 1258 persuasum

397 1262 522 1323 habeat
535 1260 596 1322 hoc
612 1261 780 1339 negocium
800 1279 867 1321 non
886 1262 953 1339 geri
974 1262 1038 1321 nisi
1054 1265 1187 1322 auctore
1206 1261 1373 1336 Pontifice‚
1389 1264 1533 1324 maxima
1552 1282 1593 1323 ex

396 1351 494 1427 parte
513 1364 571 1424 per
589 1344 767 1423 Episcopos
789 1349 824 1404 et
843 1343 1000 1404 Abbates.
1044 1341 1155 1422 Atque
1175 1345 1258 1407 adeo
1280 1365 1393 1407 vereor
1414 1366 1455 1407 ne
1476 1345 1594 1407 Caesar

397 1432 466 1510 ipse
480 1446 614 1557 prprsus
636 1446 701 1488 non
721 1428 764 1488 sit
783 1426 959 1488 abluturus
981 1446 1001 1487 a
1023 1427 1186 1507 periculo;
1210 1430 1298 1507 quod
1320 1449 1417 1491 omen
1438 1434 1594 1490 auertant
1607 1454 1639 1504 35

396 1533 436 1575 su
479 1532 526 1573 n.

437 1532 528 1658 iloni
547 1599 582 1656 et
602 1612 736 1655 execror
752 1592 883 1655 illorum
901 1594 1154 1674 proteruitatem
1169 1596 1226 1674 qui
1247 1597 1343 1658 sectis
1356 1602 1516 1677 praesunt
1533 1601 1594 1657 aut

396 1680 533 1752 fauent3
556 1677 614 1739 sed
629 1678 731 1756 magis
746 1676 963 1757 spectandum
977 1682 1029 1738 est
1044 1677 1105 1739 hoc
1122 1684 1215 1740 statu
1232 1680 1312 1758 quid
1326 1681 1475 1760 postulet
1489 1681 1593 1742 totius

396 1764 485 1825 orbis
499 1760 723 1840 tranquillitas
738 1780 837 1839 quam
851 1760 931 1840 quid
940 1766 1104 1821 mereatur
1114 1761 1244 1823 illorum
1253 1764 1456 1843 improbitas.
1479 1763 1593 1842 Neque

396 1866 501 1926 vsque
522 1846 606 1907 adeo
626 1843 866 1923 desperandum
888 1850 940 1905 est
961 1843 1002 1903 de
1023 1849 1115 1905 statu
1137 1845 1309 1907 Ecclesiae.
1354 1847 1432 1907 Fuit
1453 1866 1492 1907 ca
1514 1846 1592 1907 olim
1605 1872 1639 1922 40

395 1932 522 1991 iactata
557 1928 652 2007 longe
682 1926 860 1988 maioribus
893 1926 1043 2006 procellis
1074 1928 1135 1988 sub
1169 1928 1308 1990 Arcadio
1336 1935 1371 1990 et
1400 1929 1591 1991 Theodosio.

395 2013 510 2088 Qualis
533 2018 606 2073 tum
628 2010 694 2071 fuit
718 2010 806 2071 orbis
830 2011 959 2071 status!
983 2010 1108 2071 Eadem
1134 2011 1251 2073 ciuitas
1272 2011 1418 2074 habebat
1442 2013 1590 2086 Arianos,

395 2115 552 2177 paganos,
572 2101 608 2156 et
630 2094 841 2155 orthodoxos.
885 2094 927 2154 In
948 2092 1059 2154 Africa
1079 2094 1235 2156 furebant
1251 2095 1447 2157 Donatistae
1469 2101 1504 2157 et
1524 2095 1590 2158 cir·

394 2179 634 2242 cumcelliones.
679 2176 793 2238 Multis
816 2178 850 2238 in
871 2176 950 2237 locis
972 2177 1105 2256 vigebat
1125 2178 1233 2239 adhuc
1255 2179 1521 2241 Manichaeorum
1544 2180 1590 2240 in·

395 2265 489 2325 annm
502 2269 537 2324 et
551 2261 725 2322 Marcionis
739 2262 839 2333 virus,
849 2268 978 2339 praeter
992 2261 1190 2321 incursiones
1205 2262 1419 2324 barbararum
1434 2264 1590 2341 gentium.
1605 2287 1638 2337 5⁰

395 2348 442 2407 Et
455 2352 569 2407 tamen
583 2347 618 2405 in
632 2344 735 2405 tantis
750 2344 891 2404 dissidiis
910 2343 1095 2423 Imperator
1115 2345 1198 2405 citra
1217 2346 1382 2425 sanguinis
1401 2346 1592 2407 effusionem

394 2430 541 2491 habenas
555 2427 790 2489 moderabatur
804 2433 839 2487 et
853 2426 1015 2506 paulatim
1030 2427 1210 2489 haeresium
1225 2435 1372 2489 monstra
1387 2429 1565 2490 resecabat.

438 2514 551 2593 Ipsum
560 2519 691 2590 tempus
702 2510 867 2571 interdum
882 2509 979 2571 affert
993 2510 1171 2571 remedium
1186 2511 1477 2573 immedicabilibus
1488 2511 1590 2573 malis.

393 2595 428 2658 Si
439 2597 537 2657 certis
545 2593 786 2657 conditionibus
800 2599 908 2654 sectae
922 2594 1106 2655 sinerentur
1115 2595 1166 2670 (vt
1177 2594 1424 2656 dissimulantur
1432 2595 1591 2673 Bohemi),

392 2675 921 2838 mltqtthlffiat‘lll
932 2676 1591 2840 tthtddtlnlllttlllltt
1605 2704 1637 2754 ⁵⁵

392 2846 535 2908 trahunt
555 2845 635 2906 fata.
680 2843 726 2905 At
745 2843 883 2903 trahant
901 2863 967 2922 quo
989 2843 1103 2919 velint,
1119 2845 1218 2907 modo
1235 2864 1302 2906 non
1321 2845 1459 2906 trahant
1476 2865 1497 2906 a
1516 2865 1590 2907 con·

392 2931 498 2992 sertio
511 2928 690 2991 columbae.
734 2926 841 2988 Audio
856 2927 1016 3006 quosdam
1032 2946 1126 3006 agere
1140 2929 1230 3009 apud
1244 2927 1414 2991 Caesarem
1434 2930 1493 3009 qui
1511 2929 1591 2991 mihi

393 3034 461 3076 non
482 3014 662 3075 admodum
684 3011 829 3072 faueant.
873 3010 1008 3073 Confido
1030 3016 1142 3075 tamen
1163 3012 1466 3074 reuerendissimam
1488 3013 1590 3075 domi-

391 3099 561 3159 nationem
577 3104 670 3159 tuam
685 3114 752 3156 uon
766 3113 836 3154 esse
851 3095 901 3155 sui
917 3094 1124 3158 dissimilem:
1147 3097 1199 3158 cui
1214 3115 1328 3176 precor
1342 3115 1472 3157 omnem
1489 3096 1589 3158 felici·
1603 3113 1638 3161 eo

391 3186 508 3243 tatem.

435 3265 585 3343 Friburgi
601 3264 640 3325 18
655 3261 796 3341 Augusti
811 3260 907 3321 Anno
923 3277 1014 3340 1530.

434 3346 556 3428 Scripsi
569 3367 609 3408 ex
625 3354 792 3425 tempore:
816 3343 1006 3407 tabellarius
1021 3347 1168 3426 vrgebat.
1185 3346 1330 3426 Ignosce.

1217 3429 1301 3490 R.D.
1318 3429 1547 3491 Paratissimus

1210 3562 1214 3570 .
1279 3513 1436 3574 Erasmus
1451 3513 1546 3575 Rott.
1602 3529 1636 3590 65

711 3743 810 3804 2367.
857 3737 910 3803 To
926 3735 1095 3803 (lassans
1111 3737 1271 3802 Bnouur.

428 3839 589 3913 Epistolae
600 3841 743 3897 Floridae
755 3859 786 3913 p.
800 3844 846 3913 84.
1337 3840 1495 3912 Freiburg.

428 3916 686 4059 K'1fi39513ffp‘
704 3918 792 3971 1018:
813 3917 912 3972 Lond.
926 3916 1010 3971 xxvi.
1028 3929 1079 3985 17:
1283 3929 1318 3982 25
1332 3916 1456 3986 August
1469 3931 1550 3985 1530.

487 4092 559 4153 [The
571 4093 718 4158 year-date
730 4094 753 4144 is
765 4094 917 4145 confirmed
929 4095 968 4159 by
980 4095 1030 4145 the
1041 4094 1169 4145 mention
1180 4093 1210 4144 oi
1222 4092 1366 4143 Erasmus'
1379 4093 1494 4155 illaesa]

664 4201 818 4246 EBASMVS
833 4201 952 4246 BOTER.
970 4201 1100 4246 chaom
1115 4199 1281 4245 ΜΟΝΤῙΟΙΟ
1296 4199 1322 4243 S.

433 4300 501 4362 V1x
524 4301 591 4363 vllo
612 4320 760 4363 sermone
782 4303 935 4381 consequi
956 4321 1076 4380 queam
1099 4305 1261 4379 quantum
1287 4300 1457 4379 gaudeam,
1473 4299 1589 4362 Carole

423 4409 501 4461 2366.
514 4412 556 4460 28.
569 4409 860 4470 Quantomiseriusa:
878 4409 970 4470 Quam
978 4411 1078 4460 misere
1085 4408 1111 4472 β.
1169 4422 1210 4470 29.
1223 4408 1377 4459 videturc:
1395 4410 1483 4459 etiam
1490 4408 1587 4460 viden·

387 4474 471 4540 tart.
546 4492 587 4540 4ο.
605 4478 853 4542 desperandum:
871 4474 1139 4541 despondendumll.
1225 4488 1256 4536 55
1274 4475 1356 4533 bello,
1368 4481 1398 4526 et
1409 4476 1461 4526 tali
1472 4475 1586 4526 belloe:

387 4543 606 4608 tamenbelloll.
648 4546 689 4607 58.
709 4544 803 4596 Audio
813 4544 952 4609 quosdam
964 4559 1046 4608 agere
1058 4561 1089 4592 a:
1108 4542 1174 4592 noui
1185 4541 1427 4607 quosdamessell.
1473 4542 1548 4592 2367.
1563 4558 1586 4593 1.

386 4611 532 4676 qnantum
543 4611 682 4675 gaudeam
695 4611 751 4661 N’:
769 4627 822 4663 oen.
834 4610 908 4660 JN’.

423 4777 500 4827 2666.
519 4791 560 4840 40.
579 4778 724 4840 statu10i.
738 4778 792 4843 Ep.
806 4780 880 4841 2361.
899 4790 961 4840 55n.
1014 4774 1586 4827 tatemmultitudinisineacredentium'.

423 4857 466 4908 54.
484 4844 614 4906 Bohemi]
632 4845 683 4895 See
700 4845 776 4910 Epp.
796 4859 869 4903 1021,
890 4858 963 4907 1039,
1016 4844 1094 4894 Hier.
1106 4843 1138 4893 in
1149 4842 1234 4906 Sept.
1248 4856 1272 4905 3.
1286 4857 1316 4892 r:
1334 4842 1434 4906 cl.Ep.
1445 4844 1586 4905 2037.266.

390 4923 465 4975 ¹⁷⁴⁴·
478 4911 882 5039 ululatatus·
910 4993 964 5028 a.
1015 4908 1587 5039 hdffit'nthhltrlllssl?

390 4978 553 5095 effigiet
563 5015 694 5096 columba
703 4992 963 5110 proptersimplliei·
1081 4991 1324 5108 apudceellliem]
1332 5012 1435 5106 calip.
1443 4991 1585 5105 2371.⁴ryn.
