4042 5900
300 681 395 760 2631]
616 679 673 742 ΤΟ
694 679 913 744 BONIFAGE
934 680 1180 743 AMER-BACH
1432 681 1494 742 473

298 841 463 921 praesagit
477 841 605 901 animus
619 841 700 902 istos
715 840 987 902 sacramentarios
1004 840 1157 901 miserum
1171 841 1298 901 exitum
1313 839 1494 901 habituros.

300 924 470 984 Prooemia
483 922 634 985 vidimus.

343 1006 415 1067 Iam
429 1006 513 1086 linge
528 1007 617 1086 quod
631 1006 809 1087 plurimum
826 1006 920 1068 abest
934 1025 955 1067 a
969 1025 1057 1078 vero,
1072 1008 1106 1067 in
1121 1006 1328 1068 Eucharistia
1345 1025 1414 1068 non
1426 1025 1496 1067 esse

300 1090 525 1151 substantiam
543 1090 694 1170 Corporis
715 1089 886 1163 Dominici‚
908 1095 1022 1151 tamen
1043 1089 1132 1150 Deus
1153 1108 1227 1150 eum
1249 1109 1391 1151 errorem
1413 1089 1496 1151 nulli

302 1174 426 1253 poterit
445 1174 618 1253 imputare.
661 1172 770 1247 Quum
787 1175 873 1235 enim
891 1173 1068 1235 adoramus
1085 1173 1120 1233 in
1134 1172 1352 1246 Eucharistia,
1368 1192 1496 1252 semper
1508 1196 1542 1233 20

301 1256 415 1318 subest
434 1258 538 1317 tacita
556 1258 716 1337 exceptio,
731 1257 759 1318 si
776 1256 841 1317 illic
857 1276 933 1318 vere
952 1263 1014 1318 est.
1058 1255 1161 1317 Nobis
1179 1257 1267 1318 enim
1282 1276 1350 1318 non
1364 1262 1496 1318 constat

301 1359 346 1400 an
367 1339 517 1401 sacerdos
537 1341 600 1401 rite
621 1341 868 1402 eonsecrauerit.
912 1340 1000 1401 Istos
1020 1359 1099 1401 vero
1120 1340 1177 1418 qui
1196 1341 1352 1419 sequitur,
1373 1341 1494 1421 partim

302 1423 450 1484 homines
464 1422 561 1495 leues,
577 1424 698 1502 partim
713 1422 860 1495 infames,
876 1442 975 1502 quam
991 1423 1119 1484 adferet
1132 1424 1402 1485 excusationem?

345 1506 497 1568 Fortasse
518 1525 586 1567 non
607 1506 780 1586 vrgebunt‚
798 1508 864 1567 iam
885 1506 976 1579 iacti,
993 1511 1033 1567 vt
1055 1506 1162 1580 audio,
1184 1508 1340 1568 mitiores.
1384 1505 1447 1567 Sed
1468 1507 1496 1567 si

303 1596 451 1669 vrgeant,
471 1590 610 1652 obiicere
628 1591 752 1669 poteris
769 1589 830 1650 hoc
850 1590 991 1669 primum
1010 1591 1154 1669 ipsorum
1173 1589 1275 1651 inisse
1294 1589 1423 1669 dogma,
1441 1608 1495 1651 ne·
1508 1613 1541 1662 25

302 1674 424 1734 minem
443 1672 486 1733 ad
507 1674 728 1753 sumptionem
745 1672 970 1733 Eucharistiae
992 1672 1262 1753 compellendum.
1306 1672 1496 1734 Absurdum

302 1758 404 1836 igitur
418 1757 478 1817 boc
494 1757 581 1837 ipsos
595 1756 701 1817 facere
716 1755 804 1834 quod
819 1757 853 1817 in
869 1755 1027 1817 Pontifice
1043 1776 1101 1817 ceu
1115 1757 1326 1835 tyrannicum
1343 1757 1496 1817 insectati

304 1845 393 1900 sunt.
437 1840 680 1920 Responderem
709 1839 940 1900 conscientiam
974 1858 1083 1901 meam
1110 1839 1256 1900 nondum
1288 1840 1322 1899 in
1351 1839 1412 1900 hoc
1426 1858 1496 1900 esse

301 1924 460 2002 quietam,
481 1930 516 1984 et
537 1923 693 1985 aduersus
721 1922 951 1984 conscientiam
977 1924 1034 2001 qui
1058 1923 1149 1995 iacit,
1174 1924 1275 1984 etiam
1300 1942 1403 2001 quum
1427 1941 1496 1983 rem

303 2008 394 2087 piam
421 2006 512 2079 iacit,
541 2012 665 2087 peccam.
718 2004 840 2079 Quodsi
868 2006 1094 2085 pemegabunt
1128 2006 1265 2067 vlterius
1295 2005 1497 2067 deliberandi
1510 2020 1543 2070 30

302 2091 459 2169 spatium,
481 2089 692 2169 significarem
713 2108 766 2150 me
787 2090 884 2150 citius
907 2089 1038 2167 quiduis
1062 2088 1260 2151 incommodi
1284 2095 1496 2169 accepturum

304 2192 404 2252 quam
419 2173 585 2234 iacturum
601 2173 705 2234 bonae
720 2173 838 2233 mentis
853 2173 1024 2233 iacturam.
1062 2171 1102 2233 Id
1117 2172 1173 2232 vbi
1188 2172 1342 2247 viderint,
1356 2171 1497 2234 fortasse

303 2256 485 2317 conwdent
498 2258 610 2336 potius
624 2275 723 2335 quam
743 2254 845 2317 talem
859 2257 1020 2317 amittant
1034 2256 1148 2317 ciuem.
1192 2256 1256 2317 Hic
1274 2262 1386 2334 tamen
1398 2254 1497 2317 nullis

304 2339 522 2419 aspenoribus
537 2339 646 2401 verbis
660 2345 739 2400 sunt
753 2338 896 2401 iritandi.

347 2421 442 2496 Quod
464 2423 578 2484 scribis
599 2422 784 2484 sacerdotes
805 2422 886 2483 nihil
910 2423 1086 2483 immutare
1107 2440 1201 2503 posse
1223 2424 1257 2483 in
1278 2422 1497 2495 nucherinus,
1510 2436 1544 2486 35

304 2513 439 2568 tantum
453 2512 593 2587 possunt
604 2511 652 2578 vt,
663 2506 726 2567 nisi
740 2506 828 2567 adsit
838 2505 993 2568 voluntas
1008 2506 1231 2580 consecrandi,
1239 2505 1356 2567 saltem
1367 2524 1496 2586 genem

304 2589 344 2650 lis
358 2590 454 2651 iuxta
468 2594 612 2651 mentem
626 2588 799 2662 Ecclesiae,
814 2588 895 2649 nihil
909 2590 953 2650 sit
966 2590 1030 2650 nisi
1043 2590 1138 2670 panis
1151 2596 1186 2650 et
1200 2590 1324 2650 vinum.

348 2673 393 2735 Et
407 2674 436 2734 si
450 2673 511 2734 soli
525 2673 710 2734 sacerdotes
724 2679 925 2745 consecrant,
940 2672 1028 2734 vnde
1043 2674 1099 2733 isti
1117 2672 1288 2734 habebunt
1303 2672 1498 2746 sacerdotes,

304 2757 444 2817 mortuis
463 2756 514 2817 his
535 2756 655 2834 quibus
677 2775 764 2817 nunc
786 2761 949 2817 Vtuntur?
992 2756 1110 2818 Nonne
1131 2775 1182 2818 res
1205 2756 1303 2836 plane
1324 2756 1433 2819 tendit
1455 2755 1498 2817 ad

304 2840 557 2920 paganismum?
1511 2861 1546 2913 40

347 2921 444 2997 Quod
467 2924 495 2985 si
519 2922 600 3002 quid
625 2922 692 2984 vrit
717 2923 872 2996 animum,
898 2922 986 3003 quod
1012 2924 1079 2985 iam
1103 2942 1206 2986 annos
1231 2922 1359 3003 aliquot
1380 2924 1500 2985 vixeris

303 3006 504 3085 asymbolos,
525 3007 700 3068 necessitas
722 3025 789 3068 non
812 3006 913 3068 habet
934 3007 1048 3086 legem,
1063 3014 1099 3068 et
1118 3007 1193 3068 huic
1215 3008 1261 3068 rei
1283 3006 1430 3087 parabile
1448 3012 1501 3067 est

304 3089 494 3151 remedium.
538 3089 665 3151 Licebit
685 3090 737 3152 vel
758 3090 810 3150 bic
831 3090 884 3151 vel
898 3090 988 3171 apud
1009 3109 1156 3152 socerum
1171 3109 1298 3152 sumere
1317 3090 1411 3152 clam.
1456 3088 1501 3150 Vt

304 3174 501 3254 proferatur,
515 3173 597 3235 leuis
611 3179 662 3234 est
676 3172 809 3234 mulcta.

347 3256 462 3335 Neque
484 3276 536 3318 me
557 3256 643 3336 fugit
663 3276 732 3318 esse
754 3256 861 3318 multa
881 3275 966 3335 quae
990 3262 1026 3316 te
1051 3263 1274 3318 remorantur:
1304 3257 1422 3336 patria,
1448 3274 1499 3317 oo·
1512 3286 1547 3337 45

304 3341 408 3420 gnati,
429 3340 551 3413 affines,
571 3359 664 3412 vxor,
686 3340 813 3413 domus,
832 3338 967 3412 familia,
986 3359 1110 3402 census.
1154 3340 1200 3401 At
1219 3340 1358 3401 fortasse
1377 3340 1502 3400 maiora

305 3423 532 3503 impenderent
546 3423 700 3502 professo.
737 3421 856 3484 Caesar
870 3422 974 3484 adest.
1012 3423 1058 3483 Et
1072 3442 1173 3502 quam
1188 3424 1260 3484 istis
1274 3422 1388 3485 faueat
1403 3421 1502 3502 Ἀρης

303 3508 370 3567 iam
385 3513 592 3585 perspectum
606 3511 665 3567 est.

348 3589 529 3668 Diligenter
545 3588 608 3668 legi
627 3607 711 3667 quae
726 3588 996 3669 Oeeolampedius
1014 3590 1145 3669 scripsit
1162 3588 1322 3651 aduersus
1336 3588 1500 3650 Melanch-

304 3673 461 3735 thonem:
483 3690 550 3733 non
564 3673 734 3751 persuasit.
1515 3702 1548 3752 50

348 3755 486 3818 Ostendi
507 3755 587 3834 quid
609 3756 669 3816 sim
691 3754 841 3817 facturus
863 3756 924 3817 hac
942 3757 1152 3818 conscientia.
1195 3755 1291 3817 Nunc
1311 3761 1405 3817 tuam
1426 3775 1500 3817 con-

305 3838 385 3912 sule,
400 3844 435 3900 et
448 3838 537 3917 quod
552 3840 714 3919 optimum
729 3845 789 3912 est,
805 3845 915 3901 statue
930 3841 1099 3919 aspirante
1113 3838 1234 3901 Christi
1248 3840 1376 3919 spiritu.

349 3922 397 3984 De
412 3922 598 3984 conditione
613 3921 747 3983 Dolensi
762 3929 800 3983 tu
818 3923 947 3984 facilius
965 3923 1028 3983 tibi
1047 3924 1109 4002 ipsi
1126 3922 1283 3984 eonsules.
1326 3921 1503 3984 Academia

305 4024 382 4068 rara
406 4012 469 4078 est,
494 4006 652 4085 oppidum
674 4005 876 4086 frigidulum,
901 4006 1053 4086 populus,
1078 4012 1118 4066 vt
1145 4005 1255 4080 audio,
1281 4025 1438 4087 perperus
1463 4025 1502 4067 ac

305 4089 490 4152 seditiosus.
534 4088 688 4168 Migratio
713 4097 785 4150 tum
811 4088 1048 4150 molestatum
1077 4096 1282 4169 sumptuosa,
1311 4090 1502 4169 praesertim
1515 4119 1548 4169 55

305 4173 490 4252 coniugato.
534 4170 650 4234 Salarii
664 4172 797 4233 modum
812 4173 933 4252 ignoro.
977 4171 1114 4234 Gaudeo
1128 4178 1239 4235 tamen
1259 4173 1321 4234 hoc
1338 4172 1502 4246 accidisse,

305 4275 384 4318 nam
399 4255 460 4316 hac
475 4256 582 4335 gratia
596 4256 646 4316 tui
661 4260 695 4316 te
710 4256 816 4316 minus
831 4255 972 4316 libenter
986 4255 1167 4317 dimittent.

348 4337 435 4412 Quid
456 4338 535 4399 mibi
557 4339 710 4400 videatur
730 4339 902 4418 perscripsi
923 4339 1054 4400 sedulo:
1077 4358 1120 4400 an
1142 4346 1235 4400 tuam
1257 4346 1401 4401 mentem
1421 4340 1504 4401 satis

306 4423 503 4502 perceperim
518 4423 635 4483 nescio.
678 4421 839 4482 Dominus
853 4422 948 4483 dabit
961 4441 1002 4483 ex
1018 4442 1052 4484 se
1066 4423 1129 4483 tibi
1143 4422 1314 4484 consilium
1329 4422 1418 4485 ielix.

349 4504 498 4567 Alciatne
512 4524 641 4566 rursum
656 4510 708 4565 est
722 4505 811 4584 apud
826 4504 1000 4585 Biturigas,
1017 4506 1066 4566 ita
1079 4506 1194 4567 scribit
1208 4505 1342 4585 Viglius,
1357 4524 1503 4567 summae
1515 4525 1550 4572 so

790 4616 832 4666 45.
849 4618 906 4668 que
917 4608 947 4664 te
958 4601 1023 4653 MS.

340 4725 383 4776 49.
401 4708 649 4775 Oecolampedins]
672 4708 746 4769 Quid
769 4711 801 4760 de
823 4711 880 4761 Ea·
966 4725 1008 4774 53.
1027 4710 1153 4772 Dolensi]
1166 4709 1252 4761 SeeE
1276 4713 1372 4773 ..2630
1384 4724 1447 4774 42n.

307 4777 441 4828 21221212
473 4776 576 4828 Veteres
604 4783 663 4827 tum
691 4776 795 4836 (122221,
822 4785 882 4829 tam
966 4781 1007 4841 56.
1026 4778 1136 4840 8212211]
1158 4777 1219 4827 Tbe
1288 4775 1315 4826 le
1339 4775 1505 4843 University

307 4844 404 4896 821121
433 4844 576 4903 mrim,
604 4843 741 4907 Dialogus
769 4845 801 4894 s'n
829 4860 882 4908 qao
932 4844 1037 4895 offered
1055 4858 1105 4907 300
1124 4844 1219 4894 francs
1237 4843 1344 4909 yearly,
1361 4843 1416 4895 but
1431 4858 1505 4895 were

306 4910 449 4976 Epistoloe
469 4909 600 4975 Philippi
621 4860 865 4962 Meloacttboaisw
856 4919 882 4962 et
931 4911 1019 4976 ready
1036 4918 1068 4962 to
1084 4910 1188 4962 double
1205 4910 1256 4961 the
1272 4926 1352 4969 sum·
1374 4925 1422 4961 sae
1437 4912 1504 4962 Am.

306 4977 768 5042 Ioannisoecolcmpods'iiasertoe.
778 4979 881 5029 Astora
931 4978 1039 5043 E.84s.

308 5043 790 5109 loanneOeeolompndio,s.l.153o.
965 5048 1007 5095 60.
1027 5045 1166 5106 Alciatus]
1179 5044 1230 5095 822
1243 5045 1297 5110 Ep.
1310 5048 1475 5110 2592264).
