4042 5900
448 653 508 715 llt
772 648 971 714 LETTERS
992 649 1049 714 OF
1068 646 1274 713 ERASMUS
1551 650 1651 729 [1531

386 837 434 885 190
446 831 488 873 ne
509 811 618 873 dicam
640 830 763 884 seuere,
785 811 944 873 candidos
968 811 1043 873 illos
1064 808 1137 875 τοὺς
1161 807 1287 888 σοφούς,
1309 807 1382 875 τούς
1403 807 1651 888 πολυγλώσσους

446 914 566 1039 ιὲῃαςυο
584 894 1041 1038 ροςςθῗριιῖιιιτᾱειιίροῐοίῗίἔ
1050 892 1150 1038 obtp}
1169 892 1277 991 solum
1294 893 1390 1038 quddd
1403 892 1649 1037 v⁰,¹.i⁰f,}¹¹t⁰m

447 995 1472 1141 priidlibssieldippbelrblrasdemuhbbbbtessibultiplincbfflingualldm
1492 996 1650 1140 plerilffi

447 1146 565 1225 pietati
585 1144 797 1223 moribusque
817 1145 974 1205 iuuenum
996 1163 1063 1206 non
1084 1162 1202 1223 parum
1227 1143 1362 1217 officere,
1384 1144 1468 1205 adeo
1492 1162 1651 1223 peruerso

388 1252 435 1302 195
448 1228 576 1301 iudicio,
592 1227 859 1307 quandoquidem
879 1247 945 1288 non
965 1227 1008 1288 ob
1028 1227 1120 1289 aliud
1140 1227 1183 1288 ab
1201 1226 1346 1287 Homero
1364 1226 1423 1287 illo
1440 1227 1648 1306 ingeniorum

447 1312 541 1372 fonte
562 1311 622 1372 soli
645 1310 793 1372 homines
813 1309 947 1390 μέροπες
967 1311 1049 1372 dicti
1074 1315 1153 1371 suut
1173 1311 1236 1370 nisi
1253 1329 1274 1371 a
1292 1308 1479 1388 linguarum
1499 1311 1648 1389 variega-

448 1396 538 1456 tione
557 1402 658 1473 atque
677 1395 862 1473 cognitione
882 1395 983 1455 varia.
1028 1393 1160 1468 Quanta
1175 1412 1254 1454 vero
1269 1392 1454 1455 studiorum
1473 1393 1650 1455 calamitas

448 1485 556 1540 totam
575 1478 810 1557 rempublicam
830 1477 1002 1539 literarum
1022 1477 1113 1538 breui
1134 1478 1179 1537 sit
1200 1477 1358 1538 inuasura
1378 1476 1416 1549 si,
1437 1476 1526 1554 quod
1547 1478 1650 1537 remis

449 1562 595 1641 velisque
615 1560 812 1641 persuadere
829 1566 1002 1633 conantur,
1023 1561 1057 1622 in
1080 1560 1272 1622 auditorum
1292 1560 1419 1621 animos
1440 1559 1648 1622 inducerent.

386 1669 436 1706 200
448 1644 544 1718 Quod
562 1644 672 1706 nullus
693 1645 795 1724 probe
816 1644 1020 1717 admitteret,
1042 1663 1083 1704 ne
1105 1643 1346 1705 infantissimus
1367 1644 1509 1721 quidem.
1554 1642 1651 1705 Adeo

448 1729 488 1790 iis
509 1729 618 1789 neseio
639 1729 719 1807 quid
741 1728 828 1789 male
849 1726 980 1789 subolet
1002 1728 1099 1787 huius
1121 1728 1263 1788 nominis
1284 1727 1404 1787 sonitu.
1448 1726 1521 1800 Quo
1542 1727 1572 1787 si
1594 1727 1650 1788 vel

449 1811 619 1873 tantillum
638 1831 752 1890 graece
774 1812 965 1884 intonueris,
983 1830 1080 1871 aures
1099 1812 1214 1872 statim
1234 1808 1316 1870 ὥστε
1334 1809 1404 1875 ὄνος
1418 1808 1511 1887 λύρας
1527 1811 1649 1871 demit-

450 1901 538 1967 tunt,
567 1895 614 1955 Et
627 1894 720 1972 quod
731 1896 811 1955 item
826 1894 941 1973 palato
955 1913 1023 1955 non
1038 1894 1135 1973 sapit,
1151 1893 1351 1955 intolerabili
1366 1893 1538 1955 stomacho
1552 1894 1650 1956 fasti·

449 1978 555 2051 diunt,
576 1979 724 2057 miroque
744 1977 879 2038 fastidio
893 1983 1054 2056 respuunt
1071 1976 1228 2056 quicquid
1244 1977 1311 2037 suis
1329 1976 1465 2037 auribus
1482 1976 1649 2038 dissonet:

387 2084 435 2134 205
450 2062 539 2122 haud
561 2063 627 2122 scio
652 2062 732 2140 quid
756 2068 872 2140 postea
895 2060 1027 2133 facturi,
1050 2061 1078 2120 si
1099 2059 1250 2121 hebraice
1275 2078 1416 2139 expuere
1441 2061 1650 2122 senserint-

448 2144 599 2205 fortassis
612 2152 647 2206 et
662 2144 761 2205 bilem
776 2144 967 2205 monebunt.

491 2226 596 2301 Quam
613 2227 655 2288 ob
670 2247 739 2289 rem
754 2246 809 2288 eos
823 2228 932 2288 verius
946 2226 1085 2287 dixerim
1099 2224 1352 2304 μουσομάστιγας
1371 2224 1424 2286 καὶ
1439 2225 1652 2305 μισομοῦσους

450 2329 549 2389 quam
578 2309 792 2389 φιλομούσους.
844 2310 907 2384 Qui
936 2328 1039 2388 quum
1073 2310 1155 2370 nihil
1189 2309 1335 2371 habeant
1365 2309 1524 2390 praeclari
1556 2311 1650 2389 quod

449 2394 639 2467 moliantur,
654 2393 804 2455 felicibus
819 2393 958 2454 aliorum
978 2393 1153 2454 conatibus
1172 2392 1395 2467 subinuident,
1411 2393 1551 2455 forsitan
1568 2413 1651 2456 suae

387 2499 437 2536 κιο
449 2479 654 2558 ignorantiae
668 2479 806 2551 eonscii;
830 2478 952 2556 quique
963 2476 1053 2555 quod
1064 2476 1145 2537 nihil
1157 2475 1293 2538 valeant
1307 2495 1374 2555 quo
1385 2476 1438 2538 vel
1449 2476 1512 2538 sibi
1526 2495 1651 2539 nomen

450 2560 619 2622 vindicent
638 2561 845 2639 redduntque
865 2567 1047 2631 aeternum,
1063 2560 1203 2621 aliorum
1221 2559 1361 2639 phamae
1383 2561 1500 2621 misere
1521 2561 1649 2622 incum-

451 2644 545 2717 bunt,
558 2645 686 2706 artibus
701 2646 802 2705 etiam
817 2664 884 2705 non
899 2643 1079 2725 probandis
1093 2644 1137 2704 ad
1152 2643 1213 2704 hoo
1228 2644 1391 2716 instructi,
1406 2650 1441 2705 et
1456 2644 1546 2723 quod
1560 2663 1649 2705 asse·

451 2729 508 2806 qui
530 2735 698 2807 nequeunt
720 2728 882 2788 damnant
903 2727 1061 2801 subinde;
1084 2727 1166 2788 alios
1187 2727 1319 2806 quidem
1337 2727 1439 2806 probe
1455 2733 1649 2802 monentes;

451 2831 566 2873 verum
592 2811 674 2872 nihil
699 2811 788 2890 quod
813 2811 866 2871 vel
893 2811 934 2872 ad
965 2811 1070 2871 bonas
1098 2810 1211 2871 literas
1236 2809 1289 2870 vel
1315 2811 1404 2890 piam
1428 2810 1650 2872 eruditionem

388 2915 437 2966 215
450 2894 553 2957 faciat
574 2901 771 2975 promouent
792 2913 947 2974 vnquam,
970 2913 1042 2967 nae,
1064 2913 1106 2955 ne
1127 2895 1197 2955 iota
1220 2893 1371 2973 quidem;
1393 2894 1496 2955 nihilo
1517 2894 1650 2957 doctius

451 2979 492 3040 de
512 2980 616 3040 literis
635 2981 714 3058 ipsis
734 2979 930 3040 disserentes
947 2998 986 3039 ae
1008 2978 1049 3039 de
1069 2977 1231 3038 coloribus
1246 2979 1342 3050 coeci,
1362 2978 1445 3039 adeo
1464 2977 1651 3040 infelicibus

452 3063 523 3123 ouis
551 3063 662 3123 aediti.
706 3062 778 3123 Iam
808 3062 969 3140 quosdam
998 3061 1234 3141 propemodum
1260 3061 1410 3122 videmus
1438 3080 1478 3123 eo
1501 3063 1651 3124 insaniae

451 3145 622 3225 prolapsos
643 3152 682 3206 vt
703 3146 828 3225 absque
850 3145 919 3206 vllo
940 3145 1091 3206 lectionis
1112 3143 1241 3205 delectu
1267 3145 1307 3205 de
1333 3145 1473 3206 aliorum
1495 3145 1650 3225 operibus

451 3231 545 3308 graui
566 3228 739 3309 supercilio
760 3231 988 3308 pronuncient,
1012 3228 1223 3306 censorisque
1249 3227 1377 3307 virgula
1401 3247 1485 3307 quae
1511 3229 1651 3291 nonita

389 3331 439 3368 220
452 3312 598 3373 arrident
619 3313 830 3385 confodiant3
853 3312 910 3390 qui
929 3312 1002 3390 lyra
1022 3313 1217 3384 introuersa,
1238 3311 1516 3390 quemadmodum
1533 3311 1650 3391 cytha-

452 3395 550 3456 redus
566 3395 628 3468 ille,
645 3396 797 3475 sibiipsis
809 3395 893 3457 belle
905 3400 1047 3468 canunt;
1071 3396 1128 3474 qui
1138 3395 1231 3456 radio
1243 3394 1386 3474 obliquo,
1398 3401 1438 3457 vt
1448 3400 1528 3456 sunt
1539 3395 1650 3456 allecti

452 3478 542 3540 haud
563 3479 698 3558 perinde
719 3486 821 3558 atque
842 3481 899 3558 qui
920 3478 1073 3540 discolori
1094 3480 1182 3539 vitro
1204 3479 1416 3559 prospiciunt,
1439 3478 1480 3540 de
1501 3478 1574 3540 aliis
1600 3479 1650 3540 ite

452 3561 610 3634 iudicant,
630 3562 709 3624 foris
729 3562 935 3635 oculatiores,
956 3564 1047 3623 intus
1068 3562 1122 3622 vel
1141 3563 1284 3623 maxime
1305 3561 1437 3633 hebent,
1457 3581 1556 3623 verae
1575 3580 1649 3641 pro·

452 3645 539 3707 fecto
560 3645 699 3719 lamiee;
730 3646 863 3707 demum
885 3647 942 3724 qui
963 3647 1009 3706 sie
1030 3647 1095 3707 toti
1119 3643 1265 3723 φιλαυτίᾳ
1286 3647 1337 3706 sui
1358 3645 1502 3718 madent,
1525 3651 1565 3707 vt
1589 3665 1650 3708 suo

390 3745 439 3796 225
452 3728 588 3790 modulo
605 3729 745 3790 aliorum
765 3731 852 3791 vires
871 3729 1081 3791 concludant.
1127 3729 1199 3790 Hac
1219 3729 1325 3790 saliua
1342 3729 1462 3789 imbuti
1480 3728 1563 3790 nihil
1581 3748 1650 3790 non

452 3812 757 3892 reprehendendum
775 3833 895 3892 magna
911 3812 1031 3873 fiducia
1051 3812 1187 3884 ducunt,
1212 3812 1301 3891 quod
1322 3811 1376 3872 vel
1397 3831 1463 3873 non
1485 3812 1649 3890 didi[s]ce·

453 3903 533 3957 runt
547 3896 599 3957 vel
615 3915 785 3975 nunquam
800 3896 912 3958 forsan
927 3897 1057 3975 assequi
1071 3902 1271 3975 potuerunt;
1294 3895 1337 3956 ad
1351 3895 1439 3956 huno
1453 3914 1650 3974 gnomonem

453 3981 564 4040 omnia
584 3980 823 4058 perpendentes
845 3979 987 4057 reliquos
1008 3998 1119 4040 seuere
1140 3979 1350 4040 examinant:
1381 3978 1464 4040 adeo
1485 3997 1650 4057 nusquam

452 4064 556 4141 magis
576 4064 696 4142 ingrati
716 4083 816 4143 quam
834 4064 868 4123 in
887 4064 1015 4141 eosqui
1034 4063 1153 4124 sudore
1167 4062 1417 4141 incomparabili
1430 4080 1560 4123 sacrum
1576 4062 1650 4123 Pal·

390 4145 538 4213 2301adis
563 4165 743 4220 musaeum,
774 4166 849 4207 cum
878 4147 1061 4208 accessione
1090 4147 1272 4207 etiamnum
1302 4145 1436 4206 honoris
1464 4145 1650 4220 immodica,

453 4230 573 4308 iugiter
592 4229 775 4309 expoliunt,
799 4231 856 4309 qui
877 4228 1047 4290 Herculeis
1067 4229 1168 4290 ferme
1190 4229 1357 4290 laboribus
1380 4228 1650 4308 inexhaustisque

453 4311 572 4392 vigiliis
593 4314 705 4375 obruti
727 4313 913 4375 Pandoram
934 4312 1114 4374 literarium
1136 4332 1196 4374 sua
1217 4312 1373 4392 panoplia
1393 4313 1555 4374 adornare
1576 4318 1652 4374 tota

453 4397 525 4458 vita
539 4396 752 4458 desudarunt.

495 4479 597 4542 Miror
620 4482 740 4541 mirum
765 4481 799 4541 in
824 4479 969 4553 modum,
995 4499 1054 4541 nec
1080 4480 1161 4541 satis
1186 4479 1339 4540 demirari
1364 4499 1457 4557 queo,
1480 4497 1565 4558 quae
1590 4477 1650 4559 ἄτη

391 4560 440 4612 ²³⁵
453 4563 628 4625 Homerica
642 4583 698 4624 eos
713 4565 758 4624 sic
773 4563 889 4625 adhoc
904 4563 1037 4625 induxit
1051 4568 1086 4624 et
1096 4581 1200 4641 vsque
1214 4562 1297 4624 adeo
1308 4562 1516 4636 dementarit,
1528 4563 1651 4642 quique

488 4698 580 4761 196-7.
598 4697 789 4762 variegatioue
823 4696 1004 4760 scripsimus:
1045 4697 1253 4760 euariegatione
1287 4716 1321 4746 a:
1358 4697 1551 4761 euarigatione
1583 4696 1652 4749 MS.

453 4776 563 4824 zio-20.
581 4764 784 4829 pronuncient.
793 4800 799 4814 .
809 4763 1126 4828 confodiantacorria:
1137 4765 1340 4828 pronunciant.
1350 4801 1356 4814 .
1365 4762 1651 4816 .eonfodiuntMS.a.

487 4960 545 4996 202.
563 4943 630 4996 ὥστε
643 4983 650 4996 .
664 4983 671 4996 .
685 4983 691 4996 .
704 4943 790 5010 λύρας]
802 4945 891 5010 Aduo.
904 4959 963 5010 ²35·
1076 4961 1118 5013 34.
1133 4961 1163 5012 14
1176 4947 1291 5014 (Vulgi.

487 5027 546 5077 224.
563 5013 866 5075 lamiaqiabatonm
884 5013 1025 5065 cf.Isaiah
