4042 5900
312 664 410 743 2406]
716 662 778 727 <To
797 660 916 727 JOHN
936 660 1115 725 OHOLER
1475 662 1515 721 85

314 824 360 886 ad
373 823 456 886 alios
470 823 636 904 epistolas,
652 822 696 884 ad
709 841 851 903 quarum
869 821 999 886 nullum
1014 821 1125 902 accepi
1145 840 1346 901 responsum.
1391 818 1514 893 Metuo,

314 927 358 969 ne
372 907 494 969 artifex
509 906 563 968 ille
578 907 798 986 interceperit.
829 907 880 968 De
894 906 993 968 Eccio
1008 906 1094 967 solet
1108 923 1237 985 semper
1252 904 1391 984 pessime
1404 902 1514 982 loqui:

313 992 387 1052 eius
401 998 515 1052 tamen
530 991 698 1052 mentione
713 990 821 1051 voluit
835 989 940 1051 abuti.

358 1073 503 1136 Tantum
518 1080 748 1154 portentorum
763 1092 832 1135 esse
846 1074 881 1133 in
895 1071 1088 1134 Germania!
1114 1072 1179 1133 Pro
1193 1070 1337 1151 hospitio
1350 1069 1514 1131 humanis·

314 1157 396 1218 sime
410 1155 523 1218 oblato
541 1162 577 1218 et
596 1158 659 1218 tibi
676 1162 711 1218 et
731 1157 771 1218 D.
786 1156 931 1218 Antonio
953 1155 1059 1217 habeo
1080 1156 1231 1234 gratiam.
1275 1151 1339 1215 Sed
1361 1154 1418 1231 qui
1439 1171 1514 1213 con·
1529 1163 1562 1223 65

314 1241 409 1301 uenit
423 1247 463 1301 vt
476 1259 529 1301 me
543 1241 664 1301 inuitas
678 1239 872 1320 Augustam,
887 1259 990 1319 quum
1004 1245 1040 1301 et
1053 1245 1182 1301 metuas
1196 1243 1231 1299 et
1245 1236 1516 1298 verisimillimum

314 1325 361 1384 sit
375 1324 449 1384 istic
463 1330 540 1403 post
556 1323 687 1385 abitum
706 1323 851 1385 Caesaris
868 1342 985 1402 graues
1002 1322 1167 1383 tumultus
1188 1322 1396 1382 exoriturae?
1425 1317 1516 1380 Nihil

314 1412 368 1467 est
382 1405 519 1468 Caesare
533 1407 646 1468 mitius
660 1426 698 1467 ac
714 1406 901 1487 religiosius,
911 1406 968 1467 sed
983 1424 1096 1467 vereor
1110 1424 1152 1466 ne
1166 1403 1372 1483 quorundam
1387 1402 1516 1464 malitia

314 1489 403 1551 illius
424 1490 584 1551 abutatur
602 1489 762 1551 bonitate.
807 1488 909 1551 Video
931 1508 1035 1568 nugas
1057 1489 1110 1568 agi
1131 1490 1223 1561 serio,
1239 1488 1273 1548 in
1293 1487 1384 1547 seriis
1400 1505 1514 1565 nugas.

315 1572 358 1633 In
373 1572 552 1633 Pontificiia
566 1574 755 1634 ceremoniis
770 1572 851 1634 nihil
865 1573 1131 1653 praetermissum
1145 1577 1206 1644 est,
1216 1576 1251 1632 at
1262 1589 1348 1631 nunc
1356 1570 1466 1649 agitur
1474 1568 1516 1630 de
1529 1590 1562 1641 70

315 1655 418 1717 titulo
433 1656 532 1735 Regis
547 1656 644 1717 Rom.
688 1656 823 1718 Vtinam
837 1660 1022 1736 supputent
1041 1661 1204 1735 quantum
1224 1654 1327 1715 annui
1344 1671 1459 1714 census
1481 1651 1515 1713 hi

314 1738 479 1818 magnifici
493 1739 585 1801 tituli
599 1739 664 1801 illis
678 1739 840 1801 adierant.
884 1738 948 1800 Sed
963 1739 1086 1811 desino,
1102 1736 1235 1817 quando
1250 1738 1311 1798 hoc
1332 1735 1442 1797 seculo
1456 1754 1515 1796 uec

314 1840 444 1901 gemere
465 1827 587 1884 tutum.
625 1822 665 1883 D.
688 1822 834 1884 Antonio
858 1823 940 1884 meis
964 1822 1073 1883 verbis
1095 1822 1186 1900 agito
1207 1822 1340 1900 gratias,
1362 1838 1459 1880 orans
1476 1824 1516 1879 vt

315 1904 428 1967 literas
442 1905 486 1967 ad
500 1903 730 1967 Brassicanum
745 1912 838 1967 curet
852 1905 1060 1987 perferendas
1075 1904 1235 1966 Viennam
1249 1909 1293 1977 ct,
1303 1904 1331 1964 si
1345 1902 1515 1964 dimissum

315 1986 582 2132 cptnConcilium,
606 1990 801 2069 perueniant
824 1989 869 2050 ad
894 1988 1127 2069 Polyphimum
1152 1992 1213 2049 aut
1241 1986 1397 2049 Ioannem
1426 1985 1515 2046 Hen-
1529 2006 1562 2056 73

313 2091 332 2132 c
356 2091 375 2133 e
399 2091 465 2133 um.

358 2154 446 2217 Bene
460 2156 543 2229 vale,
558 2156 610 2217 vir
628 2157 663 2216 in
681 2156 822 2218 Domino
839 2155 1036 2217 charissime.

356 2238 514 2319 Friburgi,
529 2239 687 2319 postridie
704 2239 839 2301 Martini
860 2253 951 2317 1530.
995 2238 1136 2300 Haecin
1158 2239 1267 2300 sinum
1285 2243 1381 2299 tuum
1401 2235 1515 2308 effusa,

314 2340 357 2383 ne
371 2329 577 2402 spargantur.

920 2404 1078 2486 Agnoscis
1093 2411 1189 2466 tuum
1204 2404 1379 2465 Erasmum
1394 2403 1473 2465 Rot.
1529 2409 1563 2459 80

568 2547 669 2608 2407.
717 2542 824 2609 Facu
839 2542 942 2608 Jonu
959 2561 1009 2608 on
1025 2542 1262 2608 Moununmo.

353 2645 479 2717 Leipzig
491 2644 556 2701 MS.
1235 2646 1394 2715 Toarnay.

354 2721 420 2776 ΕΕ.
437 2736 500 2793 14¹·
1154 2737 1188 2793 14
1201 2720 1380 2776 November
1396 2734 1478 2788 1530.

349 2814 413 2932 [pop¹
423 2814 542 2944 priginal
558 2815 653 2875 letter,
665 2815 827 2881 autograph
844 2815 1031 2881 throughout.
1068 2815 1124 2865 For
1139 2814 1319 2865 Molendinus
1332 2828 1379 2864 see
1394 2813 1450 2879 Ep.
1467 2826 1515 2877 371

314 2883 361 2933 int
416 2919 422 2931 .

358 2962 390 3026 S.
407 2964 443 3026 P.
487 2962 521 3027 Si
535 2965 603 3026 tuis
619 2964 663 3026 ad
680 2984 733 3026 me
750 2965 854 3027 literis
874 2967 976 3028 serius
992 2966 1182 3046 respondeo,
1201 2965 1241 3026 D.
1262 2965 1397 3027 Erasme
1415 2962 1515 3025 vnde·

314 3066 447 3127 cunque
461 3047 605 3122 doctiss,
620 3067 687 3110 non
701 3054 772 3109 tam
787 3049 868 3111 mihi
882 3049 990 3130 culpa,
1005 3069 1106 3129 quam
1121 3068 1181 3110 nec
1196 3067 1330 3128 prorsus
1350 3047 1515 3126 deprecor,

314 3131 512 3211 imputanda
526 3138 586 3204 est,
598 3150 698 3210 quam
713 3138 828 3194 nostro
842 3132 993 3194 Barbirio
1004 3133 1129 3195 decano
1143 3138 1266 3205 nostro,
1278 3133 1336 3210 qui
1350 3131 1517 3212 superiore

313 3220 443 3277 aestate
460 3214 503 3275 ab
521 3214 582 3276 hac
600 3215 680 3276 vrbe
701 3234 777 3295 sepe
794 3215 917 3296 diuque
936 3215 1055 3290 abfuit,
1070 3222 1105 3277 et
1123 3214 1403 3277 commonefactus
1417 3233 1438 3275 a
1453 3232 1515 3287 me,

314 3296 526 3359 scribendum
540 3317 610 3359 esse
629 3298 674 3359 ad
688 3298 872 3372 Erasmum,
887 3299 922 3360 id
940 3319 1122 3378 numquam
1140 3298 1324 3371 recusabat,
1340 3299 1407 3359 imo
1422 3305 1515 3359 ‘con-
1530 3318 1546 3368 5

315 3381 412 3443 lectis
420 3382 562 3461 negociis
571 3381 768 3460 quibusdam
777 3384 911 3444 omnino
920 3381 1242 3444 scribemus'aiebat.
1275 3380 1371 3455 Quod
1382 3379 1516 3454 etfacit,

315 3466 451 3544 eiusque
471 3463 584 3526 literas
602 3464 683 3544 legi3
707 3467 764 3544 qui
781 3464 914 3527 videtur
932 3466 1064 3528 abunde
1082 3468 1151 3527 tuis
1169 3465 1214 3526 ad
1232 3484 1285 3526 me
1304 3464 1408 3526 literis
1422 3465 1515 3525 satis·

316 3547 434 3610 iacere.
479 3548 564 3609 Rem
586 3553 698 3609 tamen
720 3550 834 3628 ipsam,
850 3555 890 3610 vt
907 3569 941 3610 se
963 3549 1074 3623 babet,
1090 3568 1157 3610 non
1178 3550 1266 3621 noui,
1289 3548 1424 3608 tametsi
1445 3565 1516 3627 per-

315 3649 417 3711 quam
429 3637 542 3692 sancte
556 3632 728 3693 affirmarit
742 3652 777 3693 se
791 3633 835 3694 ad
849 3638 884 3694 te
895 3634 1065 3694 verissima
1075 3633 1321 3710 certissimaque
1332 3632 1498 3709 scripsisse
1509 3651 1516 3704 ;

314 3712 584 3793 quandoquidem
598 3715 664 3775 tria
677 3717 851 3795 praecipue
865 3735 993 3777 mecum
1006 3715 1194 3795 querebare.
1225 3715 1371 3776 Primum
1383 3713 1517 3792 quidem
1532 3735 1564 3771 ιο

315 3804 389 3858 erat
403 3796 444 3858 de
459 3799 614 3877 pensione
628 3797 793 3859 dimidiati
807 3801 885 3860 anni
900 3799 963 3860 huc
978 3799 1069 3860 vltrc
1082 3818 1103 3860 a
1118 3799 1158 3860 D.
1174 3797 1222 3859 Io.
1235 3797 1277 3858 de
1292 3797 1393 3858 Hond
1407 3798 1516 3869 missa,

315 3899 401 3960 quaa
415 3881 586 3960 insumpta
599 3879 664 3942 fuit
678 3880 759 3942 dum
770 3881 823 3943 bic
838 3881 878 3943 lis
892 3881 958 3943 fuit
972 3902 1034 3962 pro
1048 3881 1212 3943 decanatu
1224 3880 1404 3942 Tomacefl.
1435 3879 1518 3940 Erat

316 3970 391 4025 tum
412 3963 581 4025 Barbirius
602 3963 729 4026 Romae
751 3984 826 4026 cum
841 3964 987 4027 Adriano
1008 3965 1185 4045 pontifice;
1215 3966 1270 4043 qui
1293 3971 1366 4025 tum
1388 3964 1518 4042 scripsit

315 4046 359 4108 ad
380 4066 433 4108 me
452 4066 487 4108 sc
503 4066 577 4108 eam
596 4049 836 4127 pensionariam
853 4049 1018 4110 dimidiati
1032 4050 1109 4110 anni
1128 4050 1300 4128 pecuniam
1316 4047 1378 4108 tibi
1392 4048 1518 4126 integre

349 4148 425 4199 alce.
442 4151 485 4200 61.
499 4148 549 4198 0⁸:
568 4149 658 4200 Metui
669 4149 714 4200 0¹.
775 4164 816 4214 71·
835 4155 998 4216 supputent
1009 4150 1112 4201 0¹LB:
1130 4149 1342 4216 suppetent0².
1401 4150 1443 4199 ao.
1462 4149 1517 4214 Ag-

315 4215 429 4266 noscis.
444 4253 451 4266 .
465 4215 877 4278 ,Roeomsffloaomnsu
896 4234 948 4269 om.
961 4217 1005 4268 0¹.

349 4330 891 4394 24⁰t.74.adBrassicanum]Thelettar
941 4333 1076 4384 adiiciens
1108 4333 1241 4384 omnibus
1269 4332 1387 4383 tandem
1418 4330 1519 4383 seculis

315 4396 341 4448 ia
349 4397 476 4463 possibly
484 4398 550 4448 that
561 4399 726 4450 mentioned
737 4400 776 4465 by
783 4400 890 4451 Brassi-
942 4401 1073 4451 extitisse
1078 4400 1287 4465 suosquosdam
1294 4399 1428 4464 peculiari
1433 4399 1517 4448 bene·

315 4478 404 4514 canus
415 4465 445 4514 in
456 4465 507 4515 the
518 4465 630 4530 prelace
641 4472 673 4516 to
684 4467 729 4517 hie
742 4466 850 4517 edition
861 4467 892 4517 oi
942 4467 1006 4517 licio
1028 4467 1104 4518 viros
1128 4466 1265 4517 eruditos.
1300 4465 1355 4517 Sed
1381 4471 1518 4530 patronos

315 4529 402 4595 Hugo
411 4529 890 4599 Eterianus'DeAnimo,Cologne,
942 4539 1098 4585 cessaturas
1117 4548 1175 4584 non
1194 4549 1254 4583 sem
1292 4533 1403 4598 rparia
1419 4531 1519 4582 fecisse

315 4597 550 4662 Gymnich,1540.
569 4598 890 4651 ‘D.Erasmus1totero·
942 4615 1008 4650 cam
1028 4599 1247 4651 selectioribus'
1273 4600 1278 4611 ’
1317 4600 1346 4649 in
1381 4599 1444 4657 niis,
1464 4598 1518 4649 hoc

314 4662 418 4714 damus
432 4671 530 4715 noster
545 4665 602 4725 (cui
619 4681 695 4716 nunc
711 4681 810 4717 omnes
823 4666 891 4718 boni
943 4667 1028 4726 illius,
1051 4673 1085 4718 vt
1107 4673 1212 4718 vorant
1235 4663 1314 4728 αὖτόγ
1415 4664 1452 4715 ad
1472 4680 1518 4715 me

314 4730 408 4780 leuem
419 4736 525 4782 terram
536 4732 700 4797 precantur)
711 4732 781 4784 dum
791 4734 890 4784 stiam·
944 4733 1107 4799 planissime
1117 4732 1372 4784 commonstrabit.'

315 4812 387 4847 num
407 4796 538 4864 Friburgi
559 4799 680 4858 uiueret,
702 4806 733 4850 et
752 4801 891 4865 scriptum
977 4800 1054 4850 2407.
1074 4814 1097 4850 1.
1114 4800 1214 4862 literis]
1226 4798 1285 4850 Not
1296 4803 1408 4849 extant.

314 4863 370 4914 hoc
381 4862 419 4914 ad
430 4878 461 4914 se
471 4879 535 4915 mea
546 4880 614 4916 cura
629 4866 747 4917 missum
757 4872 890 4918 accurate
976 4880 1001 4931 7.
1019 4866 1128 4928 liures]
1139 4867 1194 4932 Ep.
1207 4880 1282 4929 24⁰4·

315 4929 482 4996 perlegeret,
491 4932 623 4983 omnibus
634 4933 726 4984 modia
737 4933 888 4998 probabat,
978 4946 1019 4984 12.
1031 4933 1185 4996 dmmtu]
1197 4932 1310 5000 SeeEp.
1320 4945 1516 4998 2404.21-2n.=

314 5002 348 5048 et
367 4997 582 5063 maestimandis
600 4999 732 5052 laudibus
748 5000 888 5054 rohebam
942 5001 979 5052 cf.
992 4999 1048 5069 Ep.
1060 5002 1137 5067 2487.
1148 5013 1225 5063 9-12.
