4042 5900
431 674 491 738 122
755 672 954 738 LETTERS
976 672 1033 737 OE
1052 670 1258 737 ERASMUS
1533 676 1632 756 [1531

430 834 556 895 occasio
578 832 631 895 vel
655 839 695 895 tu
720 833 946 896 submonueris
972 833 1093 913 quibus
1117 834 1152 895 in
1177 832 1274 894 rebus
1302 833 1365 895 tibi
1389 834 1512 915 possim
1542 854 1632 897 com·

431 917 574 978 modare.

483 998 617 1061 Gaudeo
635 999 698 1062 tibi
714 1001 887 1079 contigisse
904 999 1087 1080 praesulem
1105 998 1313 1071 beneuolum,
1327 1000 1432 1080 magis
1445 1002 1633 1081 gauisurus,

431 1084 459 1144 si
480 1089 514 1145 te
536 1084 636 1144 mitra
657 1083 782 1145 bicorni
803 1084 937 1145 audiero
959 1084 1168 1163 insignitum:
1191 1090 1252 1144 aut
1269 1085 1297 1144 si
1314 1089 1349 1144 te
1366 1102 1433 1145 non
1455 1104 1495 1146 ca
1518 1086 1548 1145 it
1569 1084 1633 1145 hoo

385 1186 419 1223 20
432 1166 563 1228 honoris
584 1186 694 1246 genus,
717 1168 859 1247 optarim
882 1166 944 1228 tibi
963 1167 1108 1247 puellam
1130 1166 1258 1228 affatim
1284 1166 1445 1228 dotatam.
1523 1187 1633 1241 ursus,

432 1251 460 1310 si
481 1248 602 1330 refugis
623 1252 812 1331 capistrum,
838 1270 953 1330 precor
981 1250 1042 1310 tibi
1071 1249 1241 1311 fortunam
1266 1249 1381 1329 esyci,
1412 1251 1475 1324 cui,
1501 1258 1541 1312 vt
1563 1252 1634 1331 ipse

432 1334 499 1395 suis
528 1332 647 1394 litteris
675 1333 880 1413 significauit,
910 1333 1049 1413 contigit
1078 1334 1185 1394 ocium
1215 1352 1290 1394 oum
1319 1333 1490 1413 dignitate.
1534 1334 1633 1397 Tem·

431 1418 503 1496 pori
526 1416 728 1496 vigilandum
756 1436 881 1478 censeo.
935 1416 1083 1478 Nimium
1111 1418 1198 1477 enim
1228 1436 1343 1478 verum
1371 1425 1432 1491 est,
1462 1417 1554 1496 quod
1583 1418 1634 1478 ait

432 1500 577 1574 Flaccus,
593 1500 686 1561 Eheu
707 1500 848 1579 fugaces,
864 1500 970 1573 Petre,
986 1498 1117 1561 silentio
1134 1499 1295 1561 labuntur
1316 1501 1403 1561 anni.
1447 1499 1634 1562 Historiam

385 1601 418 1651 25
432 1583 665 1664 triumphalem
680 1583 796 1664 cupide
811 1588 959 1663 expecto.
996 1582 1108 1644 Habes
1121 1582 1294 1663 epistolam
1306 1581 1510 1662 ἅυτόγραφον,
1525 1589 1567 1645 vt
1580 1584 1635 1645 hic

432 1686 563 1746 quoque
584 1673 694 1728 woum
715 1668 808 1746 paria
831 1666 959 1739 faciam,
981 1685 1041 1727 nec
1062 1667 1134 1745 ipsa
1151 1665 1356 1745 κακογραῴίᾳ,
1376 1673 1416 1727 vt
1429 1667 1584 1741 arbitror,
1598 1674 1635 1728 te

431 1749 573 1811 inferior.
617 1748 681 1811 Sed
701 1749 790 1823 heus,
810 1748 894 1811 illud
915 1750 1051 1810 minimo
1072 1751 1180 1810 minus
1202 1769 1255 1811 me
1279 1750 1418 1829 fugerat.
1463 1749 1572 1825 Quam
1592 1756 1634 1811 tu

432 1833 512 1894 mihi
533 1852 646 1894 narras
669 1833 853 1912 analogiam
875 1833 1091 1894 ducentarum
1109 1833 1325 1913 epistolarum
1339 1833 1383 1895 ad
1397 1838 1525 1895 vnamt
1569 1832 1635 1894 Vix

432 1916 574 1977 arbitror
589 1915 690 1977 vllam
705 1916 813 1977 abste
831 1915 1005 1996 epistolam
1025 1915 1089 1977 huc
1103 1917 1229 1977 venisse
1249 1918 1302 1978 cui
1316 1936 1384 1978 non
1397 1915 1633 1997 responderim,

386 2016 420 2066 30
433 1998 493 2061 hac
507 2005 647 2080 excepta
660 2005 835 2080 postrema,
851 2000 885 2059 in
900 2018 966 2077 qua
981 1998 1185 2078 significabas
1205 2004 1239 2061 te
1257 1999 1437 2079 relinquere
1451 1999 1633 2073 Lutetiam,

432 2102 491 2144 nec
505 2088 596 2144 certo
610 2082 802 2162 designabas
817 2101 883 2161 quo
898 2084 1064 2144 mitterem
1083 2082 1204 2161 siquid
1219 2083 1456 2163 responderem,
1471 2102 1532 2144 neo
1551 2082 1635 2144 mihi

432 2166 608 2228 constabat
621 2184 703 2245 quos
718 2166 854 2227 haberes
868 2166 914 2226 ibi
928 2167 1058 2227 amicos.
1103 2166 1191 2228 Bene
1205 2166 1288 2228 vale.

475 2251 529 2311 vii.
541 2249 591 2311 Id.
604 2249 758 2312 Februer.
769 2249 865 2311 Anno
876 2252 1076 2327 u.n.xxx[1.]
1087 2250 1183 2311 iuxta
1192 2256 1336 2311 vestram
1350 2250 1633 2330 supputationem.

701 2484 801 2544 2428.
849 2479 901 2545 To
917 2477 1069 2545 00111111)
1085 2496 1131 2544 01
1146 2478 1366 2544 Τ11111110111.

470 2591 638 2647 Enarratio
651 2591 684 2646 in
697 2593 746 2646 Ps.
761 2592 868 2657 xxxiii,
884 2607 966 2661 1531,
980 2608 1011 2663 p.
1026 2591 1080 2646 aa¹
1094 2595 1144 2661 (α).
1359 2591 1518 2663 Freiburg.

469 2667 593 2723 Erasini
606 2668 712 2721 omnia
725 2683 829 2739 opera,
845 2681 926 2738 1540,
941 2685 971 2722 v.
985 2683 1017 2737 p.
1032 2681 1088 2735 310
1101 2672 1151 2738 (β).
1284 2682 1318 2722 11
1334 2666 1496 2738 February
1512 2680 1595 2736 1531.

469 2743 568 2798 Lond.
583 2742 667 2797 xxix.
682 2757 736 2811 35:
757 2742 822 2796 LB.
836 2761 867 2797 v.
882 2745 947 2811 367.

466 2844 537 2905 [The
551 2845 667 2896 Preiace
682 2851 713 2895 to
729 2845 878 2895 Enarrotio
891 2845 924 2895 in
936 2844 1081 2895 Peolmum
1093 2844 1195 2903 ccxiii,
1207 2843 1301 2904 Baelo,
1313 2843 1435 2903 Froben,
1447 2843 1544 2894 March
1558 2858 1633 2908 1531.

431 2912 566 3046 quyqfsy
577 2927 644 2978 may
656 2912 691 2963 be
703 2912 854 2978 presumed
865 2912 972 2963 tobes
983 2912 1116 2977 covering
1124 2911 1210 2962 letter
1220 2916 1285 2963 sent
1293 2911 1363 2963 with
1375 2911 1424 2963 the
1436 2911 1634 2977 presentation

538 3086 766 3132 ourtfflssmo
783 3085 948 3131 PRAESVLI
964 3086 1145 3140 EIDEMQVE
1160 3086 1361 3132 mvsusslss.
1378 3085 1532 3132 rmum

538 3170 570 3215 D.
582 3170 614 3215 D.
628 3169 788 3215 OONRADO
800 3169 959 3215 EPISCOPO
970 3169 1305 3226 vvmcnrtnvltuurtsl,
1321 3169 1525 3215 omau'rffls

580 3253 752 3299 EBANOIAE
769 3253 859 3310 1>ch,
875 3253 949 3297 DES.
967 3252 1123 3298 ERASMVS
1138 3253 1430 3299 11011110οΜ11.
1446 3254 1479 3298 D.

474 3347 628 3407 Exlnmn
649 3345 818 3407 cuiusdam
840 3344 1006 3406 felicitatis
1027 3344 1099 3407 loco
1119 3346 1252 3426 deputo,
1268 3345 1402 3407 Praesul
1416 3345 1632 3419 ornatissime,

432 3430 522 3508 quod
544 3435 659 3491 tantus
681 3430 834 3509 Princeps
856 3427 942 3489 hunc
964 3428 1093 3489 infimae
1115 3430 1214 3490 sortis
1235 3428 1470 3490 homunculum
1486 3430 1520 3489 in
1535 3434 1629 3490 tuam

432 3512 616 3574 clientelam
631 3519 731 3592 atque
746 3511 838 3584 adeo,
854 3530 938 3590 quae
952 3517 1077 3572 tuaest
1091 3512 1284 3591 benignitas,
1300 3513 1334 3573 in
1348 3519 1441 3574 tuam
1452 3513 1632 3574 amicitiam

431 3597 572 3676 recipere
586 3596 740 3676 dignatus
751 3597 803 3669 sis,
816 3595 913 3674 idque
924 3612 990 3655 non
1001 3595 1191 3674 vulgaribus
1204 3597 1305 3656 etiam
1319 3597 1519 3676 argumentis
1530 3601 1632 3657 testa·

404 3685 506 3750 stum
531 3699 599 3741 esse
625 3679 775 3740 volueris.
819 3676 1014 3757 Quanquam
1038 3698 1105 3739 non
1128 3677 1203 3739 hino
1228 3679 1361 3758 perinde
1387 3697 1539 3759 magnam
1561 3680 1632 3758 cepi

434 3762 651 3843 voluptatem,
667 3763 757 3841 quod
771 3762 833 3822 viri
850 3781 978 3822 summa
993 3763 1164 3840 utriusque
1179 3768 1287 3822 status
1301 3762 1463 3841 dignitate
1478 3761 1633 3841 pollentis

432 3851 468 3907 et
495 3847 729 3925 antiquissimis
748 3846 908 3906 maiorum
931 3845 1126 3924 imaginibus
1152 3864 1226 3906 oum
1250 3846 1363 3925 primis
1384 3845 1464 3907 clari
1484 3844 1632 3906 fauorem

432 3935 550 3991 nactus
564 3949 677 4002 essem,
692 3934 792 4008 atque
808 3928 850 3989 ob
866 3928 900 3988 id
914 3928 1003 4006 quod
1018 3929 1052 3988 in
1066 3947 1227 3989 summam
1242 3948 1333 4008 spem
1347 3929 1493 4008 erigerer,
1508 3928 1578 3989 fore
1592 3934 1632 3989 vt

433 4012 610 4091 aliquando
624 4012 703 4073 haec
718 4012 880 4091 religionis
894 4010 1097 4073 Christianae
1117 4017 1184 4072 tem
1243 4018 1296 4072 tas
1314 4011 1409 4072 nobis
1423 4013 1457 4072 in
1472 4010 1631 4090 tranquil·

389 4116 421 4153 ιο
433 4095 563 4157 litatem
584 4102 776 4169 verteretur,
795 4100 1010 4174 posteaquam
1028 4094 1183 4156 summati
1207 4114 1246 4156 us
1260 4096 1339 4155 viris
1358 4093 1522 4156 Ecclesiae
1536 4093 1632 4155 clauo

433 4179 652 4240 assidentibus
666 4199 774 4240 sacrae
788 4178 899 4239 literas
914 4196 1091 4256 veramque
1106 4179 1265 4258 pietatem
1279 4178 1369 4239 cordi
1383 4197 1453 4239 esse
1468 4177 1630 4239 videbam.

433 4261 497 4324 Sed
511 4264 636 4341 optimo
650 4263 720 4323 iure
734 4262 846 4323 videar
859 4263 1018 4340 ingratus,
1034 4263 1061 4322 si
1075 4267 1145 4322 tam
1160 4261 1305 4341 optabile
1319 4261 1452 4333 bonum,
1468 4260 1558 4340 quod
1572 4266 1633 4321 tua

433 4345 604 4426 singularis
619 4346 806 4406 humanitas
820 4345 988 4406 occasione
1003 4344 1068 4406 leui
1082 4344 1270 4406 submonita
1279 4346 1388 4406 verius
1399 4363 1498 4423 quam
1513 4362 1631 4424 prouo-

433 4435 510 4491 cata
524 4435 594 4490 tem
605 4435 754 4490 amanter
769 4428 902 4502 obtulit,
917 4446 977 4508 ego
991 4447 1065 4490 mea
1083 4427 1279 4507 negligentia
1297 4429 1408 4507 patiar
1421 4426 1630 4489 obsolescere.

389 4531 420 4582 15
432 4512 520 4574 Nam
534 4512 702 4575 hominum
716 4511 944 4574 beneuolentia
959 4510 1236 4590 quemadmodum
1255 4511 1383 4572 diutino
1403 4511 1532 4572 silentio
1551 4511 1630 4585 siue,

867 4622 909 4672 28.
927 4620 1079 4688 epistolam
1091 4637 1143 4673 0111.
1156 4620 1194 4671 Ν.

466 4772 508 4809 11.
520 4754 941 4821 iortunamBayflflAsFrench
948 4770 1006 4805 am·
1092 4769 1133 4818 24.
1152 4754 1340 4818 Flaccus10d.
1354 4768 1430 4819 2.14.
1446 4768 1502 4804 1-2.

432 4824 570 4875 bassador
591 4830 623 4875 to
645 4822 765 4882 Venice;
792 4836 838 4872 see
861 4821 916 4887 Ep.
942 4825 1006 4883 1961
1091 4835 1166 4886 14-5.
1185 4822 1343 4873 Historiam
1354 4820 1567 4887 triumphalem]
1581 4820 1634 4873 See

433 4890 539 4942 introd.
1059 4889 1115 4954 Ep.
1127 4902 1203 4952 24²5·
1217 4891 1291 4940 22-8.

468 4971 510 5008 22.
528 4957 642 5019 litteris]
665 4954 725 5008 Not
747 4960 858 5018 extem,
882 4955 937 5007 but
961 4970 1008 5007 see
1092 4958 1134 5006 26.
1153 4954 1324 5020 κακογραφίᾳ]
1336 4954 1379 5006 Oi.
1392 4955 1447 5021 Ep.
1460 4968 1536 5019 2213.
1548 4968 1591 5017 15.

433 5022 578 5075 Erasmus'
590 5038 700 5075 11111111
710 5023 765 5091 Ep.
778 5036 853 5090 2447.
1093 5037 1136 5087 30.
1154 5023 1208 5075 heo
1221 5060 1228 5073 .
1241 5057 1249 5073 .
1263 5059 1271 5075 .
1282 5021 1439 5089 1101111111]
1451 5021 1506 5087 Ep.
1518 5023 1597 5086 2388.
