4042 5900
505 672 568 734 234
831 672 1031 736 LETTERS
1052 672 1108 736 OF
1128 673 1334 737 ERASMUS
1609 675 1705 752 [1531

505 830 575 892 sine
603 830 773 893 stomacho
800 832 1011 894 conflictatur
1040 852 1115 894 cum
1143 833 1339 913 Augustino,
1368 851 1467 910 quam
1497 830 1707 893 amarulente

504 913 655 992 delitigat
676 933 751 975 cum
773 914 931 977 Ruffinot
973 915 1042 978 Nec
1061 918 1175 996 paucis
1194 916 1273 977 locis
1295 916 1488 996 perstringit
1506 914 1705 978 Palladium.

444 1022 492 1072 115
504 996 557 1057 An
571 996 779 1076 indiligenter
792 998 969 1077 respondet
984 999 1044 1072 his,
1056 1000 1207 1078 aquibus
1222 1000 1348 1062 Romae
1358 999 1468 1060 iuerat
1483 997 1706 1072 insimulatus,

504 1081 595 1158 quod
609 1099 715 1159 aequo
727 1081 919 1143 familiarior
932 1088 1020 1143 esset
1035 1082 1180 1145 Paulae?

546 1161 636 1223 Illud
648 1164 750 1242 igitur
764 1165 840 1226 vide
850 1183 951 1243 quam
966 1172 1118 1227 amanter
1132 1167 1351 1246 potiusquam
1362 1184 1405 1227 ex
1418 1185 1453 1226 re
1467 1166 1530 1227 tibi
1545 1167 1708 1245 scriptum

503 1251 564 1319 est,
581 1246 726 1320 Falleris,
741 1247 887 1321 Erasme,
902 1250 931 1309 si
941 1256 1012 1310 tam
1027 1250 1113 1311 male
1132 1250 1173 1311 de
1190 1251 1332 1311 nominis
1346 1251 1397 1310 tui
1411 1250 1585 1310 maiestate
1600 1248 1708 1328 deque

504 1329 728 1391 studiosorum
750 1332 786 1391 in
808 1337 844 1392 te
865 1332 1078 1393 obseruantia
1100 1333 1236 1407 iudicas,
1259 1340 1298 1394 vt
1322 1332 1491 1394 arbitreris
1515 1331 1708 1393 huiusmodi

443 1437 492 1474 120
504 1412 801 1476 obtrectationibus
811 1414 853 1475 de
867 1435 942 1477 arce
956 1422 991 1477 te
1005 1416 1199 1478 eruditionis
1213 1436 1252 1478 ac
1266 1416 1452 1497 probitatis,
1463 1435 1565 1494 quam
1575 1415 1707 1477 tamdiu

503 1497 687 1576 possedisti,
702 1516 799 1577 posse
812 1498 916 1560 deiici.
953 1499 1109 1561 Maiestas
1120 1507 1155 1561 et
1169 1519 1230 1561 arx
1243 1501 1366 1561 amoris
1379 1501 1430 1560 tui
1439 1498 1604 1560 vocabula
1616 1504 1707 1571 sunt,

504 1598 572 1641 non
594 1582 650 1642 rei.
694 1578 758 1643 Sed
781 1583 810 1642 si
831 1581 1071 1660 Hieronymum
1096 1602 1156 1645 nec
1179 1582 1445 1663 incomparabilis
1467 1582 1620 1655 eruditio,
1645 1601 1708 1642 nec

504 1663 707 1725 admirabilis
721 1664 908 1745 eloquentie
920 1665 1056 1739 fulmen,
1071 1686 1132 1728 nec
1146 1686 1222 1729 rara
1235 1668 1325 1728 vitae
1339 1667 1567 1739 sanctimonia,
1576 1684 1637 1726 nec
1653 1670 1709 1726 tot

504 1748 631 1808 meritis
645 1750 796 1825 quaesita
809 1749 950 1810 nominis
965 1751 1129 1811 autoritas
1147 1751 1259 1831 potuit
1277 1749 1321 1810 ab
1334 1749 1561 1829 improborum
1575 1747 1707 1809 latrati-

444 1854 492 1904 125
505 1830 568 1892 bus
581 1833 685 1892 tueri:
708 1832 789 1910 quid
803 1832 844 1893 de
858 1851 910 1894 me
929 1852 1051 1906 censes,
1066 1835 1159 1894 cuius
1179 1833 1389 1894 mediocritas
1408 1832 1562 1893 omuibus
1580 1831 1709 1893 inuidis

505 1914 580 1975 telis
594 1916 745 1994 exposita
759 1920 833 1976 esti
874 1915 974 1976 Liuor
989 1918 1077 1977 enim
1091 1936 1150 1978 nec
1165 1917 1377 1978 vehementer
1391 1914 1521 1977 excelsa
1534 1917 1630 1995 petit,
1645 1933 1709 1976 nec

504 1996 598 2058 humi
619 2000 777 2077 repentia.
821 1996 907 2072 Quid
927 1999 1017 2078 quod
1038 1998 1122 2060 illud
1140 2002 1241 2061 etiam
1263 2000 1343 2060 mihi
1363 1999 1560 2079 persuadere
1578 2000 1708 2071 niteris,

505 2088 545 2141 vt
566 2081 700 2160 perinde
719 2101 758 2142 ac
778 2082 916 2143 deuictis
940 2082 1091 2144 hostibus
1105 2084 1264 2145 adernam
1278 2083 1494 2163 triumphum.
1538 2081 1649 2160 Atque
1664 2101 1709 2143 ex

505 2164 682 2244 praeclaris
711 2164 912 2226 facinoribus
940 2173 1086 2245 quatuor
1111 2185 1358 2239 commemoras,
1383 2185 1466 2245 opus
1490 2164 1707 2245 Adagiorum,

446 2269 493 2319 130
506 2247 639 2309 Nouum
659 2247 924 2309 instrumentum
938 2255 973 2310 et
988 2249 1218 2329 Paraphrases,
1233 2257 1269 2311 et
1287 2250 1520 2310 annotationes
1539 2249 1574 2310 in
1588 2247 1708 2310 Hiero·

506 2350 654 2409 nymum.
684 2330 933 2411 Παροιμιολογία
948 2333 1030 2393 mihi
1047 2352 1114 2395 non
1129 2332 1273 2396 multum
1284 2332 1442 2394 conflauit
1456 2332 1588 2403 inuidie,
1603 2338 1709 2410 atque

505 2416 635 2475 vtinam
664 2416 699 2476 in
728 2414 889 2476 similibus
924 2419 1128 2496 argumentis
1163 2418 1394 2496 transegissem
1430 2433 1527 2476 omne
1562 2421 1708 2494 tempus.

506 2497 640 2559 Nouum
662 2517 741 2559 vero
760 2498 1011 2560 Testamentum
1031 2520 1087 2561 eos
1104 2501 1312 2581 potissimum
1333 2500 1462 2560 iritauit
1481 2501 1517 2558 in
1537 2516 1599 2571 me,
1622 2516 1709 2576 quos

506 2582 655 2662 oportuit
668 2601 747 2661 prae
761 2582 879 2643 ceteris
892 2582 1054 2645 industrie
1068 2591 1202 2645 nostrae
1216 2584 1340 2663 gratias
1354 2602 1457 2661 agere.
1485 2580 1710 2661 Paraphrases

445 2684 492 2735 135
506 2665 563 2726 diu
584 2665 802 2743 plausibiliter
823 2666 1046 2728 versabantur
1063 2685 1122 2747 per
1142 2686 1261 2729 manus
1275 2666 1456 2739 hominum,
1471 2664 1575 2726 donee
1589 2683 1710 2726 cancer

506 2748 651 2827 quidam,
674 2748 764 2810 haud
785 2750 852 2810 scio
871 2749 959 2811 vnde
979 2750 1149 2830 obrepens,
1166 2751 1254 2830 cepit
1268 2751 1369 2811 etiam
1385 2750 1445 2810 has
1460 2748 1623 2821 vellicare,
1638 2766 1710 2810 non

506 2832 550 2893 cb
571 2831 671 2905 aliud,
692 2833 755 2892 nisi
774 2832 863 2910 quod
885 2834 920 2893 in
941 2833 992 2894 his
1015 2832 1118 2895 malui
1136 2835 1260 2914 priscos
1279 2835 1476 2912 interpretes
1495 2833 1588 2911 sequi
1605 2849 1709 2909 quam

507 2917 687 2977 recentium
717 2916 987 2978 scholasticorum
1017 2916 1149 2997 placita.
1201 2916 1288 2992 Quin
1316 2924 1352 2978 et
1382 2916 1577 2996 Hieronymi
1604 2914 1710 2977 editio

506 3000 601 3060 initio
616 3006 669 3060 sat
682 3002 775 3078 equis
789 3001 907 3061 animis
922 3007 1061 3080 excepta
1079 3009 1140 3074 est,
1156 3001 1259 3062 donec
1279 3002 1486 3061 exorirentur
1502 2999 1623 3078 quibus
1645 2998 1710 3061 hoc

446 3101 495 3154 140
507 3083 675 3144 decretum
688 3083 820 3144 videtur
834 3083 916 3143 nihil
927 3103 994 3144 non
1008 3084 1203 3145 calumniari
1217 3084 1306 3163 quod
1321 3083 1364 3144 ab
1379 3084 1517 3145 Erasmc
1532 3083 1709 3162 prodisset.

549 3165 660 3238 Porro,
681 3186 783 3245 quum
804 3167 886 3227 mihi
909 3186 960 3227 res
984 3167 1029 3228 sit
1046 3188 1121 3229 cum
1143 3173 1284 3246 vtraque
1303 3168 1381 3239 acie,
1397 3172 1510 3228 tamen
1524 3185 1625 3244 quam
1640 3185 1711 3228 non

507 3248 650 3310 multum
679 3251 837 3328 temperis
862 3248 1051 3311 huiusmodi
1079 3253 1159 3312 rixis
1182 3250 1402 3330 impendatur,
1428 3250 1481 3311 vel
1504 3249 1587 3310 illud
1612 3269 1709 3329 argu-

508 3339 620 3393 mento
642 3339 702 3406 ast,
725 3332 815 3411 quod
836 3334 968 3395 interim
990 3335 1086 3395 nobis
1109 3336 1137 3394 si
1155 3353 1223 3395 non
1242 3334 1335 3394 diues
1356 3333 1412 3394 ille
1431 3332 1560 3393 Alcinoi
1580 3333 1709 3407 hortus,

508 3435 606 3494 quem
637 3418 776 3477 miratus
805 3422 856 3477 est
885 3417 1049 3478 Homerus
1077 3416 1151 3497 μῆλ’
1180 3415 1232 3477 ἐπὶ
1258 3416 1369 3496 μήλοις
1396 3418 1595 3496 gignentem,
1619 3422 1710 3477 certe

447 3518 494 3568 145
507 3498 622 3560 Coritii
641 3501 727 3560 senis
746 3501 898 3562 hortulus
913 3520 1012 3580 quem
1032 3501 1126 3562 Maro
1144 3499 1298 3573 celebrat,
1314 3499 1453 3561 subinde
1467 3498 1618 3561 nonnihil
1633 3519 1709 3578 pro·

507 3582 574 3643 fert
597 3582 852 3645 holusculorum.
896 3584 984 3645 Nam
1009 3604 1110 3646 aurea
1133 3584 1222 3645 mala
1244 3585 1279 3644 in
1302 3585 1353 3644 tui
1374 3583 1530 3644 similium
1551 3585 1711 3662 pomariis

508 3673 698 3728 nascuntur.
743 3668 876 3729 Possem
891 3673 926 3728 et
940 3666 1091 3747 pluribus
1108 3669 1174 3729 tuis
1195 3666 1361 3728 lemmatis
1383 3665 1634 3746 ἀντιρητορεύειν,
1651 3666 1711 3727 sed

508 3748 543 3810 id
557 3750 671 3811 malim
686 3753 720 3811 in
735 3750 800 3812 alio
815 3752 970 3830 quopiam
986 3757 1189 3831 argumento.
1233 3750 1297 3811 Hic
1316 3751 1456 3829 ingenue
1475 3749 1606 3830 culpem
1627 3767 1710 3810 non-

508 3832 634 3894 nullam
653 3834 770 3907 fateor,
792 3853 931 3913 eamque
952 3854 1019 3895 non
1041 3834 1158 3896 leuem.
1202 3833 1327 3897 Tamen
1349 3834 1438 3912 quod
1460 3833 1611 3906 hortaris,
1634 3852 1711 3894 mea

447 3943 496 3992 150
509 3924 627 3996 sponte
644 3917 837 3979 iamdudum
855 3918 1005 3991 meditor,
1021 3917 1129 3979 multo
1146 3918 1181 3978 id
1200 3917 1389 3996 diligentius
1408 3918 1558 3978 facturus
1572 3922 1633 3976 tuo
1650 3916 1709 3977 ad-

508 4001 647 4061 monitu.
691 4000 761 4061 Tue
782 4000 934 4062 felicitati
954 4000 1112 4080 gratulor,
1132 4002 1185 4062 cui
1206 4001 1361 4079 obtigerit
1378 4020 1418 4061 ea
1437 4000 1604 4080 professio,
1622 4017 1710 4077 quae

508 4084 681 4143 minimum
702 4083 803 4145 habet
821 4086 1007 4145 commercii
1026 4104 1102 4145 cum
1116 4085 1189 4145 istis
1203 4083 1435 4144 crabronibus:
1458 4091 1617 4162 tuamque
1631 4101 1709 4162 pru-

507 4166 655 4227 dentiam
677 4167 889 4229 vehementer
909 4167 1023 4246 probo,
1045 4169 1103 4246 qui
1124 4167 1238 4229 sedulo
1261 4167 1320 4228 das
1339 4186 1483 4246 operam,
1500 4187 1541 4227 ne
1555 4166 1617 4227 tibi
1632 4185 1709 4227 cum

508 4267 675 4328 quoquam
690 4250 815 4311 incidat
829 4250 1037 4312 amarulente
1051 4252 1260 4312 conflictatio.

448 4358 496 4409 155
551 4332 584 4395 Si
599 4333 775 4414 Longolius
790 4334 852 4395 hoc
863 4354 980 4414 operas
994 4335 1217 4414 temporisque
1231 4334 1376 4395 dedisset
1390 4332 1521 4394 Graecis
1536 4333 1710 4394 autoribus

510 4435 576 4494 quo
590 4436 625 4477 se
641 4417 767 4478 Romae
782 4418 1002 4491 discruciauit,
1019 4424 1058 4478 vt
1072 4417 1207 4479 tandem
1223 4419 1310 4477 inter
1325 4416 1551 4478 Ciceronianos
1566 4436 1604 4477 ac
1620 4418 1710 4477 ciues

510 4498 680 4562 Romanos
707 4501 912 4574 scriberetur,
942 4502 1065 4561 rectius
1088 4502 1124 4562 ni
1152 4500 1249 4562 fallor
1277 4507 1349 4562 tum
1380 4500 1442 4561 sibi
1470 4507 1542 4561 tum
1567 4500 1710 4579 publicis

545 4619 855 4682 113.amarulenterJ.
940 4631 997 4682 117.
1016 4617 1511 4684 quamanteamanterMS.:th.
1598 4625 1710 4679 119.vt

509 4685 674 4736 riszam.
753 4685 1059 4736 12.ncminisom.J.
1140 4699 1198 4746 129.
1215 4685 1447 4750 quatuor-om.
1529 4699 1585 4748 130.
1603 4690 1710 4736 etaate

510 4754 698 4818 paraphrases
709 4767 762 4802 om.
799 4789 805 4801 .
898 4765 955 4815 141.
974 4750 1142 4803 reamihiJ.
1237 4755 1293 4815 156.
1312 4752 1420 4802 Romae
1431 4751 1708 4803 discruciauitMS.:

510 4819 683 4869 excruciauit
694 4818 803 4867 Romae
813 4817 844 4867 J.

510 4983 601 5083 E144.
620 4969 772 5086 chpenrs]
787 4968 837 5019 See
851 4968 900 5019 od.
916 4984 940 5034 7.
962 4983 1026 5028 120;
1044 4970 1081 5020 cf.
1169 4982 1226 5034 145.
1245 4969 1334 5030 Maro]
1347 4969 1415 5033 (1.4.
1431 4982 1487 5032 127.

536 5050 564 5100 P·
576 5049 652 5101 2394·
666 5050 677 5086 1
699 5072 705 5086 ·
