4042 5900
444 661 485 720 64
771 658 969 721 LETTERS
991 658 1047 722 OF
1068 655 1273 720 ERASMUS
1551 654 1648 732 [1530

444 819 547 881 animi
580 819 631 880 tui
663 819 866 899 magnitudo,
896 824 1042 898 quantus
1075 818 1270 879 iniuriarum
1304 815 1485 896 neglectus,
1516 819 1647 894 quanta

445 904 703 981 aequanimitas:
726 905 884 982 impones,
899 903 979 964 mihi
994 902 1098 974 erede,
1113 901 1211 963 Zoilis
1226 900 1378 962 omnibus
1392 898 1568 979 pudorem.

385 1011 432 1061 105
488 985 578 1059 Quae
593 1006 653 1066 ego
663 986 706 1047 ad
721 993 755 1049 te
770 987 885 1059 scribo,
901 986 1035 1046 Erasme
1049 985 1292 1056 humanissime,
1303 1003 1371 1045 non
1385 981 1476 1062 quod
1491 979 1556 1041 tibi
1572 999 1646 1041 con·

446 1069 556 1130 silium
570 1070 658 1142 dare,
673 1070 708 1131 id
729 1076 790 1142 est,
806 1070 989 1130 Mineruam
1010 1069 1126 1130 dooere
1145 1068 1253 1141 velim,
1269 1066 1326 1127 sed
1348 1073 1387 1127 vt
1403 1064 1646 1145 qualiscunque

446 1154 631 1214 sententiae
645 1172 737 1214 meae
751 1153 892 1214 facerem
906 1158 941 1214 to
955 1153 1136 1213 certiorem.
1173 1151 1259 1211 Fieri
1272 1150 1359 1212 anim
1374 1153 1489 1229 potest
1503 1153 1544 1208 vt
1562 1147 1646 1209 alise

446 1236 576 1297 subsint
590 1255 707 1297 causae
721 1255 803 1315 quas
817 1256 877 1315 ego
891 1237 1044 1308 nesciam,
1059 1234 1179 1314 quibus
1194 1241 1233 1295 tu
1255 1232 1443 1314 compulsus
1460 1233 1646 1292 necessario

446 1318 489 1380 ad
505 1319 675 1380 classicum
690 1339 851 1380 accurras.
896 1319 946 1380 Tu
960 1338 1084 1398 quaeso
1099 1318 1177 1379 boni
1192 1317 1324 1379 consule
1339 1317 1367 1376 si
1380 1316 1518 1377 liberius
1533 1320 1644 1376 tecum

385 1429 433 1465 110
446 1404 576 1481 egerim,
595 1422 695 1481 quam
716 1423 790 1464 mea
807 1423 883 1482 erga
900 1409 934 1464 te
954 1402 1167 1463 obseruantia
1183 1401 1268 1462 ferre
1284 1400 1447 1461 videatur.
1492 1398 1572 1460 Non
1592 1397 1644 1460 de·

446 1486 581 1547 luerunt
595 1493 630 1547 et
645 1488 701 1565 qui
716 1506 769 1547 me
782 1486 855 1560 huo,
868 1493 906 1547 vt
915 1486 1038 1558 scribis,
1049 1486 1253 1556 lacesserent,
1263 1483 1321 1544 sed
1331 1483 1503 1562 imperitos
1512 1481 1645 1543 silentio

446 1570 621 1642 transmisi,
638 1570 843 1631 doctissimos
858 1570 1066 1631 humanitate
1083 1575 1118 1629 et
1136 1568 1321 1629 reuerentia
1339 1566 1487 1628 demerui
1507 1571 1547 1626 vt
1566 1565 1646 1627 mihi

446 1653 708 1715 conciliarentur.
750 1652 783 1715 Si
798 1655 926 1713 viueret
940 1653 1126 1732 Longolius‚
1141 1658 1177 1713 et
1190 1671 1265 1712 eum
1281 1650 1376 1712 nobis
1391 1649 1559 1711 hominem
1574 1648 1646 1710 fata

446 1743 525 1797 ante
549 1737 635 1797 diem
659 1756 725 1797 non
750 1738 955 1816 eripuissent,
979 1756 1046 1798 non
1069 1735 1188 1796 dubito
1213 1736 1292 1814 quin
1315 1734 1505 1813 aenigmata
1529 1731 1590 1794 illa
1612 1739 1646 1794 et

386 1846 432 1895 115
446 1820 618 1899 allegoriae
639 1825 802 1898 quatenus
819 1820 927 1882 famae
946 1827 1079 1880 nostrae
1099 1815 1211 1880 obesse
1237 1824 1373 1898 possent
1396 1816 1644 1878 moderaretur:

447 1903 527 1982 quid
541 1905 628 1964 enim
643 1903 691 1963 illi
706 1922 789 1982 opus
803 1909 884 1976 erat,
900 1903 1040 1964 iudicem
1055 1923 1089 1963 se
1104 1904 1190 1963 inter
1205 1921 1257 1963 me
1279 1908 1314 1962 et
1335 1900 1509 1961 Budaeum
1524 1900 1644 1961 consti·

447 1993 549 2059 tuere,
565 2006 639 2047 cum
659 1987 784 2066 egregie
803 2006 864 2048 nos
881 1986 1057 2047 concordes
1077 1988 1200 2047 simus?
1228 1986 1379 2064 quamuis
1400 2002 1460 2044 nec
1477 1982 1535 2043 ille
1556 1983 1646 2045 solus

446 2076 597 2131 mutuam
628 2070 712 2130 hano
740 2076 887 2130 nostram
916 2071 1056 2149 gratiam
1086 2070 1237 2130 dirimere
1266 2068 1414 2140 tentarit,
1438 2066 1497 2127 sed
1525 2072 1562 2127 et
1591 2065 1646 2127 alii

447 2172 595 2232 quoque:
626 2172 741 2215 verum
766 2173 840 2214 cum
865 2152 928 2214 hue
956 2154 1118 2214 venissem
1142 2152 1243 2214 falsas
1265 2171 1378 2212 omnes
1400 2150 1646 2212 criminationes

387 2266 434 2302 120
447 2237 614 2316 deprendi,
637 2237 827 2316 Budaeique
853 2238 1000 2297 animum
1025 2255 1184 2316 perquam
1206 2238 1382 2315 ingenuum
1403 2251 1646 2312 syncerumque

447 2339 516 2380 esse
531 2322 717 2381 certissimis
731 2321 932 2400 argumentis
948 2321 1106 2400 cognouit
1129 2339 1195 2399 quo
1209 2319 1248 2380 fit
1263 2324 1302 2378 vt
1316 2318 1380 2379 fide
1394 2336 1469 2377 mea
1482 2317 1646 2397 spondere

447 2404 587 2464 audeam
602 2403 683 2465 nihil
697 2424 766 2465 esse
781 2404 870 2482 quod
885 2404 1061 2465 addubites
1076 2404 1156 2483 quin
1170 2409 1205 2464 et
1218 2402 1280 2463 tibi
1294 2402 1338 2463 sit
1358 2419 1492 2479 aequus.
1538 2399 1646 2474 Quare

447 2485 514 2547 noli
530 2506 650 2565 quaeso
666 2490 871 2548 committere
886 2494 925 2548 vt
944 2488 1018 2566 plus
1036 2494 1075 2547 tu
1096 2486 1269 2547 credidisse
1288 2486 1356 2545 tuis
1374 2483 1527 2557 videaris,
1543 2485 1571 2545 si
1591 2484 1647 2564 qui

447 2571 481 2630 in
496 2590 570 2631 eum
586 2578 620 2631 te
635 2571 818 2644 stimulant,
835 2591 934 2650 quem
948 2572 1018 2649 ipse
1032 2571 1099 2631 suis
1113 2570 1235 2630 credat.
1258 2568 1344 2629 Fieri
1357 2587 1424 2628 non
1438 2573 1553 2647 potest
1567 2569 1647 2648 quin

387 2682 434 2731 125
448 2655 535 2714 inter
548 2654 753 2716 doctissimos
773 2674 919 2734 quosque
937 2655 1131 2715 oboriantur
1147 2652 1276 2730 aliquae
1298 2649 1492 2724 simultates,
1509 2650 1569 2712 sed
1588 2650 1648 2712 has

449 2737 579 2816 publice
594 2739 733 2799 interest
748 2758 807 2798 nec
822 2740 856 2798 in
871 2738 1059 2798 inimicitias
1074 2736 1213 2797 transire
1228 2755 1287 2795 nec
1302 2734 1427 2796 diutius
1441 2733 1575 2796 durare.

490 2819 641 2881 Carolum
656 2820 873 2900 Subquietum
888 2828 983 2881 tuum
998 2841 1072 2881 sum
1086 2819 1248 2880 doctorali
1262 2818 1375 2879 laurea
1389 2836 1489 2896 quam
1503 2819 1647 2897 primum

448 2911 635 2978 ornaturus,
651 2906 740 2985 quod
755 2905 886 2985 publico
901 2904 1067 2984 impendio
1081 2903 1156 2964 fiet:
1180 2904 1249 2963 eius
1266 2902 1354 2963 enim
1371 2901 1543 2963 doctrinae
1560 2920 1645 2964 com·

449 2988 716 3068 mendationique
737 3009 829 3050 meae
851 2988 913 3049 hoc
938 3009 958 3049 e
984 2988 1168 3067 Republica
1188 2986 1374 3065 Biturigum
1395 2983 1563 3046 tributum
1587 2991 1648 3058 est,

388 3100 436 3149 130
449 3072 538 3150 quod
553 3073 755 3151 paucissimis
770 3073 813 3132 ad
828 3072 913 3132 hano
928 3073 1015 3132 diem
1030 3072 1178 3150 contigit.
1210 3068 1334 3148 Viglius
1348 3068 1504 3129 libentius
1519 3069 1556 3129 in
1569 3066 1647 3130 Ger·

449 3156 559 3215 mania
573 3175 632 3215 sua
647 3155 864 3234 profiteretur.
896 3155 1031 3216 Vtinam
1043 3155 1240 3216 destinasset
1255 3152 1316 3213 sibi
1331 3152 1443 3213 Zasius
1457 3151 1562 3213 talem
1578 3172 1648 3214 suc·

449 3258 617 3299 cessorem.
640 3238 771 3298 Laudas
787 3246 825 3298 tu
839 3239 933 3299 illum
948 3239 1037 3317 quod
1049 3237 1294 3317 diligentissime
1305 3237 1340 3296 in
1351 3235 1521 3296 Musarum
1530 3235 1649 3297 studiis

450 3328 600 3382 versatus
621 3324 682 3383 sit:
705 3329 742 3382 at
763 3341 831 3400 ege,
855 3323 943 3402 quod
964 3323 1036 3401 pari
1058 3320 1226 3399 diligentia
1248 3319 1374 3399 legibus
1395 3337 1538 3398 quoque,
1559 3319 1650 3398 quod

450 3406 651 3466 rarissimum
674 3411 734 3477 est,
754 3406 920 3466 assederit.
958 3405 1165 3484 Quapropter
1187 3402 1467 3481 su[b]stinendum
1489 3402 1553 3463 tibi
1571 3422 1649 3464 eum

389 3514 436 3565 135
450 3490 536 3549 inter
556 3495 590 3549 et
607 3488 759 3550 Carolum
779 3496 830 3550 est
852 3490 1025 3561 iudicium;
1049 3494 1166 3548 cautus
1188 3494 1336 3565 vterque,
1352 3487 1478 3565 peritus
1497 3492 1649 3566 vterque,

449 3572 591 3632 disertus
606 3579 754 3651 vterque.
799 3573 899 3633 Haud
913 3574 1032 3633 mirum
1049 3571 1131 3631 bene
1146 3571 1319 3631 conuenire
1337 3571 1478 3647 vtrique.
1522 3569 1649 3650 Impre-

450 3675 541 3716 carer
555 3656 696 3735 plurime
711 3655 799 3716 mala
813 3656 900 3716 hisce
916 3655 1031 3734 psyllis
1049 3675 1069 3715 a
1086 3654 1206 3732 quibus
1221 3654 1348 3714 iactum
1363 3658 1414 3713 est
1429 3658 1468 3712 vt
1482 3654 1650 3731 quiescere

450 3739 512 3800 tibi
534 3759 600 3799 non
621 3740 743 3811 liceret,
760 3740 821 3799 nisi
843 3741 958 3799 scirem
980 3758 1047 3799 vna
1069 3757 1143 3797 cum
1165 3736 1341 3798 Corinthiis
1366 3736 1432 3796 iam
1455 3734 1584 3798 dedisse
1606 3736 1650 3798 ab

450 3823 572 3883 arctico
588 3822 678 3883 coelo
693 3842 825 3901 poenas,
841 3829 876 3883 et
890 3823 924 3882 id
939 3822 1072 3902 quidem
1088 3819 1159 3899 ἄχρι
1178 3819 1280 3898 κόρου.
1325 3819 1415 3892 Vale,
1431 3825 1466 3880 et
1479 3818 1650 3882 Alciatum

388 3933 436 3983 140
450 3912 546 3967 tuum
557 3912 674 3966 mutuo
683 3906 771 3984 quod
782 3906 862 3966 iacis
872 3925 955 3966 ama.

491 3989 703 4068 Biturigibus,
718 3991 813 4049 nonis
827 3988 993 4050 Octobrib.
1017 4005 1044 4049 Μ
1054 4005 1076 4049 n
1089 4004 1171 4048 xxx.

485 4205 542 4255 104.
560 4190 654 4251 Zoilis]
667 4190 718 4240 See
729 4191 817 4253 Adcq.
833 4191 905 4254 1408.
1074 4190 1141 4240 that
1162 4189 1198 4239 he
1221 4189 1323 4239 should
1345 4187 1462 4239 succeed
1485 4187 1586 4241 Zasius
1605 4205 1655 4241 sae

485 4272 541 4321 1¹3·
560 4255 786 4321 Longolius1800
800 4257 855 4321 Ep.
870 4271 944 4320 2329.
959 4258 1025 4306 108-
1075 4257 1151 4321 Epp.
1168 4258 1242 4321 2418.
1259 4259 1335 4316 6-20,
1352 4259 1428 4321 2468.
1445 4258 1554 4317 161-91,
1573 4259 1653 4324 2484.

452 4339 543 4442 14lrt.
561 4390 1024 4456 Budaeum]Ci.Epp.2329.81n.,
1078 4337 1166 4454 Ι’1132
1186 4390 1295 4454 psyllis]
1321 4391 1372 4440 See
1400 4391 1475 4455 Epp.
1502 4404 1580 4454 ²3²9·
1608 4405 1654 4457 77,

450 4471 525 4522 2379.
538 4461 630 4522 444-6.
1076 4461 1151 4520 2362.
1163 4459 1221 4521 7-8.

486 4539 542 4589 1²7·
562 4524 762 4589 subquietum]
798 4524 939 4589 Suoquet;
978 4539 1025 4575 see
1111 4526 1166 4588 138.
1185 4523 1348 4585 corinthiis]
1393 4523 1553 4574 cimicibus:
1606 4541 1657 4579 soe

450 4592 526 4658 Epp.
539 4594 614 4656 2276.
628 4593 704 4655 32-8,
716 4605 790 4654 2329.
803 4593 895 4655 41-58.
1076 4592 1221 4656 Aristoph.
1240 4590 1313 4640 Nub.
1330 4593 1396 4653 634:
1414 4589 1495 4640 there
1510 4591 1535 4641 is
1550 4607 1571 4642 a
1583 4592 1657 4660 play

486 4673 576 4722 130-1.
594 4658 756 4719 Germania]
768 4658 884 4722 Viglius'
895 4659 1024 4709 autobio·
1075 4673 1113 4708 on
1125 4659 1175 4708 the
1186 4657 1279 4707 words
1291 4654 1360 4719 κόρις
1373 4657 1431 4707 and
1446 4654 1580 4720 κορὶιθιος,
1594 4662 1657 4713 and

450 4725 562 4791 graphy
573 4726 625 4776 has
636 4740 674 4775 no
687 4725 752 4775 hint
763 4725 829 4775 thet
840 4725 876 4774 he
892 4726 996 4790 sought
1007 4740 1026 4775 a
1075 4740 1094 4774 a
1104 4725 1216 4775 further
1227 4724 1295 4790 play
1306 4724 1376 4774 with
1388 4721 1471 4787 κόρος.

451 4792 713 4859 postinGermany.
742 4791 1025 4857 Forthesuggestion
