4042 5900
432 659 492 721 144
778 654 977 719 LETTERS
997 655 1054 719 OF
1073 654 1278 719 ERASMUS
1530 657 1627 734 [1531

429 835 510 878 vero
523 816 658 889 sarcina,
673 834 740 895 qua
753 820 788 877 te
802 814 906 893 magis
920 813 1021 875 stiam
1035 814 1141 893 premi
1155 812 1245 887 dicis,
1260 814 1436 876 sollicitum
1448 834 1515 894 quo
1525 821 1627 896 pacto

429 901 511 963 meis
529 901 564 960 in
581 906 615 961 te
631 899 758 960 meritis
774 899 915 977 gratiam
936 896 1067 970 referas,
1084 897 1180 959 facile
1199 903 1234 959 te
1252 917 1402 959 exonam.
1446 898 1516 959 Nec
1536 900 1626 961 enim

385 1007 419 1044 20
430 989 544 1045 metuo
568 1002 610 1044 ne
635 981 730 1043 fallas
755 987 889 1043 tuorum
913 979 954 1041 de
979 985 1014 1040 te
1038 981 1319 1059 expectationem:
1350 983 1432 1061 quin
1459 983 1525 1044 ista
1555 988 1626 1044 tam

430 1066 599 1148 praeclara
620 1065 756 1127 exordia
783 1063 845 1137 vel,
871 1069 910 1124 vt
932 1062 1048 1124 melius
1073 1063 1191 1137 dicam,
1216 1065 1342 1144 primus
1369 1065 1503 1126 fabulae
1530 1073 1628 1128 actus

431 1150 526 1212 nobis
548 1168 639 1229 spem
656 1149 785 1210 faciunt
800 1148 870 1209 fore
891 1152 939 1219 vt,
958 1146 1236 1225 quemadmodum
1258 1150 1420 1227 superasti
1441 1168 1560 1223 meam,
1578 1151 1628 1212 ite

431 1233 544 1295 vincas
561 1238 596 1294 et
612 1239 816 1293 caeterorum
833 1230 1103 1309 expectationem.
1147 1229 1242 1303 Quod
1261 1232 1290 1292 si
1305 1232 1519 1310 praestiteris,
1540 1234 1627 1295 arbi-

431 1316 547 1378 trahor
567 1316 648 1376 mihi
668 1334 728 1395 pro
749 1314 873 1394 siquid
893 1320 944 1375 est
962 1332 1109 1375 meorum
1126 1315 1161 1374 in
1179 1320 1213 1375 te
1231 1314 1411 1376 officiorum
1430 1316 1465 1375 in
1484 1315 1628 1378 solidum

386 1421 419 1472 25
432 1407 533 1479 atque
546 1401 647 1460 etiam
664 1398 831 1460 cumulate
848 1396 987 1458 relatam
1004 1398 1154 1476 gratiam.
1198 1397 1282 1458 Vera
1299 1399 1414 1477 pietas,
1430 1418 1497 1478 qua
1516 1399 1627 1461 claris-

433 1485 553 1545 simum
573 1489 702 1562 patrem
723 1488 819 1542 tuum
839 1486 999 1561 perpetuo
1017 1500 1090 1541 sum
1107 1487 1336 1560 prosequutus,
1355 1500 1520 1562 quamque
1539 1503 1629 1545 nunc

433 1568 469 1628 in
483 1572 517 1627 te
531 1566 625 1627 velut
638 1564 779 1627 alterum
794 1564 887 1625 illum
902 1564 1067 1635 transtuli,
1083 1582 1150 1624 non
1164 1571 1313 1626 moratur
1326 1564 1426 1626 aliam
1443 1567 1629 1629 mercedem

434 1670 534 1730 quam
550 1655 589 1710 vt
602 1650 745 1729 teipsum
760 1648 861 1710 talem
876 1653 1023 1727 praestes
1038 1646 1168 1725 qualem
1184 1654 1280 1727 optat
1294 1647 1361 1709 illa.

475 1733 596 1795 Verum
611 1752 652 1793 ne
663 1733 726 1793 tibi
739 1731 887 1793 fabulam
898 1731 998 1791 istam
1013 1729 1150 1791 saltanti
1163 1730 1245 1791 nihil
1256 1730 1346 1792 aliud
1360 1751 1460 1811 quam
1474 1733 1630 1795 hortator

389 1839 422 1889 30
434 1816 675 1897 applausorque
686 1814 807 1886 videar,
821 1814 877 1875 sed
889 1820 928 1874 vt
940 1812 1089 1874 nonnihil
1099 1814 1199 1874 etiam
1211 1815 1282 1893 opis
1291 1814 1449 1889 adieram,
1459 1817 1568 1878 visum
1577 1824 1630 1879 est

434 1907 495 1961 tuo
506 1901 631 1961 nomini
645 1899 753 1959 dicare
764 1898 877 1959 Titum
893 1896 1032 1969 Liuium,
1045 1896 1182 1958 Latinae
1194 1897 1350 1959 historiae
1361 1899 1550 1979 principem,
1562 1901 1630 1961 ism

434 1983 567 2063 quidem
588 1982 777 2061 frequenter
797 1999 964 2052 excusum,
980 1979 1038 2040 sed
1059 1999 1230 2058 nunquam
1249 1981 1390 2043 antehac
1407 1982 1460 2043 vel
1480 1984 1630 2063 magnifi-

434 2069 561 2129 centius
576 2065 630 2127 vel
643 2064 869 2126 emendatius:
892 2069 927 2124 et
942 2063 969 2123 si
984 2062 1046 2123 hoc
1060 2083 1178 2143 parum
1192 2070 1253 2137 est,
1264 2066 1410 2143 quinque
1423 2065 1516 2127 libris
1530 2067 1632 2129 modo

435 2150 572 2230 repertis
589 2154 742 2222 auctum;
765 2166 847 2227 quos
864 2147 952 2208 bono
971 2146 1116 2225 quodam
1135 2149 1230 2227 genio
1248 2148 1282 2209 in
1299 2148 1500 2211 bibliotheca
1516 2169 1631 2213 mona·

389 2252 422 2304 35
436 2234 527 2295 sterii
548 2232 741 2303 Laurisseni,
764 2236 833 2304 aut,
855 2237 895 2292 vt
916 2229 1026 2308 vulgo,
1049 2229 1225 2305 Lersensis,
1247 2233 1391 2311 repperit
1412 2232 1525 2295 Simon
1545 2233 1630 2314 Gry·

435 2336 547 2389 naeus,
558 2317 610 2376 vir
624 2321 663 2376 vt
675 2316 710 2375 in
725 2315 814 2375 omni
826 2332 944 2394 genere
957 2312 1145 2374 litterarum
1159 2315 1243 2375 citra
1257 2315 1466 2395 supercilium
1480 2316 1632 2379 eruditus

435 2402 485 2462 ita
498 2398 715 2479 prouehendis
727 2397 918 2458 liberalibus
932 2395 1050 2457 studiis
1063 2403 1171 2458 natus.
1215 2397 1255 2458 Id
1270 2404 1383 2460 autem
1394 2401 1632 2461 monasterium

436 2490 487 2545 est
507 2503 526 2544 e
547 2483 676 2562 regione
696 2480 919 2553 Vuormaciae,
941 2480 1011 2540 siue
1032 2479 1285 2561 Berbethomagi
1309 2488 1402 2543 trans
1424 2483 1589 2558 Rhenum,
1611 2503 1634 2545 a

438 2566 555 2629 Oarolo
566 2565 685 2645 Magno
700 2565 916 2644 septingentis
931 2563 974 2625 ab
990 2562 1065 2623 hinc
1076 2565 1170 2624 annis
1184 2570 1266 2626 eteo
1276 2565 1419 2645 amplius
1429 2572 1631 2641 extructum,

391 2671 426 2723 40
438 2670 477 2711 ac
506 2650 664 2711 librorum
693 2649 915 2727 copiosissima
943 2646 1145 2726 supellectile
1175 2648 1385 2710 instructum.
1436 2649 1523 2711 Nam
1551 2650 1632 2712 haec

438 2733 517 2796 olim
535 2733 712 2811 praecipua
728 2751 808 2793 cura
824 2731 1009 2811 principum
1027 2729 1100 2802 fuit,
1116 2735 1151 2790 et
1168 2729 1220 2791 hic
1235 2730 1319 2793 solet
1333 2751 1403 2793 esse
1421 2732 1633 2795 charissimus

438 2817 667 2879 coenobiorum
683 2816 868 2876 thesaurus.
898 2813 1124 2892 Archetypum
1135 2820 1207 2875 erat
1218 2814 1432 2877 admirandae
1442 2818 1632 2890 vetustatis,

438 2902 544 2982 prisco
555 2919 645 2961 more
656 2904 816 2980 perpetua
826 2898 1013 2960 litterarum
1025 2897 1107 2958 serie
1120 2897 1169 2959 ita
1178 2897 1345 2977 depictum
1356 2905 1395 2961 vt
1405 2899 1633 2963 difficillimum

438 2985 538 3046 fuerit
559 2984 697 3045 verbum
719 3003 740 3043 a
760 2983 862 3044 verbo
883 2981 1044 3052 dirimere,
1066 2981 1131 3041 nisi
1153 2980 1260 3054 docto,
1285 2989 1429 3058 attento,
1454 2989 1490 3045 et
1513 2985 1548 3044 in
1569 2985 1632 3046 hoc

393 3085 426 3138 45
439 3069 547 3147 ipsum
576 3067 766 3127 exercitato.
812 3065 904 3127 Vnde
932 3085 1000 3126 non
1028 3081 1146 3141 parum
1176 3066 1301 3144 negocii
1328 3066 1394 3128 fuit
1422 3069 1457 3129 in
1484 3068 1634 3147 parando

439 3150 618 3229 exemplari
638 3149 728 3229 qnod
749 3149 993 3229 typographicis
1015 3148 1122 3225 operis
1143 3147 1330 3211 traderetur
1350 3151 1520 3212 vtendum.
1563 3150 1634 3213 Nec

440 3235 565 3296 minore
580 3252 658 3294 cura
672 3252 773 3312 quam
787 3232 851 3293 fide
866 3232 1082 3310 aduigilatum
1097 3237 1149 3291 est
1163 3250 1204 3291 ne
1218 3251 1357 3311 vsquam
1371 3235 1406 3295 in
1421 3234 1635 3297 describendo

440 3318 484 3379 ab
501 3317 681 3396 archetypo
698 3316 912 3377 recederetur.
956 3313 1050 3389 Quod
1072 3313 1100 3373 si
1121 3314 1247 3392 pridem
1268 3336 1388 3396 magna
1410 3318 1634 3380 studiosorum

440 3400 663 3481 gratulatione
673 3401 791 3460 merito
804 3405 978 3478 exceptum
992 3406 1054 3469 est,
1065 3395 1300 3479 qualecunque,
1312 3400 1534 3480 fragmentum
1545 3401 1635 3481 quod

395 3502 428 3552 50
441 3484 536 3546 nohis
564 3483 656 3544 dedit
680 3482 865 3561 Mogontia;
899 3488 1025 3562 quanto
1054 3480 1173 3558 plausu
1201 3485 1307 3563 excipi
1335 3504 1397 3565 par
1424 3491 1476 3546 est
1503 3489 1635 3546 tantam

442 3567 599 3629 Liuianae
613 3567 768 3627 historiae
783 3566 1024 3628 accessionem?

483 3650 593 3729 Atque
604 3651 733 3711 vtinam
744 3650 831 3710 faxit
845 3650 925 3711 deus
939 3648 1016 3730 Opt.
1028 3651 1116 3714 Max.
1129 3660 1169 3715 vt
1180 3649 1232 3711 hic
1247 3657 1346 3713 autor
1356 3657 1449 3713 totus
1459 3658 1494 3712 et
1507 3652 1636 3731 integer

442 3734 537 3796 nobis
548 3734 753 3795 restituatur.
797 3732 877 3793 Eius
886 3734 933 3794 rei
942 3753 1033 3812 spem
1045 3735 1239 3799 nonnullam
1250 3735 1409 3814 praebent
1419 3753 1566 3796 rumores
1577 3755 1636 3815 par

442 3837 501 3879 ora
509 3817 718 3896 quorundam
728 3815 907 3878 volitantes
918 3836 924 3876 :
941 3816 1020 3879 dum
1031 3818 1084 3880 hic
1092 3821 1181 3899 apud
1190 3818 1311 3892 Danos,
1321 3819 1376 3880 ille
1384 3819 1473 3898 apud
1483 3818 1635 3891 Polonos,

397 3919 429 3970 55
443 3900 527 3963 alius
536 3901 626 3979 apud
633 3899 822 3972 Germanos,
830 3899 943 3961 haberi
952 3900 1089 3964 Liuiana
1098 3903 1260 3983 quaedam
1270 3903 1415 3964 nondum
1424 3901 1636 3963 seditaiacti·

443 3990 505 4046 tet.
524 3982 619 4045 Certe
628 3990 845 4063 posteaquam
854 3983 950 4044 hasce
959 3984 1113 4063 reliquias
1123 3992 1253 4066 praeter
1263 3987 1409 4048 omnium
1419 4004 1510 4065 spem
1516 3985 1638 4046 obiecit

444 4067 587 4138 fortuna,
609 4087 675 4128 non
692 4066 788 4127 video
809 4086 896 4146 quur
916 4067 1126 4147 desperemus
1147 4077 1182 4132 et
1202 4069 1299 4149 plura
1319 4088 1413 4148 posse
1436 4070 1636 4148 contingere.

443 4150 554 4228 Atque
577 4150 638 4222 hic,
661 4169 736 4211 mea
754 4149 886 4229 quidem
904 4153 1079 4226 sententia,
1099 4155 1262 4234 principes
1279 4154 1343 4213 viri
1360 4172 1428 4214 rem
1449 4172 1483 4214 se
1502 4152 1637 4231 dignam

444 4233 600 4306 facerent,
610 4234 638 4293 si
647 4235 798 4312 praemiis
807 4234 983 4314 propositis
992 4236 1139 4298 eruditos
1149 4238 1191 4299 ad
1202 4236 1491 4316 peruestigandum
1502 4241 1637 4297 tantum

398 4325 433 4373 60
444 4316 637 4378 thesaurum
653 4317 878 4390 sollicitarent,
894 4319 1069 4379 autetiam
1084 4320 1128 4382 ad
1143 4321 1340 4382 aeditionem
1351 4319 1586 4399 perpellerent:
1609 4320 1639 4380 si

445 4401 502 4479 qui
512 4400 598 4461 forte
613 4405 692 4461 sunt
706 4401 763 4479 qui
778 4419 846 4461 rem
861 4400 1012 4479 publicae
1027 4403 1167 4464 vtilitati
1181 4409 1332 4482 paratam
1347 4404 1441 4481 graui
1452 4403 1638 4464 studiorum

445 4484 572 4545 iactura
586 4488 742 4563 premunt
756 4483 957 4563 abduntque.
988 4484 1205 4548 Vehementer
1215 4487 1302 4546 enim
1314 4485 1495 4547 absurdum
1506 4487 1639 4548 videtur

446 4567 602 4639 homines,
626 4573 666 4627 vt
687 4585 804 4645 parum
833 4569 905 4628 auri
934 4571 1103 4647 argentiue
1131 4571 1311 4641 inueniant,
1334 4571 1439 4630 tantis
1467 4570 1640 4649 impendiis

446 4651 614 4728 tantisque
629 4648 781 4730 periculis
796 4650 839 4711 ad
853 4652 941 4730 ipsos
956 4670 1040 4730 pene
1053 4653 1173 4714 inferos
1188 4660 1295 4714 terrae
1309 4654 1436 4714 viscera
1450 4653 1638 4733 perfodere:

480 4813 522 4863 35.
534 4800 689 4862 Lersensis]
697 4801 927 4866 'l'hernonastery
935 4802 965 4853 cl
973 4803 1015 4855 st.
1067 4816 1115 4866 593
1141 4804 1211 4854 used
1233 4803 1273 4868 by
1295 4805 1410 4855 Hutten
1433 4804 1477 4855 ior
1499 4805 1550 4855 tha
1574 4806 1640 4866 1518

446 4867 585 4918 Nazarain
596 4873 629 4918 at
639 4867 752 4927 Lorsch,
765 4867 891 4918 founded
902 4872 961 4933 763.
1067 4870 1140 4934 Livy
1168 4871 1207 4931 (J.
1236 4871 1399 4934 Sohoafler).
1434 4870 1486 4922 See
1508 4872 1563 4936 Ep.
1589 4885 1641 4934 919

480 4947 522 4998 49.
540 4933 742 4999 fragmentum]
764 4949 829 4985 now
850 4934 922 4994 lost;
951 4952 1016 4986 con·
1066 4935 1171 4987 introd.

446 5001 557 5066 taining
573 5001 662 5052 books
679 5015 721 5065 33.
741 5013 823 5066 17-49
838 5001 896 5052 and
909 5017 951 5065 40.
968 5017 1019 5067 37-
1100 5016 1142 5068 53.
1161 5003 1298 5065 rumores]
1310 5003 1361 5055 See
1372 5003 1455 5056 Paut.
1468 5005 1502 5055 E.
1515 5017 1573 5070 257.
