4042 5900
446 671 487 734 55
774 670 1050 734 terraneos
1071 670 1277 736 55555555
1550 672 1650 752 [1530

385 850 435 887 555
448 833 559 894 Morus
574 831 730 893 acerrime
745 832 955 912 scripserant,
971 831 1141 911 consopiui
1162 830 1297 892 turbam
1314 849 1455 904 omnem,
1470 829 1650 911 diligenter

448 917 568 997 pressis
582 915 702 976 libellis
723 914 843 993 quibus
865 921 900 976 55
921 914 1122 976 defendebar
1142 921 1178 976 et
1198 913 1422 994 praedicabat.
1467 913 1564 976 Idem
1585 914 1649 977 ieci

448 1018 552 1078 quum
566 1000 653 1059 inter
667 1004 701 1058 te
717 1004 751 1059 et
765 998 895 1059 Morum
911 1018 962 1059 res
982 998 1151 1059 videretur
1170 998 1213 1058 ad
1233 1005 1417 1060 extremam
1439 997 1649 1060 simultatem

448 1083 597 1143 exitura:
620 1083 723 1161 pressi
737 1082 893 1160 quicquid
913 1082 1025 1142 Morus
1044 1083 1078 1141 in
1102 1088 1135 1142 te
1158 1082 1343 1161 scripserat,
1357 1082 1459 1142 etiam
1481 1081 1542 1142 illa
1563 1100 1649 1161 quae

449 1168 515 1227 iam
530 1171 626 1226 erant
640 1166 730 1244 typis
743 1184 874 1237 excusa,
889 1166 1025 1226 exoraui
1040 1164 1169 1226 Morum
1185 1171 1225 1225 vt
1241 1184 1280 1225 55
1298 1166 1332 1224 15
1351 1184 1386 1225 re
1408 1183 1485 1225 suos
1507 1165 1649 1227 affectus

387 1264 436 1314 225
449 1249 530 1310 mihi
543 1249 759 1328 permitteret.
802 1248 898 1309 Itane
912 1267 952 1308 ex
967 1254 1021 1309 tot
1036 1249 1149 1309 amicis
1164 1248 1290 1309 Budaei
1305 1248 1469 1308 neminem
1482 1249 1646 1322 extitisse,

450 1334 505 1411 qui
528 1350 666 1392 nascens
687 1332 874 1392 incendium
895 1332 1128 1412 extingueret?
1160 1331 1270 1409 Atque
1292 1331 1344 1391 hic
1369 1350 1455 1391 vnus
1478 1330 1649 1394 duntaxat

449 1422 522 1477 erat
536 1415 727 1495 placandus.
750 1414 1049 1476 Namvtinanimo
1060 1434 1134 1476 meo
1144 1415 1237 1476 nulla
1247 1414 1313 1475 fuit
1323 1433 1471 1493 vnquam
1482 1415 1647 1489 simultas,

450 1501 499 1560 ita
520 1498 647 1560 nullam
669 1497 898 1559 maleuolentis
920 1498 1022 1559 animi
1048 1498 1319 1578 significationem
1342 1498 1427 1558 dedi.
1471 1496 1569 1571 Quod
1591 1518 1649 1579 ego

450 1582 602 1663 praestiti
625 1582 758 1661 Dorpio,
784 1583 877 1642 cuius
905 1582 984 1642 stilo
1013 1581 1139 1643 fueram
1169 1581 1350 1653 lacessitus,
1376 1600 1473 1642 nemo
1499 1588 1649 1644 vestrum

388 1682 438 1732 2³0
450 1666 619 1746 praestitit
634 1666 749 1737 amieo,
765 1684 867 1743 quum
882 1684 949 1726 non
964 1665 1116 1727 deessent
1130 1666 1187 1743 qui
1203 1664 1311 1726 oleum
1326 1663 1488 1725 adderent
1505 1666 1646 1728 camino.

450 1749 662 1827 Compertum
677 1750 764 1809 enim
779 1749 885 1809 habeo
899 1749 1081 1821 Budacum,
1098 1748 1219 1827 siquid
1235 1748 1286 1808 hic
1308 1747 1374 1809 fuit
1395 1748 1447 1809 sui
1467 1748 1646 1823 dissimilis,

450 1833 589 1893 aliorum
605 1832 765 1892 instinctu
784 1831 894 1892 fuisse.
939 1831 1034 1905 Quod
1050 1834 1077 1891 si
1092 1832 1201 1892 minus
1216 1831 1298 1892 mihi
1316 1836 1479 1910 putarunt
1498 1831 1646 1894 tribuen-

450 1917 530 1978 dum
544 1915 607 1977 hoc
622 1915 773 1987 officium,
788 1921 876 1976 55555
892 1915 1087 1976 tribuissent
1106 1915 1342 1976 existimationi
1361 1914 1497 1987 Budaei,
1513 1915 1647 1977 tribuis·

451 2005 527 2061 sent
541 1998 769 2059 communibus
784 1999 911 2070 studiis,
928 1998 1069 2077 denique
1084 1999 1279 2059 tribuissent
1294 1997 1365 2058 sibi.
1388 1996 1475 2069 Quid
1485 2000 1577 2059 enim
1588 1998 1648 2061 hoc

389 2098 437 2147 235
451 2082 601 2161 exemplo
616 2081 805 2142 sceleratius
819 2082 1044 2144 abiectiusue?
1065 2081 1176 2160 Atque
1197 2081 1250 2141 hic
1265 2100 1501 2142 commemoras
1516 2082 1648 2145 celsitu·

451 2167 562 2228 dinem
577 2184 694 2237 meam,
711 2184 938 2243 summamque
953 2165 1089 2243 gloriam
1106 2165 1290 2226 studiorum
1306 2170 1437 2244 partam
1457 2164 1648 2239 laboribus;

451 2251 584 2311 demum
613 2267 773 2327 prouocas
802 2249 845 2309 ad
875 2249 1095 2309 imitationem
1124 2247 1305 2309 Alexandri
1334 2249 1454 2327 magni,
1481 2250 1541 2325 qui
1563 2250 1650 2311 dixit

452 2341 460 2366 ‘
474 2333 614 2411 Regium
625 2351 696 2392 esse
707 2331 793 2392 male
804 2332 918 2392 audire
929 2351 1032 2410 quum
1042 2331 1238 2392 benefeceris
1250 2331 1275 2403 ’;
1292 2331 1450 2391 admones
1461 2332 1650 2394 inimicitias

452 2415 620 2486 mortales,
636 2415 797 2475 amicitias
811 2415 1014 2476 immortales
1030 2435 1099 2476 esse
1115 2414 1250 2486 debere;
1274 2414 1411 2492 aliisque
1425 2413 1543 2475 multis
1554 2435 1649 2497 argu·

389 2513 440 2564 24⁰
452 2499 572 2561 mentis
584 2517 711 2559 mecum
723 2499 801 2577 agis,
811 2504 851 2558 vt
862 2505 1054 2578 contempta
1062 2498 1286 2578 improborum
1297 2496 1483 2578 petulantia
1493 2499 1651 2579 recipiam

453 2589 574 2644 memet
603 2582 646 2643 ad
676 2582 777 2642 animi
800 2581 1088 2660 tranquillitatem,
1113 2588 1331 2661 posteaquam
1360 2581 1426 2642 ista
1455 2583 1651 2661 conquieuit

452 2670 633 2745 tempestas
648 2684 686 2726 ac
701 2664 869 2725 redierunt
883 2665 1063 2726 alcedonia.

494 2750 585 2810 Haec
602 2749 721 2821 omnia,
736 2755 776 2809 vt
791 2748 899 2809 fateor
918 2748 977 2809 abs
994 2756 1029 2808 te
1048 2748 1168 2809 diserte
1182 2754 1217 2809 et
1230 2746 1315 2825 μάλα
1327 2745 1498 2826 ῥητορικῶς
1512 2746 1589 2821 dici,
1605 2749 1654 2811 ita

452 2853 520 2894 non
534 2832 630 2893 video
645 2851 801 2911 quorsum
815 2832 916 2893 fuerit
930 2851 1013 2911 opus
1028 2832 1112 2892 hanc
1127 2831 1208 2892 mihi
1222 2832 1296 2892 cani
1309 2831 1505 2892 cantionem.
1550 2831 1654 2895 Nullo

391 2930 440 2982 245
453 2916 573 2978 indicio
587 2914 766 2995 significaui
780 2934 833 2977 me
847 2915 971 2977 talibus
985 2915 1154 2977 versiculis
1168 2914 1376 2976 commoneri.
1419 2913 1473 2976 An
1486 2932 1556 2977 non
1569 2918 1653 2979 satis

454 3001 646 3071 contemnit,
661 3001 774 3079 quine
788 2999 893 3077 legere
908 2999 1039 3078 quidem
1055 2998 1219 3078 dignatur,
1235 3003 1368 3060 tantum
1387 2997 1482 3059 abest
1495 3004 1537 3060 vt
1554 2998 1653 3063 vltio·

454 3104 529 3144 nem
544 3088 660 3163 paret?
704 3082 792 3155 Quas
809 3089 920 3143 autem
941 3083 1127 3143 inimicitias
1147 3082 1239 3142 iubes
1258 3101 1311 3142 me
1325 3100 1454 3162 ponere,
1470 3100 1575 3160 quum
1592 3102 1654 3163 ego

454 3167 537 3228 nulli
556 3166 776 3226 denuntiarim
796 3166 1005 3226 inimicitias?
1049 3165 1143 3226 Hanc
1161 3165 1372 3226 tolerantiam
1392 3165 1420 3224 ai
1434 3166 1544 3226 minus
1557 3185 1653 3246 prae·

454 3256 524 3310 stat
536 3248 656 3310 fiducia
670 3251 861 3310 meritorum
875 3254 935 3309 aut
946 3250 1075 3309 animus
1086 3249 1233 3309 excelsus
1246 3254 1281 3308 et
1291 3247 1514 3309 Alexandrino
1525 3249 1653 3324 similis,

392 3348 442 3397 ²5⁰
454 3338 543 3394 certe
565 3338 712 3412 praestat
736 3334 866 3393 animus
890 3333 1045 3393 asininus.
1090 3332 1153 3393 Vix
1182 3333 1269 3392 enim
1295 3350 1369 3392 reor
1392 3331 1532 3392 inueniri
1556 3351 1654 3412 55555

455 3435 643 3496 quenquam
658 3415 727 3475 ὄνον
741 3414 914 3494 ἀχθοφόρον
928 3417 1020 3476 cuius
1035 3421 1165 3494 tergum
1179 3416 1223 3475 sic
1244 3414 1287 3475 ad
1305 3415 1428 3475 fustem
1443 3414 1601 3477 occalluit
1615 3423 1655 3479 vt

456 3499 536 3561 mihi
565 3500 694 3559 animus
723 3499 766 3560 ad
795 3499 980 3559 istiusmodi
1008 3497 1233 3560 contumelias.
1281 3497 1435 3571 Quotidie
1463 3497 1655 3578 lapidemur

456 3582 622 3645 maledicis
636 3581 763 3643 libellis.
807 3583 905 3643 Dicas
919 3583 1022 3643 fatale
1037 3581 1171 3643 malum.
1215 3581 1262 3642 At
1276 3580 1360 3642 hanc
1375 3580 1463 3642 luem
1481 3580 1595 3645 decuit
1610 3583 1654 3646 ab

455 3665 702 3727 humanioribus
716 3666 830 3726 abesse
844 3666 971 3726 studiis.

393 3763 442 3812 255
498 3749 638 3810 Proinde
661 3748 783 3809 Tusani
802 3768 919 3810 causae
939 3768 1040 3822 serus,
1055 3754 1095 3809 vt
1116 3748 1194 3821 dixi,
1214 3753 1374 3827 patronus
1388 3748 1549 3822 extitisti;
1571 3749 1654 3813 iam·

456 3832 583 3894 dudum
596 3834 683 3893 enim
697 3852 787 3894 eram
802 3832 951 3894 defecato
965 3833 998 3893 in
1013 3832 1105 3893 illum
1124 3833 1243 3892 animo.
1287 3831 1333 3891 Et
1352 3849 1543 3909 quanquam
1559 3838 1654 3896 ante·

456 3917 517 3976 hac
539 3915 620 3975 mibi
639 3915 767 3976 nullum
788 3935 862 3976 cum
881 3916 1011 3977 homine
1031 3916 1134 3976 ictum
1154 3916 1198 3975 sit
1214 3914 1378 3976 amicitiae
1397 3913 1521 3987 foedus,
1538 3920 1654 3978 tamen

457 3999 546 4061 haud
566 3998 676 4060 abnuo
695 3998 801 4060 facere
820 4000 908 4078 quod
929 3998 1087 4079 postulas,
1103 3999 1130 4059 si
1149 3998 1231 4059 libet
1249 3997 1297 4058 illi
1319 4016 1447 4058 mecum
1467 3997 1509 4058 de
1523 3998 1655 4080 integro

456 4084 538 4144 inire
549 4082 796 4143 beneuolentiae
810 4089 985 4156 certamen,
996 4081 1130 4143 meliore
1140 4083 1205 4142 iam
1218 4087 1257 4141 vt
1267 4101 1362 4162 spero
1376 4080 1449 4142 fide.
1478 4080 1654 4146 Budaeum

395 4184 445 4231 565
457 4185 584 4245 semper
604 4166 791 4227 existimaui
810 4167 918 4227 virum
939 4172 974 4226 et
995 4165 1135 4244 probum
1156 4171 1191 4226 et
1213 4164 1402 4237 humanum,
1422 4183 1481 4224 nec
1503 4163 1546 4227 de
1564 4184 1653 4228 oom-

457 4249 625 4311 mentariis
646 4248 734 4310 illius
754 4268 844 4310 eram
865 4251 1042 4328 quicquam
1063 4249 1297 4328 suspicaturus,
1319 4249 1381 4308 nisi
1405 4249 1552 4310 monitus
1572 4251 1654 4312 ami·

457 4351 569 4393 corum
605 4332 734 4393 litteris.
777 4331 845 4394 Nec
880 4333 970 4393 aliud
1005 4330 1221 4411 expectabam
1256 4350 1356 4409 quam
1392 4330 1510 4391 necubi
1543 4351 1566 4393 a
1600 4352 1655 4396 me

458 4415 664 4476 dissentiret:
698 4415 787 4494 quod
816 4417 843 4476 si
871 4416 955 4477 citra
983 4415 1203 4495 petulantiam
1237 4413 1369 4486 faceret,
1399 4419 1544 4476 testatus
1578 4434 1654 4479 sum

458 4498 539 4559 mihi
557 4499 658 4559 etiam
674 4499 895 4577 gratissimum
916 4498 994 4560 iore.
1038 4498 1149 4577 Atque
1164 4498 1253 4559 haud
1267 4499 1334 4558 scio
1348 4516 1391 4558 an
1406 4498 1539 4559 maioris
1552 4498 1656 4563 fuerit

394 4599 445 4659 265
458 4581 607 4643 candoris
621 4601 697 4642 cum
707 4581 910 4661 praefatione
922 4583 1054 4643 honoris
1064 4582 1184 4643 alicubi
1199 4579 1372 4642 dissentire
1383 4600 1482 4660 quam
1493 4589 1657 4663 perpetuo

458 4666 588 4727 silentio
601 4670 828 4746 contemptum
842 4685 920 4745 prae
934 4685 968 4726 se
982 4664 1076 4727 terre.

459 4794 686 4801 ---.-..--

492 4847 550 4884 555.
568 4835 644 4884 inter
660 4839 689 4883 te
707 4838 737 4883 et
750 4832 873 4894 Morum]
889 4831 940 4883 See
953 4832 1030 4897 Epp.
1084 4834 1262 4894 1096.102-3.

457 4901 694 4964 620,1045,1087.
1115 4899 1174 4961 238.
1192 4897 1325 4962 Regium]
1348 4897 1425 4948 Plut.
1449 4897 1529 4949 Alea.
1552 4913 1598 4964 45,
1617 4899 1655 4952 el.

491 4980 552 5029 2²3·
569 4966 670 5031 pressi]
682 4965 769 5016 SeeE
793 5002 800 5015 .
815 4968 888 5026 1096.
903 4978 980 5016 121n.
1081 4964 1162 5029 Diog.
1175 4964 1269 5015 laert.
1282 4965 1320 5016 vi.
1332 4978 1408 5025 1,see
1417 4963 1656 5031 Epp.1578.3cn,

493 5047 551 5098 224.
568 5032 696 5094 exoraui]
708 5033 750 5083 ct.
786 5047 836 5098 pp.
851 5045 924 5095 1093.
937 5045 1030 5095 29-32,
1082 5045 1156 5096 234⁰·
1169 5034 1232 5095 76n.
