4042 5900
389 671 488 749 2422]
727 667 1260 734 mensurnusamxrus
1530 672 1589 733 107

389 826 488 889 Nunc
502 846 555 889 res
568 828 602 888 in
616 847 691 890 eum
706 829 842 889 deuenit
855 828 964 890 locum
986 834 1026 890 vt
1045 830 1187 891 nesciam
1206 829 1287 909 quid
1305 828 1431 890 consilii
1450 831 1588 909 capiam.

389 910 613 990 Hieronymus
627 910 806 973 Frohenius
820 931 949 973 summa
964 913 1174 974 contentione
1189 912 1250 974 hoc
1265 931 1392 974 mecum
1406 913 1535 992 agebat,
1550 920 1590 975 vt

387 1012 446 1055 eos
461 995 713 1056 commentarios
726 994 903 1056 vertendos
917 996 1124 1075 susciperem.
1158 996 1199 1057 Id
1214 1016 1317 1074 quum
1332 997 1589 1076 pertinacissime

387 1096 584 1151 recusarem,
600 1079 687 1139 suasi
701 1083 740 1139 vt
761 1080 867 1157 prima
885 1097 961 1158 pars
981 1079 1025 1140 ad
1044 1085 1078 1140 te
1098 1081 1296 1152 mitteretur,
1311 1078 1473 1158 simulque
1492 1087 1589 1141 tuum
1604 1093 1636 1128 10

387 1162 539 1222 animum
563 1161 818 1241 exploraremus,
839 1181 883 1223 an
905 1168 1015 1223 totum
1038 1181 1121 1241 opus
1142 1162 1243 1223 velles
1265 1164 1435 1242 suscipere.
1479 1162 1589 1236 Quum

388 1250 524 1323 vrgeret
548 1243 767 1317 interimilla,
794 1264 854 1306 nec
877 1244 999 1305 isthinc
1028 1247 1205 1325 quicquam
1228 1246 1401 1307 afferretur
1429 1248 1587 1326 responsi,

387 1329 604 1406 posteriorem
636 1328 812 1389 voluminis
844 1335 974 1408 partem
1008 1330 1230 1391 commisimus
1265 1328 1389 1391 Simoni
1425 1327 1587 1408 Grynaeo,

387 1410 504 1471 iuueni
523 1411 670 1491 adprime
692 1411 801 1483 docto,
816 1412 874 1489 qui
889 1411 1035 1473 absoluit
1052 1412 1141 1490 quod
1158 1412 1271 1473 deerat
1293 1412 1434 1473 homiliis
1455 1413 1489 1473 in
1510 1412 1587 1492 Epi·

387 1493 512 1555 stolam
525 1494 568 1555 ad
583 1493 768 1556 Corinthios
787 1496 938 1574 priorem.
981 1496 1034 1556 An
1051 1496 1079 1555 is
1096 1514 1188 1556 orsus
1207 1498 1260 1569 sit,
1275 1500 1310 1557 et
1329 1514 1500 1574 quousque
1514 1515 1587 1575 pro·
1603 1507 1634 1557 1⁵

386 1596 529 1657 gressus,
544 1578 625 1639 mihi
639 1597 706 1639 non
721 1578 835 1657 liquet.
866 1577 994 1639 Rursus
1009 1584 1048 1639 vt
1062 1578 1117 1639 ille
1131 1579 1212 1640 nihil
1223 1580 1303 1640 dum
1314 1580 1463 1658 attigerit
1471 1581 1587 1659 operis,

387 1667 608 1741 posteaquam
623 1666 662 1724 tu
676 1680 743 1722 non
757 1662 880 1740 pateris
895 1661 957 1722 tihi
971 1661 1075 1722 vllum
1090 1663 1267 1741 praescribi
1275 1664 1431 1742 temporis
1442 1662 1588 1735 modum,

387 1742 483 1805 haud
510 1746 577 1806 scio
605 1764 649 1806 en
677 1744 959 1824 typographorum
988 1746 1132 1806 rationes
1160 1745 1222 1807 hoc
1255 1746 1435 1825 patiantur.
1480 1746 1589 1807 Probo

387 1826 482 1905 quod
501 1829 616 1900 mauis,
632 1834 672 1888 vt
685 1827 808 1901 scribis,
828 1834 907 1888 tuae
926 1827 1034 1889 famae
1049 1847 1149 1907 quam
1165 1829 1445 1909 typographorum
1465 1828 1587 1890 emolu·

386 1911 513 1971 mentis
527 1910 712 1972 consulere:
736 1910 826 1989 quod
840 1911 1012 1972 consilium
1026 1914 1155 1973 vtinam
1169 1932 1229 1991 ego
1243 1932 1371 1992 semper
1384 1911 1518 1973 inissem
1540 1932 1587 1972 se-
1601 1925 1635 1962 ²0

387 1995 534 2071 quotus!
557 1993 621 2055 Sed
636 1994 700 2054 illis
714 1993 817 2055 nihilo
831 1994 930 2055 vilius
944 1999 995 2055 est
1010 1994 1138 2056 lucrum
1153 2015 1253 2075 quam
1267 1996 1362 2056 nobis
1376 1995 1474 2056 fama.
1501 1995 1588 2057 Nam

386 2076 473 2137 mihi
487 2077 620 2155 quidem
634 2078 757 2157 alioqui
772 2077 833 2138 hac
850 2079 884 2137 in
902 2097 937 2138 re
957 2097 1017 2139 nec
1039 2080 1159 2139 seritur
1178 2098 1237 2140 nec
1259 2079 1406 2149 metitur,
1421 2080 1484 2139 nisi
1499 2079 1589 2157 quod

387 2159 561 2239 exemplar
581 2180 648 2221 non
669 2160 824 2221 mediocri
843 2167 979 2241 sumptu
1000 2181 1075 2222 meo
1096 2161 1297 2243 descriptum
1318 2163 1421 2241 gratis
1443 2181 1587 2223 commu·

387 2243 475 2303 nico.
519 2243 615 2305 Nunc
641 2243 702 2304 tibi
727 2244 942 2305 statuendum
967 2249 1019 2305 est
1044 2264 1088 2305 an
1115 2246 1197 2307 velis
1226 2252 1285 2306 tuo
1313 2245 1477 2306 arbitratu
1506 2264 1589 2325 opus
1682 2285 1684 2288 -

385 2325 581 2387 absolutum
596 2327 692 2388 isthic
706 2327 832 2399 aedera,
847 2346 891 2387 en
905 2329 1111 2389 committere
1125 2334 1165 2388 vt
1179 2328 1358 2389 Frobenius
1373 2334 1484 2389 totum
1505 2348 1589 2407 opus
1602 2341 1635 2390 25

386 2409 435 2469 ab
450 2408 522 2470 aliis
537 2429 668 2471 versum
683 2410 826 2471 excudat
840 2428 901 2471 suo
912 2417 1079 2490 tempore;
1101 2411 1248 2473 decreuit
1258 2412 1588 2473 enimadmercatum

387 2493 620 2554 autumnalem
634 2494 830 2573 proximum.
875 2493 966 2555 Haeo
981 2499 1114 2556 tantum
1129 2494 1283 2556 velutad
1301 2495 1495 2574 prudentiae
1510 2502 1589 2556 tuae

388 2582 544 2637 senatum
572 2576 685 2638 refero.
729 2576 816 2637 Nam
845 2578 915 2656 ipse
943 2578 1006 2638 nisi
1035 2597 1076 2638 ex
1106 2578 1278 2639 amborum
1307 2579 1480 2640 sententiis
1507 2578 1589 2639 nihil

388 2677 527 2738 possum
541 2662 623 2720 certi
642 2662 867 2739 pronunciare.
911 2658 1074 2739 Quicquid
1091 2668 1205 2722 tamen
1226 2663 1382 2722 statueris
1404 2661 1493 2741 quod
1514 2680 1532 2723 e
1553 2681 1589 2722 re

389 2747 453 2802 tua
475 2747 600 2821 tuaque
620 2742 781 2822 dignitate
802 2762 872 2804 esse
894 2743 1062 2817 iudicabis,
1085 2744 1118 2805 id
1141 2746 1224 2805 scito
1246 2751 1286 2810 te,
1306 2751 1419 2806 nostra
1445 2746 1590 2806 amicitia
1603 2760 1636 2810 30

391 2824 551 2886 incolumi
565 2825 741 2889 iacturum.

436 2907 581 2970 Tantum
603 2910 644 2971 de
665 2907 909 2990 chrysostomo,
931 2909 1012 2972 locis
1033 2912 1262 2973 communibus
1282 2912 1529 2993 praetermissis,
1555 2913 1590 2974 in

390 2992 513 3071 quibus
533 3000 571 3054 tu
589 3013 691 3072 quum
708 2995 775 3055 alie
791 2994 900 3055 multa
917 2994 1149 3056 facundissime
1168 2996 1301 3074 colligis,
1324 3001 1396 3058 tum
1416 2997 1590 3077 praecipue

390 3095 509 3136 causas
530 3076 650 3155 quibus
671 3077 714 3138 ad
736 3077 797 3139 hoo
819 3079 925 3157 operis
945 3077 1099 3140 alacriter
1119 3080 1361 3159 suscipiendum
1384 3081 1428 3141 sis
1448 3081 1589 3141 extimu-

392 3158 500 3221 latus:
541 3161 630 3239 quod
664 3160 729 3222 huc
761 3162 912 3222 inuitarit
944 3162 1033 3241 regia
1064 3181 1131 3223 non
1163 3163 1228 3223 iam
1261 3165 1425 3224 autoritas
1457 3169 1590 3224 tantum
1604 3176 1636 3228 3⁵

391 3242 451 3302 sed
486 3248 522 3303 et
551 3242 753 3323 benignitas3
791 3244 880 3323 quod
905 3244 939 3305 hi
967 3247 1194 3307 commentarii
1219 3247 1302 3308 citra
1332 3248 1590 3308 controuersiam

391 3325 513 3405 γνήσιοι
542 3328 627 3400 sint;
657 3327 746 3406 quod
776 3328 935 3389 hactenus
963 3328 1006 3388 ab
1036 3330 1272 3408 interpretibus
1300 3330 1427 3391 Latinis
1453 3331 1589 3391 intacti:

393 3428 479 3488 quae
494 3411 604 3471 omnia
623 3412 751 3471 vtinam
770 3411 860 3491 apud
879 3417 914 3472 te
934 3417 1066 3473 tantum
1086 3413 1234 3474 valerent
1255 3419 1304 3486 vt,
1320 3413 1392 3474 aliis
1413 3413 1591 3475 leuioribus

392 3494 534 3571 negociis
550 3494 685 3566 omissis,
697 3494 758 3555 hoc
774 3501 866 3555 totus
881 3514 992 3574 ageres
1006 3502 1042 3556 et
1056 3497 1299 3575 quamprimum
1313 3497 1516 3558 absolueres!
1541 3497 1592 3558 Ne

393 3577 429 3636 in
451 3575 513 3637 hoc
530 3576 663 3655 quidem
681 3578 771 3656 quod
791 3578 898 3639 obiter
917 3584 1044 3639 tractas
1061 3578 1121 3639 abs
1142 3585 1177 3640 te
1199 3580 1366 3652 dissentio,
1381 3600 1437 3641 eos
1458 3598 1591 3660 operam
1604 3594 1638 3644 40

392 3659 651 3739 haudquaquam
665 3661 810 3722 sterilem
824 3681 952 3723 sumere
968 3662 1025 3740 qui
1044 3663 1088 3723 ah
1105 3662 1179 3723 aliis
1196 3663 1282 3724 male
1301 3682 1406 3736 versa,
1422 3663 1531 3725 denuo
1545 3665 1591 3725 sic

393 3749 533 3805 vertunt
561 3750 601 3804 vt
628 3749 663 3805 et
691 3747 895 3824 superiorum
924 3744 1068 3824 prodant
1097 3745 1218 3825 lapsus,
1242 3750 1277 3807 et
1305 3748 1430 3808 autoris
1459 3766 1592 3808 sensum

392 3825 526 3888 meliore
541 3825 604 3888 fide
619 3827 770 3889 reddant.
815 3828 887 3890 Hac
906 3831 1071 3889 sententia
1088 3829 1188 3890 fuisse
1206 3828 1302 3890 video
1320 3830 1480 3891 Thomam
1496 3830 1591 3892 Lina-

394 3929 496 3982 crum,
512 3910 569 3988 qui
583 3908 762 3990 Sphaeram
778 3911 917 3983 Proculi,
926 3911 969 3972 ab
985 3912 1051 3972 alio
1065 3913 1175 3974 nescio
1190 3932 1255 3991 quo
1270 3919 1438 3992 vtcunque
1453 3933 1591 3987 versam,

393 3993 544 4053 exactius
565 3994 745 4056 transtulit.
790 3995 874 4055 Dein
896 3993 1011 4056 Galam
1037 3995 1136 4056 libros
1159 3993 1230 4073 περὶ
1252 4002 1315 4056 τῶν
1339 3997 1486 4075 ὑγιεινῶν.
1531 3997 1591 4059 Ρο-
1606 4011 1639 4062 45

393 4083 517 4138 stremo
527 4075 714 4138 Aristotelis
723 4076 994 4156 μετεωρολογικά;
1010 4097 1095 4157 quac
1105 4079 1253 4140 nondum
1264 4081 1379 4159 opinor
1390 4080 1592 4160 prodierunt.

393 4159 550 4221 Eiusdem
565 4161 666 4221 animi
680 4162 826 4241 suspicor
840 4161 940 4222 fuisse
954 4161 1136 4234 Budaeum,
1151 4163 1209 4241 qui
1223 4170 1300 4242 post
1312 4163 1394 4224 ahos
1408 4165 1511 4225 vertit
1525 4164 1595 4224 diui

394 4242 506 4303 Basilii
527 4242 675 4305 libellum
697 4245 747 4307 De
765 4245 893 4318 studiis,
909 4264 948 4306 ao
970 4244 1098 4307 Placita
1120 4245 1392 4326 Philosophorum
1414 4267 1435 4308 a
1456 4246 1594 4327 Georgio

429 4442 469 4478 12.
487 4429 880 4494 nec...responsi]SeeEp.
893 4443 969 4494 2405.
1056 4443 1096 4492 17.
1114 4430 1267 4495 praescribi
1289 4431 1438 4497 temporis]
1464 4431 1515 4482 See
1537 4431 1592 4497 Ep.

396 4508 473 4556 rosn.
1053 4511 1070 4546 o
1089 4501 1191 4547 aco-2
1212 4533 1218 4546 .

430 4576 469 4625 13.
488 4561 652 4623 voluminis]
669 4563 781 4613 Froben
790 4562 968 4628 supplemen-
1021 4510 1595 4629 24αξ.ἱειῑιίοῗκ1(111111]Τ1111ποι-(1111133111

394 4628 444 4679 ted
464 4629 515 4679 the
537 4629 593 4679 five
612 4629 740 4679 volumas
759 4630 790 4679 oi
810 4643 874 4692 1530
891 4631 930 4694 by
951 4645 971 4680 a
1020 4630 1087 4680 that
1111 4631 1162 4681 the
1184 4631 1294 4696 project
1315 4633 1407 4681 which
1432 4630 1595 4696 ultimately

393 4695 508 4745 volume
518 4696 683 4760 containing
691 4697 741 4747 the
753 4696 865 4761 Epietle
876 4702 907 4747 to
919 4697 969 4748 the
1019 4697 1211 4747 materialired
1222 4698 1251 4747 in
1259 4698 1310 4748 the
1321 4698 1401 4748 Paris
1411 4698 1595 4761 chrysostom

394 4762 531 4820 Romana,
545 4778 592 4812 see
605 4763 660 4826 Ep.
673 4763 856 4826 23591nar0d.
1020 4762 1050 4813 oi
1075 4767 1140 4827 1536
1160 4766 1217 4825 (see
1236 4764 1291 4828 Ep.
1313 4777 1380 4827 2359
1398 4764 1516 4824 introd.)
1536 4779 1595 4814 was

461 4828 603 4892 Grynaeo]
616 4829 667 4880 See
678 4830 733 4894 Ep.
751 4844 826 4893 2433.
845 4843 913 4893 33n;
931 4830 968 4880 oi.
1020 4830 1144 4895 perhaps
1154 4831 1270 4894 already
1277 4831 1369 4881 under
1376 4830 1594 4881 consideration.

394 4894 471 4961 Epp.
481 4898 546 4959 1657
557 4896 673 4955 introd.,
684 4899 758 4946 2226.
769 4899 831 4959 7611,
841 4911 916 4960 2379.
927 4910 967 4961 7²·
1053 4912 1095 4960 44.
1114 4897 1280 5014 {piraeum}
1315 4897 1445 4947 ublished
1459 4897 1595 4948 indetre-

431 4977 471 5026 14.
488 4961 567 5028 quod
578 4963 969 5027 deerat1'rhelast15flomi·
1019 4963 1097 5014 nomi
1140 4970 1230 5024 dau,
1246 4964 1283 5014 Al
1303 4979 1347 5024 ue,
1365 4963 1429 5016 Oct.
1441 4965 1496 5030 fia.
1514 4978 1594 5029 1499?

393 5030 461 5089 lieu
478 5044 526 5080 see
537 5029 592 5095 Ep.
605 5034 680 5082 2226.
693 5033 756 5094 7611.
1020 5045 1067 5081 see
1078 5030 1132 5097 Ep.
1147 5030 1204 5082 118.
1217 5044 1279 5095 2311.
