4042 5900
288 609 351 670 424
614 605 813 669 LETTERS
834 605 890 669 OF
909 604 1129 671 ERASMUS
1422 611 1483 689 [1532

289 766 467 846 discipulus
500 765 606 843 Pauli)
635 767 779 846 ca<pite>
813 765 931 827 vltimo
962 765 1217 829 Ecclesiastico
1256 767 1427 842 lei-archis,
1451 770 1486 830 rli

289 869 413 911 morem
427 856 628 911 comemorat
638 869 704 928 quo
715 851 749 910 in
761 850 930 929 primitiua
938 849 1092 911 Ecclesia
1101 870 1171 929 pro
1182 853 1343 914 mortuis
1356 853 1487 924 orabatur,

289 934 458 1011 inquiens:
482 933 665 993 ‘Accedens
687 933 804 994 deinde
824 931 1030 994 venerandus
1051 936 1215 996 antistes
1235 956 1377 1015 precem
1396 956 1488 997 mnan

289 1035 387 1095 super
395 1022 563 1077 mortuum
571 1017 699 1095 peragit
709 1016 727 1078 ’.
771 1017 815 1077 Et
825 1016 954 1077 subdit:
971 1016 1163 1079 ‘Precatur
1172 1021 1299 1081 oratio
1309 1020 1489 1081 illadiuimn

228 1120 276 1158 120
289 1099 507 1171 clemenciam,
533 1106 570 1160 vt
591 1106 712 1161 cuncta
735 1099 884 1161 dimittat
904 1119 963 1179 per
983 1098 1237 1163 infirmitatem
1261 1103 1442 1165 humanam
1454 1103 1490 1163 sd·

289 1184 388 1244 missa
402 1189 537 1263 peccata
548 1182 704 1244 defuncto
715 1202 854 1262 eumque
866 1184 900 1243 in
915 1183 986 1244 luce
997 1188 1136 1244 statuat
1146 1190 1189 1246 et
1202 1188 1351 1265 regione
1362 1189 1491 1257 riuorm

289 1267 323 1327 in
346 1266 470 1327 sinibus
487 1266 629 1339 Abrahe,
648 1266 741 1327 isaac
760 1272 796 1327 et
815 1265 925 1341 Iacob,
945 1268 980 1327 in
1000 1266 1083 1340 loco,
1109 1268 1174 1329 vbi
1199 1270 1398 1351 auffu<g>it
1417 1270 1493 1343 duc,

289 1350 428 1410 tristicia
442 1356 477 1409 et
491 1350 631 1430 gemitus
642 1350 660 1411 '.

331 1433 403 1494 Ista
417 1435 587 1513 perspicua
602 1440 681 1494 sunt
695 1432 883 1494 beatissima
897 1439 1085 1494 sanctorum
1103 1438 1285 1513 praemia,
1298 1438 1418 1518 procul
1430 1438 1495 1499 cun

228 1536 276 1586 125
289 1516 399 1577 dubi0.
443 1516 506 1578 Sed
515 1518 671 1595 quoniam
680 1515 779 1577 incidi
789 1535 893 1596 nuper
904 1518 938 1576 in
949 1517 1143 1578 concionem
1156 1522 1317 1583 terciam
1329 1522 1496 1585 Crisoawm

290 1600 331 1660 de
346 1599 470 1661 Lazaro
485 1602 614 1661 nouiter
629 1600 828 1673 traductam,
843 1619 928 1679 quae
947 1619 1063 1679 parum
1079 1601 1214 1663 tribuit
1237 1604 1415 1685 suffragiis
1434 1624 1495 1685 quse

290 1683 375 1743 fiunt
389 1703 448 1762 pro
462 1683 646 1755 deffunctis,
661 1690 696 1744 et
715 1684 749 1744 in
767 1682 911 1744 omiliam
931 1699 1044 1744 xxxrx
1060 1703 1101 1743 ex
1124 1688 1294 1766 ca<pite>
1317 1690 1425 1752 Math
1442 1704 1496 1759 vm,

291 1766 347 1827 vbi
361 1768 504 1828 animam
519 1787 540 1827 a
554 1786 686 1847 corpore
701 1766 843 1827 solutam
853 1767 934 1828 dicit
945 1785 1010 1827 non
1021 1786 1116 1846 posse
1127 1767 1186 1832 hic
1196 1772 1304 1850 apud
1317 1793 1382 1835 nos
1391 1791 1496 1842 otram

289 1851 381 1910 cuius
395 1851 594 1911 contrarium
609 1849 767 1922 videmus,
783 1856 822 1910 vt
835 1850 949 1910 docuit
963 1849 1044 1928 Mgr.
1059 1849 1219 1913 Ioachim
1237 1874 1339 1918 anno
1353 1857 1497 1937 supenon

229 1953 277 2002 130
291 1933 446 1995 Thoronii
467 1934 654 1994 deffunctus
675 1933 852 1994 molestans
873 1933 1070 2013 presbiteros
1091 1934 1198 1996 simul
1222 1937 1441 2013 habitantes,
1456 1938 1498 2018 qn'

290 2023 366 2096 post
380 2016 488 2078 multa
501 2016 674 2077 adiuratus
688 2017 774 2077 dixit
792 2016 972 2078 sacerdoti:
996 2016 1098 2096 bogas
1109 2018 1300 2097 psalmum
1312 2040 1415 2097 mn,
1428 2042 1497 2102 repe

290 2101 352 2162 ries
368 2100 424 2161 vbi
438 2102 509 2174 sim,
524 2099 688 2178 quomodo
702 2099 850 2172 habeam,
865 2100 944 2178 quid
959 2105 1080 2180 optem.
1123 2099 1198 2163 Gur
1212 2124 1294 2167 non
1315 2107 1499 2169 distribuite

291 2183 391 2244 libros
417 2203 472 2263 per
501 2203 552 2244 me
581 2183 729 2262 legatos?
772 2183 833 2244 Ille
863 2183 1006 2245 Polonus
1027 2183 1122 2257 dixit,
1147 2184 1327 2252 dominus
1354 2191 1499 2252 Mathia:

290 2266 375 2340 Quid
390 2267 484 2328 nobis
498 2287 572 2327 cum
584 2268 650 2327 tuis
661 2266 773 2328 libris?
809 2267 875 2327 Eas
886 2267 927 2327 ed
940 2270 1217 2330 testamentarios
1229 2271 1436 2336 Alemancs.
1466 2273 1500 2334 At

229 2369 276 2420 135
290 2350 362 2411 ille:
385 2349 446 2411 Dic
461 2357 498 2411 tu
514 2352 560 2411 eis
574 2352 676 2411 eciam
692 2349 906 2428 Eze<chielis>
921 2349 975 2411 Ca.
991 2367 1099 2411 xmat
1123 2350 1219 2431 ‘Ipsi
1238 2355 1281 2415 in
1303 2359 1443 2420 iusticia
1454 2375 1501 2418 sus

290 2433 479 2494 liberabunt
493 2435 618 2494 animas
632 2453 708 2494 suas
718 2433 736 2493 ¹.
779 2432 861 2494 Cum
876 2439 988 2494 autem
1003 2433 1045 2493 ad
1061 2433 1216 2497 tribunal
1235 2437 1379 2503 Christi
1394 2441 1501 2503 veneri·

290 2536 373 2590 mus,
389 2536 447 2577 nec
467 2517 538 2590 Iob,
556 2536 615 2578 nec
635 2516 761 2581 Daniel.
777 2536 835 2577 nec
853 2516 923 2577 Noe
942 2535 1055 2596 rogare
1072 2527 1219 2596 possunt
1240 2541 1312 2600 pro
1333 2543 1502 2605 quoquam

291 2600 335 2662 Vt
357 2601 435 2661 haec
457 2602 672 2661 contrarietas
692 2600 874 2661 omiliarum
895 2600 1110 2679 vndecunque
1131 2610 1261 2665 exorta
1282 2613 1326 2668 et
1351 2608 1417 2671 hoc
1438 2608 1502 2669 Ere·

290 2683 402 2744 chielis
417 2684 543 2745 dictum
558 2683 695 2763 intelligi
710 2683 860 2756 debeant,
876 2682 956 2744 mihi
971 2683 1136 2745 declarare
1151 2693 1261 2748 nacto
1283 2692 1367 2753 ocio
1388 2698 1426 2753 et
1443 2698 1504 2753 tcto

228 2789 277 2839 14⁰
290 2767 361 2827 orbi
375 2786 441 2827 non
455 2773 618 2846 grauetur,
634 2768 725 2827 cuius
740 2767 984 2828 exactissimum
998 2766 1155 2828 iudicium
1170 2766 1240 2831 hac
1256 2776 1505 2851 praesertimin

290 2870 324 2911 re
345 2850 593 2929 plumacium,
616 2870 717 2929 quam
738 2852 884 2911 omnium
904 2869 987 2928 quos
1005 2851 1153 2911 nouerim
1175 2856 1404 2921 mortalium.
1448 2858 1505 2920 Nec

290 2933 370 2995 mibi
382 2934 516 2995 obiiciat
527 2933 609 2996 illud
621 2934 754 3007 Mathai,
766 2934 841 2996 Non
853 2933 1032 2995 mittendas
1043 2940 1119 2995 ante
1130 2953 1256 3013 porcos
1269 2942 1506 3023 margaritha,

290 3023 350 3078 aut
379 3017 461 3079 illud
484 3019 581 3079 Ezaie
603 3035 735 3090 xxxrx,
758 3018 815 3078 vbi
844 3018 999 3079 Ezechias
1028 3023 1283 3083 monstrauerat
1316 3025 1507 3107 alienigenis

290 3101 425 3162 diuicias
448 3121 533 3174 sues,
559 3121 642 3180 quas
668 3101 738 3162 Deo
764 3101 930 3163 tribuente
955 3101 1154 3181 possederat,
1178 3121 1244 3164 nec
1270 3106 1347 3168 fuit
1373 3111 1507 3172 verbum

228 3205 275 3256 14⁵
290 3186 379 3264 quod
393 3204 459 3245 non
474 3186 656 3246 ostenderit
674 3187 729 3245 eis.
774 3184 955 3245 Iustissime
975 3184 1179 3246 irascebatur
1195 3188 1229 3247 ei
1248 3187 1363 3265 Deus,
1381 3193 1506 3255 dicens:

290 3269 373 3329 Ecce
388 3269 456 3329 dies
471 3269 605 3329 venient
619 3275 681 3330 etc.
725 3267 756 3328 N
758 3288 811 3329 am
826 3274 861 3329 et
876 3267 985 3329 catelli
999 3268 1104 3329 edunt
1118 3268 1159 3329 de
1173 3271 1274 3332 micis
1289 3273 1507 3339 dominorum

290 3371 422 3412 suorum
447 3358 482 3412 et
508 3353 606 3412 sacris
628 3353 753 3412 iniciati
775 3371 840 3411 non
862 3358 940 3411 sunt
961 3352 1092 3412 arcendi
1113 3351 1156 3412 ab
1178 3353 1356 3431 archanis,
1383 3368 1426 3422 vt
1447 3363 1508 3422 sint

290 3437 399 3515 parati
414 3455 541 3515 semper
556 3436 599 3496 ad
614 3454 805 3515 responsum
820 3435 965 3495 dandum
980 3435 1115 3496 cuilibet
1129 3439 1262 3515 petenti
1283 3440 1329 3501 de
1353 3462 1419 3523 spe
1440 3464 1509 3506 cum

290 3519 540 3579 mansuetudine
555 3524 590 3580 et
604 3520 798 3581 reuerencia.
835 3518 924 3592 Vale,
940 3519 1051 3579 lumen
1066 3520 1256 3580 litterarum
1272 3523 1509 3603 splendidissi-

229 3619 277 3667 150
291 3621 391 3662 mum.

332 3685 359 3745 E
381 3683 547 3758 Cracouia,
570 3692 690 3763 quarta
711 3685 866 3746 februarii
887 3705 975 3746 anno
1000 3685 1188 3747 millessimo
1210 3689 1511 3769 quingentessimo

290 3769 469 3829 tricessimo
484 3768 635 3830 secundo.

624 3851 778 3913 Eiusdem
793 3852 833 3914 D.
850 3852 940 3913 Tuae

721 3936 860 3996 loannes
874 3936 1079 4009 Benedictus,
1096 3935 1194 4015 Regis
1210 3935 1382 4004 Poloniae

227 4060 275 4110 ,55
721 4018 917 4099 Sigismundi
931 4021 1029 4099 primi
1043 4019 1197 4100 physicus
1211 4019 1470 4092 deditissimus.

289 4206 311 4270 S
331 4125 464 4206 Optimo
478 4132 513 4187 et
528 4126 717 4188 doctissimo
728 4127 865 4189 Eresmo
880 4127 1049 4190 Desiderio
1064 4127 1317 4191 Rotherodamo
1330 4132 1511 4220 Theologo

313 4229 432 4271 ummo.

324 4337 380 4384 126.
398 4351 454 4400 que
466 4335 510 4385 cl:
529 4335 599 4401 q3u²
613 4336 664 4387 bia.
735 4350 791 4399 135.
810 4337 987 4387 suacdda&
1066 4340 1123 4402 136.
1141 4343 1172 4388 at
1184 4355 1208 4386 α.
1290 4352 1354 4404 ¹37·
1375 4356 1510 4409 possunt

288 4403 469 4518 semepgnaua:
488 4418 570 4467 posse
582 4422 606 4453 α.
711 4407 767 4469 146.
786 4404 890 4454 Ectsc.
988 4417 1079 4470 152—4.
1097 4404 1281 4455 Eiusdem...
1294 4407 1510 4466 deditissimus

325 4586 380 4631 126.
399 4583 512 4632 nouiter
545 4580 719 4641 traductam]
754 4581 813 4630 The
845 4596 861 4644 4
948 4593 1004 4643 130.
1022 4580 1168 4640 Thoronii]
1179 4580 1276 4630 Thom
1287 4580 1319 4631 in
1332 4583 1472 4641 Prumig

288 4652 417 4702 homilias
432 4651 465 4700 de
482 4650 586 4698 Lazaro
602 4663 675 4697 were
692 4663 795 4712 among
812 4648 862 4697 the
948 4659 1004 4710 135.
1024 4646 1274 4710 Ew<chielis>]14.
1290 4661 1341 4712 14³
1364 4666 1408 4717 14,
1423 4671 1472 4709 20,

289 4718 454 4784 portionsof
462 4717 644 4780 chrysostom
653 4714 811 4764 translated
824 4714 862 4778 by
948 4727 1004 4777 ¹4²·
1023 4713 1141 4774 Mathai]
1154 4728 1177 4776 7.
1190 4716 1215 4764 6.

289 4786 424 4835 Erasmus
436 4784 465 4833 in
481 4797 553 4847 1527,
564 4798 611 4833 see
625 4782 700 4846 Epp.
716 4782 789 4830 1800.
804 4795 860 4844 103,
947 4794 1003 4844 143.
1022 4780 1118 4842 Ensis]
1130 4795 1171 4842 39.
1183 4795 1208 4831 2.

289 4853 434 4914 2283.158.
947 4849 1037 4911 148-9.
1056 4849 1175 4911 parati.
1195 4885 1202 4897 .
1221 4884 1227 4896 .
1246 4853 1431 4917 reuerencia]
1457 4857 1504 4909 ef.

325 4933 381 4979 1²9·
399 4917 536 4978 Ioachim]
549 4917 607 4967 Not
618 4914 772 4966 identified.
913 4928 925 4964 1
938 4913 1001 4965 Pet.
1014 4929 1038 4977 3.
1053 4917 1143 4976 15-16.
