4042 5900
392 674 489 751 2400]
715 668 772 734 ro
793 669 1279 734 somscssnsamcn
1550 674 1589 734 τι

390 836 472 910 gent
489 832 548 910 qui
564 830 658 892 illum
678 831 862 905 audierunt,
881 838 942 892 aut
962 830 1051 891 illius
1072 831 1222 911 legerunt
1242 830 1380 904 litteras,
1400 837 1528 910 quenta
1548 832 1593 893 sit
1605 845 1638 899 35

390 915 534 976 hominis
548 916 688 976 vanites.
732 914 821 975 Beue
835 914 919 976 vale.

434 998 594 1077 Friburgi.
610 997 698 1058 Prid.
714 998 823 1077 vigilie
837 996 977 1059 Simonis
990 1005 1025 1060 et
1040 997 1152 1060 Iudae.

435 1104 592 1168 Ornatiss.
609 1105 650 1167 D.
666 1105 836 1168 Bonilacio
850 1106 1077 1169 Amerbachio.
1114 1106 1272 1168 Basileee.

708 1331 808 1394 2401.
856 1327 962 1393 Fron
978 1326 1123 1393 Ucrucn
1138 1326 1279 1393 Zssrcs.

431 1455 835 1527 BrsslsuhlS.Rehd.254.
852 1459 914 1511 166.
1330 1455 1489 1527 Freiburg.

430 1532 496 1587 LB.
510 1532 592 1603 App.
607 1535 671 1601 360.
1270 1534 1307 1586 26
1320 1530 1454 1587 October
1469 1547 1551 1602 1530.

424 1651 483 1713 [An
494 1650 611 1716 original
622 1649 716 1709 letter,
728 1650 889 1716 autogreph
897 1650 1083 1715 throughout.
1109 1650 1140 1701 It
1146 1650 1240 1701 would
1250 1665 1326 1701 seem
1337 1651 1404 1702 thet
1414 1651 1592 1717 Eppendorti

390 1733 450 1769 was
460 1718 544 1783 egain
556 1718 737 1782 threatening
748 1718 884 1768 Erasmus
895 1717 965 1768 with
977 1732 1015 1767 an
1026 1718 1122 1767 action
1134 1718 1178 1767 ior
1186 1717 1382 1780 delemation.]

434 1823 465 1886 S.
483 1824 523 1886 D.
561 1824 637 1886 Non
652 1844 784 1905 possum
799 1844 866 1886 non
881 1824 1094 1886 vehementer
1113 1824 1232 1897 dolere,
1251 1844 1368 1887 masne
1387 1824 1531 1899 Erasme,
1546 1825 1589 1887 ab

391 1908 580 1969 hominibus
593 1908 713 1970 modici
727 1909 868 1969 nominis
882 1914 917 1969 te
938 1915 1074 1969 eatenus
1093 1908 1236 1968 exerceri
1250 1914 1289 1968 vt
1304 1909 1347 1969 ed
1361 1908 1499 1970 arbitria
1517 1909 1588 1970 des·

390 1991 596 2052 condendum
611 1993 790 2071 putaueris.
828 1991 1002 2071 Numquis
1020 2010 1159 2052 eosnon
1176 1998 1347 2053 execretur
1364 1993 1421 2071 qui
1440 2011 1589 2054 serenam

391 2075 669 2154 tranquillitatem
685 2082 778 2136 tuam
793 2075 962 2136 turbaturi
981 2094 1048 2135 non
1068 2082 1138 2136 tam
1158 2076 1327 2154 negocium
1349 2074 1507 2137 facessere
1527 2076 1590 2137 tibi

390 2159 529 2238 cupiant
556 2178 656 2238 quam
686 2164 859 2219 concutere
888 2164 1037 2238 pergent,
1064 2160 1121 2236 qui
1150 2177 1262 2237 pacem
1292 2177 1392 2231 amas,
1422 2160 1480 2237 qui
1507 2158 1618 2239 nulli5

391 2243 526 2303 omnino
547 2261 661 2303 ansam
684 2242 881 2303 molestandi
903 2243 962 2314 tui,
985 2261 1026 2301 ne
1048 2242 1182 2321 prebere
1203 2241 1345 2320 quidem,
1366 2242 1489 2303 nedum
1511 2242 1589 2303 dere

391 2324 497 2386 velis?
528 2325 649 2386 Verum
664 2326 867 2403 iniquissima
876 2326 940 2386 iste
949 2331 1100 2404 tempore
1111 2326 1159 2386 ita
1170 2324 1295 2386 hebent
1309 2332 1348 2385 vt
1362 2344 1429 2404 quo
1443 2326 1487 2386 sit
1501 2327 1587 2404 quis·

389 2428 456 2487 que
474 2409 653 2489 improbior
672 2428 711 2470 eo
731 2409 894 2469 excultius
912 2409 945 2467 in
965 2409 1115 2486 nequicia
1133 2427 1193 2469 sue
1212 2408 1375 2481 foueatur,
1398 2409 1461 2469 viri
1477 2416 1589 2471 eutem

390 2492 469 2552 boni
482 2511 502 2553 c
515 2493 644 2571 regione
663 2492 738 2571 plus
756 2499 949 2572 prementur
965 2498 1000 2553 et
1022 2498 1193 2565 vexentur,
1209 2491 1367 2571 illotoque
1388 2491 1589 2553 nebulonum

388 2593 445 2636 ore
459 2582 728 2655 conspurcentur.
1605 2608 1637 2645 10

434 2658 618 2720 Arbitrium
633 2678 699 2738 quo
713 2666 748 2720 te
763 2658 805 2720 sb
821 2659 961 2719 hominis
980 2658 1119 2737 inquieti
1137 2659 1315 2719 vexacione
1336 2658 1493 2720 redimere
1512 2677 1587 2719 con·

388 2742 529 2803 tendisti
556 2761 622 2803 non
652 2742 758 2803 solum
792 2741 905 2821 probo,
941 2741 998 2802 sed
1029 2742 1132 2801 eciam
1169 2760 1268 2821 quem
1303 2743 1445 2803 maxime
1478 2741 1587 2804 laude.

389 2823 559 2903 Siquidem
578 2831 614 2886 et
631 2826 791 2905 leianus
809 2832 921 2886 noster
936 2824 1155 2885 verecundam
1170 2826 1240 2885 eius
1254 2826 1487 2904 cogitationem
1501 2844 1587 2887 com·

390 2908 529 2971 meudst
554 2910 611 2989 qui
636 2909 712 2971 lites
729 2915 911 2983 execratur,
935 2914 970 2970 et
995 2910 1053 2988 qui
1078 2907 1207 2988 peculio
1231 2915 1266 2971 st
1291 2908 1453 2972 mercibus
1477 2910 1589 2990 potius

389 3012 502 3055 carere
517 3000 654 3073 paratus
676 2995 720 3054 sit
742 3013 842 3072 quam
861 2993 937 3054 lites
956 2993 991 3053 in
1013 3013 1047 3053 se
1065 2993 1238 3072 suscipere.
1282 2991 1345 3054 Sed
1364 2994 1509 3054 viderint
1528 2995 1633 3074 im-15

389 3077 497 3157 probi,
522 3078 579 3155 qui
604 3076 748 3137 illustres
772 3078 869 3148 viros,
894 3095 1035 3155 quorum
1059 3078 1095 3136 in
1119 3096 1257 3137 numero
1280 3078 1405 3156 primus
1429 3095 1472 3151 es,
1497 3076 1588 3137 nulla

388 3162 481 3221 iusta
494 3179 594 3221 causa
612 3160 801 3221 obturbent.
846 3160 898 3221 Tu
915 3180 1003 3233 vero,
1026 3179 1144 3239 magne
1166 3160 1310 3232 Erasme‚
1334 3180 1392 3221 cur
1414 3166 1588 3240 tantopere

388 3245 571 3324 ignomines
586 3245 666 3304 istos
682 3242 736 3304 vel
756 3263 860 3316 cures,
877 3242 930 3304 vel
951 3245 1095 3305 vereris?
1138 3243 1300 3323 Equidem
1320 3244 1347 3304 si
1368 3245 1402 3304 in
1423 3263 1476 3304 me
1497 3245 1587 3305 inue-

389 3327 547 3388 herentur
571 3328 629 3406 qui
658 3327 721 3388 tibi
749 3327 835 3388 male
865 3329 1012 3407 cupiunt,
1043 3333 1180 3388 eatenus
1206 3334 1450 3388 contemnerem
1479 3334 1519 3388 vt
1546 3346 1588 3389 ne

388 3409 536 3490 alloquio
561 3410 703 3489 quidem,
726 3410 848 3471 nedum
869 3410 922 3471 vel
945 3409 1058 3471 limine
1084 3409 1137 3471 vel
1160 3409 1306 3488 hospicio
1331 3410 1492 3489 dignarer.
1536 3410 1588 3471 Tu
1600 3443 1634 3480 20

387 3499 487 3555 extre
511 3493 618 3554 aleam
642 3495 771 3573 positus
796 3514 830 3554 es
853 3501 889 3555 et
917 3494 986 3554 eius
1009 3494 1121 3554 iudicii
1144 3493 1303 3573 praeclari
1324 3499 1363 3553 vt
1384 3494 1440 3572 qui
1468 3513 1587 3555 nomen

388 3585 487 3638 tuum
512 3583 680 3639 attentare
705 3577 787 3638 velit
811 3597 889 3638 mox
915 3578 1062 3638 omnium
1087 3577 1290 3638 eruditorum
1313 3596 1472 3638 consensu
1494 3577 1588 3639 velut

391 3660 589 3741 praeiudicio
608 3662 651 3722 sit
666 3660 881 3740 repellendus.
922 3661 1040 3739 lteque
1055 3660 1250 3733 consoletur,
1265 3661 1437 3733 instauret,
1453 3660 1587 3734 reficiat,

388 3745 561 3817 sustineat,
587 3743 745 3805 adcordet
770 3750 830 3805 tua
855 3751 889 3805 te
915 3746 1032 3816 virtus,
1059 3744 1210 3804 doctrina
1234 3745 1394 3824 princeps,
1415 3745 1588 3824 integritus

389 3829 554 3900 innocens,
570 3846 630 3888 neo
645 3828 808 3889 festucam
823 3847 916 3888 cures
931 3827 1133 3888 nebulonum
1148 3826 1328 3888 mendacia.
1600 3858 1633 3909 25

432 3910 534 3973 Plura
548 3930 621 3972 eam
636 3911 671 3971 in
686 3930 755 3971 rem
771 3910 954 3984 scriberem,
970 3911 1027 3990 qui
1041 3917 1075 3971 te
1090 3917 1129 3971 vt
1143 3929 1264 3971 numen
1279 3929 1424 3983 veneror,
1440 3910 1496 3971 sed
1511 3910 1588 3972 nolo

389 4000 424 4055 te
446 3995 528 4055 meis
548 3995 689 4074 fatigare
712 3994 839 4055 diutius
861 3995 1001 4073 ineptiis.
1046 3993 1135 4068 Vale,
1158 3994 1269 4073 etqui
1291 3993 1354 4054 tibi
1375 3995 1530 4068 minetur,
1554 4013 1588 4055 se

389 4079 597 4139 inuenturum
626 4077 802 4139 formulam
834 4079 1037 4150 iniuriarum,
1067 4095 1108 4137 ne
1139 4078 1229 4150 time,
1259 4079 1381 4150 veniat,
1410 4079 1438 4138 si
1469 4077 1586 4139 saltem

389 4162 502 4222 venire
527 4161 624 4234 ausit,
653 4168 688 4223 ct
714 4161 844 4222 Zasium
870 4162 1058 4240 experietur
1082 4160 1283 4222 aduocatum
1308 4168 1404 4222 tuum
1430 4162 1464 4222 in
1493 4180 1588 4222 suam

388 4246 577 4324 perniciem.
621 4244 771 4324 Friburgi
786 4264 830 4318 es,
846 4264 912 4305 non
927 4244 1084 4316 Besileee,
1100 4243 1162 4304 sub
1179 4245 1325 4324 principe
1339 4263 1374 4304 es
1389 4246 1586 4305 iustissimo:
1601 4277 1634 4328 30

389 4336 509 4391 csucat
523 4328 730 4389 aduersarius
745 4335 877 4389 tuusne
893 4328 998 4389 hiscat
1013 4327 1154 4404 quidem.
1198 4328 1314 4388 Denuo
1329 4327 1412 4401 vale,
1428 4335 1463 4390 et
1479 4326 1520 4388 de
1535 4346 1588 4388 me

389 4418 429 4473 vt
450 4430 553 4473 verna
575 4419 635 4473 tuo
656 4413 801 4473 omnium
828 4411 1122 4490 obsequentissime
1140 4410 1202 4471 tibi
1227 4410 1407 4490 pollicetcr.
1451 4410 1586 4472 Contro-

389 4498 533 4558 uersism
546 4496 726 4556 aduersarii
740 4514 910 4574 nunquam
924 4513 966 4556 ne
981 4494 1083 4555 verbo
1097 4494 1229 4573 quidem
1244 4496 1332 4569 noui,
1348 4514 1407 4575 ego
1421 4494 1502 4556 alius
1516 4499 1586 4555 tam

388 4579 447 4641 diu
461 4598 529 4640 non
542 4580 726 4641 tacuissem.

431 4663 484 4724 Ex
498 4662 615 4724 edibus
631 4663 711 4723 meis
725 4677 744 4740 7
760 4662 811 4723 kls
826 4661 1015 4723 nouembris
1030 4661 1127 4723 Anno
1142 4669 1204 4724 etc.
1220 4678 1304 4724 xxx.
1600 4694 1633 4746 ³⁵

1136 4746 1228 4807 Tuus
1242 4766 1283 4807 ex
1297 4746 1407 4807 animo
1422 4745 1544 4806 Zasius.

432 4854 553 4934 Magno
584 4855 722 4916 Erasmo
755 4854 1003 4917 Rhoterodsmo
1039 4859 1179 4934 petrono
1211 4861 1246 4915 et
1278 4854 1482 4934 praeceptori
1513 4871 1587 4916 meo

386 4939 597 5002 obserastiss.
