4042 5900
437 591 499 655 aas
763 588 961 653 sarisas
983 588 1265 656 orassemus
1570 598 1641 676 [ιφ

436 751 679 813 oblectamenta
700 748 783 812 nihil
808 749 982 812 iucundius
1007 749 1119 813 liberis
1141 751 1203 832 piis
1224 771 1264 815 so
1285 752 1535 817 fortuitarum
1557 774 1644 818 rarum

436 836 639 897 successione
661 833 776 914 dignis.
820 834 882 896 Per
906 833 966 896 hos
989 835 1078 896 enim
1100 840 1255 915 parentes
1277 855 1393 916 quum
1417 838 1472 901 ad
1496 845 1645 902 unacum

436 920 596 992 venerint,
612 917 872 991 reiuuenescunt,
888 936 990 997 quum
1010 918 1116 980 instat
1129 918 1199 980 dies
1213 918 1270 981 ille
1283 920 1422 996 fatalis,
1441 941 1541 1003 equo
1554 923 1646 985 anino

435 1001 608 1082 decedunt,
619 1007 720 1079 atque
735 1001 770 1062 in
784 1001 834 1061 his
849 1001 973 1062 mortui
986 1019 1117 1080 quoque
1127 1002 1257 1066 viuunt.
1300 1002 1425 1077 Queso
1438 1011 1492 1080 te,
1505 1026 1550 1069 ne
1560 1007 1646 1087 susp}

389 1111 422 1164 35
436 1086 518 1147 ceris
539 1104 591 1147 me
612 1085 787 1164 quicquam
810 1082 889 1145 dare
911 1084 979 1145 tuis
1000 1084 1155 1158 auribus;
1177 1091 1264 1148 teste
1284 1084 1445 1163 christo,
1471 1088 1648 1170 loquerer

435 1170 554 1231 animo.
594 1166 680 1229 Sunt
694 1173 729 1229 et
743 1169 809 1229 ista
822 1166 910 1228 dona
925 1167 1056 1247 benigni
1072 1169 1226 1243 numinis,
1241 1188 1326 1249 quae
1348 1190 1426 1234 non
1445 1172 1525 1235 alia
1539 1175 1648 1235 tutiore

434 1251 585 1313 custodia
599 1252 723 1313 seruari
737 1257 886 1331 possunt,
901 1268 1001 1329 quam
1021 1251 1049 1312 si
1066 1258 1258 1331 reputantes
1276 1252 1360 1315 haec
1377 1274 1401 1316 a
1415 1257 1584 1335 gratuita
1600 1255 1649 1318 Dei

434 1334 659 1397 munificentia
673 1332 841 1415 proficisci.
866 1332 938 1407 Quo
953 1335 1058 1396 maior
1071 1341 1122 1396 est
1136 1334 1225 1396 illius
1239 1336 1273 1397 in
1288 1355 1350 1398 nos
1367 1337 1586 1414 liberalitas,
1599 1340 1649 1402 buc

434 1418 562 1497 longius
571 1423 702 1479 nosmet
710 1417 753 1479 ab
762 1415 938 1479 insolentia
947 1436 1173 1479 semoucamus
1181 1420 1347 1481 etarotius
1357 1422 1461 1484 intra
1469 1423 1649 1485 modestiae

388 1529 422 1579 40
434 1501 596 1563 cancellos
610 1502 845 1574 contineamus,
860 1519 901 1561 ne
916 1500 1029 1562 diuina
1046 1500 1193 1563 Nemesis
1212 1501 1301 1581 quod
1320 1503 1421 1566 dedit
1441 1506 1649 1570 immerenti·

434 1585 506 1658 bus,
521 1586 651 1647 auferat
665 1584 707 1646 ab
722 1584 949 1646 insolentibus.

476 1668 715 1748 Saepenumero
739 1686 812 1728 sum
837 1666 1021 1729 admiratus
1046 1666 1149 1728 filium
1175 1674 1271 1730 tuum
1295 1668 1358 1730 bae
1383 1672 1565 1747 aetatula,
1590 1692 1650 1754 qus

434 1751 579 1831 plerique
604 1753 661 1812 vix
685 1750 837 1830 expedite
861 1750 985 1829 legunt,
1012 1756 1146 1811 tantum
1175 1752 1209 1812 in
1238 1751 1358 1814 litteris
1389 1758 1649 1836 opereprecinm

433 1835 556 1897 iecisse.
599 1833 701 1896 Crede
722 1834 812 1907 mihi,
835 1834 912 1895 talis
933 1834 1060 1895 indoles
1081 1834 1163 1896 nihil
1185 1835 1318 1914 vulgare
1339 1855 1450 1916 neque
1481 1840 1649 1902 mediocre

387 1955 420 2006 45
434 1918 475 1979 de
489 1938 523 1979 se
537 1917 719 1998 pollicetur,
734 1918 900 1996 ingenium
915 1936 1078 1998 praesens,
1094 1918 1200 1992 velox,
1215 1918 1401 1993 tractabile,
1418 1921 1540 1984 docile
1557 1930 1594 1984 et
1609 1922 1649 1985 sd

434 2002 565 2081 quiduis
591 2000 708 2062 habile.
752 1999 838 2062 Sunt
862 2002 949 2062 enim
975 2020 1058 2080 quos
1087 2001 1207 2062 litteris
1235 2008 1333 2063 natos
1360 2002 1467 2066 dicas.
1520 2004 1590 2069 Sed
1617 2008 1649 2068 iu

434 2085 625 2164 vulgaribus
651 2084 738 2145 hisce
763 2085 903 2163 negociis
929 2084 1010 2145 nihil
1032 2086 1184 2164 ineptius,
1208 2104 1249 2148 ne
1271 2086 1306 2146 in
1329 2086 1486 2149 moribus
1511 2090 1648 2168 quidem

433 2170 527 2249 pueri
551 2168 726 2247 quicquam
755 2166 953 2248 deprehendi
981 2167 1106 2247 puerile
1133 2173 1194 2229 aut
1222 2169 1381 2249 ineptum.
1427 2168 1648 2244 Quibusdam

433 2251 627 2313 immodicus
652 2250 759 2331 pudor
783 2259 952 2329 stuporem
976 2251 1140 2325 conciliat,
1166 2250 1248 2313 alios
1272 2252 1413 2313 audacia
1436 2253 1531 2317 iacit
1556 2256 1647 2319 inde

388 2376 421 2426 50
434 2342 545 2397 center
558 2334 732 2397 effrontes:
755 2339 834 2394 tuus
848 2333 1054 2395 alacritatem
1069 2333 1171 2396 habet
1185 2335 1274 2395 ciuili
1287 2334 1433 2414 quadam
1449 2342 1648 2403 reuerentia

433 2424 661 2498 temperatam.
705 2416 836 2490 Verum,
861 2417 1138 2496 quemadmodum
1166 2424 1206 2479 vt
1234 2418 1311 2479 talis
1339 2418 1402 2480 tibi
1431 2430 1646 2498 nasceretur,

433 2508 544 2563 totum
555 2508 607 2563 est
615 2501 785 2563 felicitatis
796 2520 835 2562 ac
846 2501 950 2561 diuini
960 2502 1113 2574 muneris,
1125 2503 1174 2562 ita
1184 2520 1250 2563 non
1261 2502 1396 2563 minima
1406 2501 1484 2564 laus
1497 2504 1647 2569 debetur

434 2585 591 2664 singulari
609 2584 805 2665 prudenciae
825 2589 912 2656 tuae,
932 2584 1021 2662 quod
1040 2584 1215 2663 puerulum
1232 2590 1329 2646 tuum
1343 2605 1364 2646 a
1379 2587 1507 2649 teneris
1523 2592 1646 2653 statim

434 2667 616 2747 vnguiculis
630 2687 733 2746 quum
748 2667 986 2728 honestissimis
1002 2666 1192 2747 disciplinis,
1207 2673 1281 2729 tum
1299 2669 1523 2732 sanctissimis
1545 2676 1644 2735 mori-

388 2793 420 2843 ⁵5
434 2752 504 2825 bus,
512 2751 634 2814 adhaec
644 2752 745 2813 etiam
752 2750 888 2830 Vlyssea
897 2750 1040 2829 quadam
1048 2751 1225 2830 viuidaque
1234 2751 1411 2831 prudentia
1418 2751 1645 2819 formandum

433 2843 468 2897 et
489 2835 648 2896 aduersus
670 2854 782 2895 omnes
803 2834 957 2895 fortunae
979 2853 1074 2894 casus
1095 2835 1291 2896 armandum
1314 2836 1449 2897 curaris.
1496 2838 1645 2902 Frustra

434 2918 547 2980 Thetis
576 2917 736 2980 Achillem
765 2917 927 2979 infantem
958 2935 1054 2978 suum
1085 2917 1188 2980 tinxit
1218 2919 1252 2980 in
1283 2916 1432 2999 Stygiam
1466 2920 1643 3000 paludem

433 3002 535 3064 Nulla
556 3022 606 3064 res
628 3002 786 3063 aduersus
808 3002 919 3062 omnia
939 3000 1092 3062 fortunae
1111 3001 1179 3062 tela
1199 3002 1316 3063 melius
1335 3007 1445 3063 armat
1465 3004 1643 3070 hominem

433 3106 532 3165 quam
543 3084 760 3165 philosophia,
770 3086 942 3164 presertim
952 3103 990 3145 ea
998 3104 1083 3163 quae
1092 3085 1189 3147 rebus
1198 3085 1407 3164 explorandis
1416 3088 1643 3171 cominusque

386 3202 420 3250 ⁶0
433 3169 634 3231 noscitandis
649 3168 821 3247 colligitur.

475 3252 741 3332 Quotusquisque
760 3257 935 3331 parentum
955 3257 1015 3323 est,
1030 3252 1087 3329 qui
1104 3251 1165 3313 hoc
1183 3253 1303 3313 aetatis
1317 3251 1400 3313 filios
1415 3255 1593 3318 sustineat
1608 3259 1643 3320 in

433 3336 627 3415 longinquas
647 3336 794 3414 regiones
811 3355 831 3395 a
848 3354 882 3395 se
902 3334 1052 3407 distrahi,
1068 3354 1105 3394 ac
1120 3354 1187 3395 non
1205 3336 1316 3414 potius
1332 3336 1418 3396 intra
1437 3339 1643 3417 complexus

433 3420 531 3498 inque
546 3422 621 3480 sinu
634 3420 747 3481 foueat
762 3437 800 3480 ao
815 3417 963 3479 detineat
977 3419 1214 3498 propemodum
1229 3418 1389 3497 usquead
1406 3418 1640 3498 pubertatem.

433 3503 484 3565 Tu
500 3523 577 3565 vero
594 3502 728 3582 perinde
748 3503 843 3581 quasi
861 3502 953 3563 illum
974 3521 1041 3563 non
1060 3502 1131 3575 tibi,
1150 3502 1209 3563 sed
1227 3502 1423 3581 reipublicae
1445 3505 1641 3582 sustuleris,

386 3619 419 3678 65
433 3588 548 3648 statim
568 3586 618 3647 his
637 3585 765 3647 artibus
784 3585 996 3645 imbuendum
1017 3605 1121 3657 curas,
1141 3585 1261 3664 quibus
1282 3591 1317 3647 et
1338 3585 1451 3646 amicis
1472 3593 1511 3647 et
1533 3607 1642 3670 regno

433 3676 505 3731 tum
526 3675 727 3742 ornamento,
746 3675 819 3730 tum
838 3669 912 3729 vsui
931 3688 1000 3730 esse
1023 3669 1136 3748 possit,
1155 3689 1214 3731 nec
1236 3669 1397 3748 optimam
1414 3671 1539 3732 aetatis
1559 3692 1641 3752 par·

432 3759 501 3814 tem
522 3773 637 3832 passus
651 3773 686 3814 es
701 3753 788 3813 inter
809 3757 953 3812 matrum
969 3752 1081 3813 oscula
1095 3759 1129 3813 et
1147 3753 1315 3813 nutricum
1332 3752 1514 3814 blanditias
1536 3754 1641 3832 elabi,

433 3854 639 3915 nequaquam
670 3837 802 3914 ignarus
831 3854 891 3896 nos
919 3835 1001 3896 nihil
1030 3854 1135 3914 neque
1163 3835 1283 3897 rectius
1312 3835 1494 3914 intelligere
1524 3856 1641 3918 neque

432 3921 580 3981 tenacius
599 3920 792 3992 meminisse,
812 3938 911 3997 quam
932 3938 995 3997 que
1014 3920 1129 3998 primis
1148 3919 1212 3979 illis
1230 3920 1325 3979 annis
1343 3918 1496 3980 mollibus
1514 3922 1640 3985 eciam·

386 4048 419 4097 7⁰
432 4023 521 4075 num,
537 4009 571 4064 et
587 4006 637 4080 (vt
651 4003 772 4064 Fabius
787 4002 847 4079 ait)
863 4003 897 4062 in
912 4021 1041 4063 omnem
1058 4003 1208 4063 habitum
1223 4003 1416 4082 sequacibus
1428 4001 1640 4070 imbibimus.

432 4086 519 4148 Nam
533 4106 596 4164 que
610 4085 749 4165 grandes
764 4085 928 4158 discimus,
943 4085 1012 4146 fere
1026 4086 1119 4165 quasi
1133 4106 1191 4166 per
1205 4086 1370 4159 nebulam,
1385 4091 1425 4145 vt
1439 4085 1487 4146 ita
1500 4085 1639 4166 loquar,

432 4170 542 4231 animo
553 4170 725 4242 cernimus,
738 4189 797 4230 nec
809 4169 905 4229 aliter
919 4188 1019 4247 quam
1031 4171 1063 4229 in
1080 4170 1202 4230 somnis
1217 4170 1288 4230 visa
1299 4169 1518 4231 recordamur.
1559 4171 1639 4235 Iam

431 4259 466 4315 et
480 4253 561 4314 illud
577 4252 750 4332 singularis
772 4258 823 4313 est
837 4252 1042 4332 prudenciae,
1058 4253 1146 4331 quod
1167 4253 1267 4314 vdam
1282 4272 1319 4313 ac
1334 4252 1461 4313 felicem
1478 4253 1639 4332 argillam

431 4338 558 4416 egregio
573 4336 688 4415 plaste,
703 4334 792 4414 quod
803 4335 944 4395 fundum
954 4336 1072 4415 optimi
1085 4336 1146 4398 soli
1157 4336 1354 4415 peritissimo
1365 4335 1481 4396 colono
1495 4340 1638 4400 commi·

385 4462 418 4514 75
431 4421 520 4482 seris.
564 4418 650 4493 Quid
664 4420 751 4480 enim
762 4418 863 4480 refert
874 4418 956 4480 bene
966 4420 1067 4490 nasci,
1080 4420 1108 4479 si
1119 4419 1203 4480 desit
1215 4425 1306 4480 recta
1316 4420 1507 4480 institutio?
1540 4420 1638 4486 Tuae

431 4503 538 4564 laudis
547 4509 607 4577 est,
615 4501 703 4582 quod
713 4502 989 4580 talemquesieris:
1005 4502 1267 4581 felicitatisquod
1277 4503 1448 4564 inueneris.
1472 4502 1547 4563 Hoc
1557 4511 1637 4568 tan.

432 4593 505 4648 tum
519 4585 644 4647 bonum
658 4585 807 4647 videmus
822 4585 989 4645 interdum
1004 4587 1139 4646 summis
1154 4586 1340 4646 monarchis
1354 4605 1421 4646 non
1436 4584 1623 4666 obtingere.

473 4670 600 4731 Iterum
617 4669 698 4730 mihi
714 4668 878 4748 rogandus
894 4688 939 4741 es,
954 4669 1006 4729 vir
1023 4668 1177 4747 preclare,
1193 4669 1314 4748 nequid
1334 4688 1385 4730 me
1405 4669 1494 4746 ioqui
1513 4672 1637 4735 credas

432 4752 475 4814 ad
495 4753 647 4832 gratiam,
667 4758 727 4814 aut
747 4751 934 4813 huiusmodi
954 4751 1051 4813 dictis
1073 4759 1228 4831 paternas
1250 4771 1345 4812 aures
1367 4751 1508 4814 scabere.
1553 4753 1637 4819 Non

465 4901 506 4951 31.
524 4902 619 4938 rerum
641 4903 693 4940 orn.
716 4905 743 4950 y.
845 4888 887 4948 56.
905 4892 936 4936 et
959 4903 1009 4950 αγε
1032 4901 1086 4937 om.
1102 4885 1129 4949 β.
1230 4889 1273 4951 63.
1291 4887 1377 4953 inque
1394 4902 1427 4936 c:
1450 4885 1590 4954 intraque
1607 4910 1636 4956 y.

432 4968 473 5019 70.
492 4954 659 5021 sequacibus
671 4953 721 5020 qh:
739 4953 887 5020 sequacius
898 4971 925 5015 γ.
