4042 5900
519 616 580 679 292
845 614 1043 678 LETTERS
1064 614 1120 678 OF
1140 613 1346 677 ERASMUS
1625 617 1721 695 [1531

458 796 506 847 115
518 773 656 854 pulchra
685 773 854 834 occasione
882 772 925 834 ad
948 792 1001 835 ma
1030 771 1198 834 delaberis.
1241 772 1480 835 Annotationes
1508 792 1601 835 meas
1630 781 1720 854 ‘per-

519 858 649 918 curristi
670 856 779 917 verius
804 875 903 935 quam
927 856 1072 936 legisti’:
1098 857 1165 917 imo
1185 856 1293 935 legisti
1316 863 1351 917 et
1375 856 1517 935 relegisti
1542 858 1721 937 omniaque

518 946 648 1002 attente
662 940 819 1012 lustrasti,
832 940 936 1001 sicubi
949 946 1035 1001 esset
1049 939 1138 1018 quod
1148 945 1188 1000 tu
1202 957 1314 1018 possea
1328 958 1468 1019 carpere,
1483 940 1542 1001 sed
1556 946 1721 1038 tanquam

520 1025 682 1084 ‘monitor
704 1042 770 1083 non
798 1023 995 1102 reprensor’.
1040 1023 1131 1083 Haec
1157 1022 1268 1095 editio,
1291 1024 1348 1096 ais,
1372 1028 1497 1083 ‘scatet
1524 1024 1720 1104 prodigiosis

519 1107 644 1168 mendis
655 1107 672 1167 ’.
717 1105 812 1180 Quod
825 1107 936 1186 potius
949 1108 983 1167 in
997 1104 1135 1167 Aldinos
1149 1105 1304 1166 haeredes
1318 1106 1443 1178 recidit,
1458 1106 1516 1167 sed
1530 1107 1719 1169 condonan-

458 1214 506 1250 120
519 1190 597 1252 dum
620 1190 736 1251 saltem
758 1190 819 1251 hoc
840 1190 1002 1250 amicitiae
1024 1188 1133 1250 iuerat
1154 1208 1238 1267 quae
1259 1208 1334 1250 cum
1355 1189 1419 1249 illia
1437 1189 1517 1250 olim
1536 1190 1601 1251 tibi
1619 1191 1719 1252 inter·

518 1275 624 1334 cessit.
669 1274 757 1333 Dicis
779 1292 831 1334 me
848 1272 952 1334 videri
969 1274 1003 1332 in
1023 1272 1183 1351 quosdam
1202 1274 1296 1351 quasi
1313 1274 1444 1352 priuato
1458 1272 1581 1334 affectu
1596 1279 1720 1335 stoma·

518 1356 714 1428 chosiorem;
738 1357 831 1417 velut
851 1358 885 1416 in
900 1356 1067 1435 Lyranum
1089 1362 1124 1416 et
1143 1356 1332 1435 episcopum
1346 1356 1720 1435 Forosempronianum;

518 1441 754 1519 suspicerisque
782 1439 856 1500 ideo
881 1459 932 1500 me
957 1440 991 1500 in
1016 1440 1097 1501 istos
1120 1438 1242 1500 affectu
1267 1440 1399 1518 priuato
1422 1440 1593 1499 inuectum
1617 1439 1721 1501 fuisse

517 1523 607 1602 quod
623 1529 733 1585 essent
746 1522 909 1584 Germani.
953 1522 993 1583 In
1013 1541 1079 1602 quo
1095 1540 1161 1583 non
1180 1542 1312 1602 possum
1329 1541 1396 1583 non
1412 1521 1546 1582 mirifice
1560 1523 1720 1585 maiorem

457 1629 505 1679 125
517 1607 552 1667 in
572 1613 605 1668 te
624 1606 798 1668 candorem
816 1605 1006 1666 desiderare.
1051 1606 1123 1666 Ista
1139 1606 1293 1666 videlicet
1314 1606 1512 1683 synceritate
1534 1607 1658 1667 venisti
1676 1607 1721 1668 ad

518 1690 715 1751 monendum
738 1695 777 1749 vt
798 1709 850 1750 me
872 1689 993 1750 dicares
1015 1690 1182 1768 priuatum
1204 1689 1360 1749 affectum
1386 1689 1514 1750 habere.
1558 1689 1721 1763 Primum,

517 1773 607 1851 quod
621 1774 669 1833 eis
680 1792 731 1833 me
743 1772 830 1833 illius
844 1773 988 1851 episcopi
998 1791 1117 1833 nomen
1131 1791 1198 1833 non
1213 1773 1275 1833 nisi
1289 1791 1364 1833 cum
1375 1772 1580 1852 reprensione
1595 1773 1720 1835 citare:

518 1855 579 1916 hoc
606 1875 768 1934 nusquam
795 1861 833 1915 tu
856 1855 994 1935 probare
1017 1856 1139 1935 poteris
1164 1857 1333 1934 cumipse
1358 1875 1433 1916 eum
1458 1856 1564 1916 citans
1589 1874 1723 1936 semper

517 1938 694 2000 eruditioni
713 1940 782 1999 eius
801 1938 978 2018 plurimum
999 1938 1179 2000 tribuerim.
1224 1937 1328 2011 Quod,
1346 1940 1374 1999 si
1395 1944 1484 2000 recte
1505 1940 1722 2018 interpretari

457 2047 505 2097 130
517 2021 685 2094 voluisses,
700 2040 760 2082 neo
779 2027 813 2082 te
834 2021 918 2082 alius
936 2021 1075 2083 effectus
1094 2022 1129 2082 in
1148 2021 1247 2082 aliam
1266 2023 1496 2100 cogitationem
1514 2021 1721 2096 abstulisset,

516 2105 731 2167 intellexisses
742 2106 866 2184 vtique.
889 2104 1097 2183 Quemquam
1106 2110 1256 2185 poteram
1265 2124 1306 2165 ex
1318 2104 1464 2184 hisquae
1472 2105 1527 2166 ille
1538 2105 1579 2165 de
1591 2104 1722 2168 Ioanne

518 2189 604 2262 Pico,
629 2188 893 2268 incomparabilis
919 2188 1111 2249 eruditionis
1135 2194 1170 2249 et
1194 2189 1381 2249 sanctitatis
1406 2190 1486 2260 viro,
1509 2188 1594 2249 dixit
1620 2188 1722 2251 facile

516 2291 640 2344 ansam,
661 2273 689 2332 si
708 2271 893 2345 voluissem,
916 2291 1063 2332 sumere:
1096 2290 1193 2349 quem
1215 2290 1346 2350 magum
1366 2291 1404 2331 ac
1424 2272 1721 2351 praestigiosum—

517 2361 659 2428 tantum,
685 2361 756 2416 tam
784 2353 1006 2416 Christianum
1036 2353 1285 2414 virum-fuisse
1314 2353 1424 2430 (credo
1452 2357 1531 2433 quia
1558 2355 1722 2417 aduersus

456 2461 503 2512 135
516 2438 706 2518 Astrologos
724 2438 865 2517 scripsit)
881 2438 1068 2518 praedicare
1088 2456 1155 2498 non
1175 2437 1315 2498 erubuit.
1360 2437 1440 2499 Vide
1455 2457 1539 2517 quae
1553 2438 1721 2501 modestia

516 2523 658 2602 episcopi
680 2524 731 2584 tui
752 2522 860 2582 fuerit.
905 2520 990 2582 Tum
1007 2521 1097 2600 quod
1113 2528 1212 2600 putas
1231 2519 1304 2581 ideo
1320 2538 1373 2581 me
1392 2520 1478 2581 huno
1497 2528 1532 2583 et
1547 2521 1720 2600 Lyranum

516 2606 611 2685 quasi
635 2607 669 2667 in
693 2606 744 2667 ius
769 2605 908 2666 traxisse
930 2604 1020 2684 quod
1044 2610 1182 2682 vterque
1206 2603 1306 2665 fuerit
1327 2602 1518 2678 Germanus,
1542 2604 1618 2666 hinc
1642 2625 1718 2685 pro-

515 2689 640 2750 iectum
662 2688 824 2768 estquod
845 2689 988 2768 opinaris
1014 2707 1065 2748 me
1090 2689 1124 2747 in
1145 2693 1179 2747 te
1204 2689 1298 2766 quasi
1323 2686 1522 2749 Germanum
1546 2689 1719 2750 inuectum

515 2772 625 2846 tuisse,
640 2772 788 2834 indicans
804 2792 846 2833 ex
863 2771 936 2832 aliis
954 2770 1034 2833 locis
1055 2771 1237 2847 expressius
1258 2771 1342 2831 hanc
1363 2772 1588 2850 suspicionem.
1634 2772 1719 2834 Erat

456 2881 504 2931 140
515 2857 616 2936 igitur
637 2856 818 2918 modestiae
839 2856 961 2936 pariter
982 2874 1021 2915 ao
1043 2854 1237 2934 prudentiae
1257 2860 1344 2926 tuae,
1367 2855 1412 2914 mi
1433 2854 1577 2927 Erasme‚
1600 2874 1719 2917 vemm

517 2940 704 3020 diligentius
739 2940 929 3021 perspicere.
984 2938 1056 3000 Hos
1088 2939 1175 2999 enim
1209 2937 1282 2999 ideo
1310 2938 1411 2999 citaui
1438 2938 1528 3017 quod
1556 2937 1643 2999 alter
1675 2939 1719 3002 de

517 3024 775 3103 Hieronymiene
793 3023 937 3084 editione
955 3022 1116 3101 quaedam
1131 3022 1295 3100 loquatur,
1310 3020 1395 3082 alter
1409 3021 1506 3100 quod,
1522 3041 1597 3083 oum
1616 3024 1719 3084 sciret

517 3107 687 3179 Hebraico,
699 3109 733 3167 in
744 3126 840 3167 omne
851 3105 953 3167 Vetus
965 3106 1214 3166 Testamentum
1224 3104 1391 3165 Hebraeos
1403 3110 1534 3165 secutus
1548 3106 1718 3184 scripserit

517 3209 635 3250 -nam
660 3190 842 3250 nesciebam
870 3189 1013 3268 quidem,
1042 3189 1148 3249 Deum
1176 3194 1289 3260 testor,
1320 3187 1485 3266 Lyranum
1514 3186 1717 3250 Germanum

456 3298 503 3349 145
516 3273 625 3334 fuisse.
670 3273 750 3335 Vide
777 3279 939 3352 quantum
964 3293 985 3334 a
1009 3271 1265 3351 cogitationibus
1288 3272 1354 3332 tuis
1380 3271 1551 3332 abfuerim.
1595 3271 1718 3333 Leuius

516 3362 628 3418 eutem
647 3357 807 3435 estquod
828 3357 969 3436 priorem
989 3374 1159 3436 comparas
1177 3374 1250 3416 cum
1271 3354 1440 3428 Reuclino,
1456 3360 1496 3414 vt
1514 3360 1575 3415 tuo
1595 3355 1718 3417 iudicio

516 3441 560 3501 sit
579 3439 634 3500 ille
648 3441 752 3501 maior
766 3441 930 3518 (quamuis
943 3458 1018 3501 meo
1031 3438 1151 3500 iudicio
1165 3438 1345 3499 Reuclinus
1364 3438 1561 3517 superiorem
1575 3438 1717 3516 gradum

516 3523 670 3585 videatur
687 3525 860 3599 tenuisse):
883 3529 917 3584 et
939 3523 1000 3584 hoc
1018 3528 1153 3602 propter
1172 3521 1300 3582 ciuilem
1320 3522 1556 3600 praelationem
1577 3522 1611 3582 in
1626 3520 1715 3583 Reu-

516 3607 638 3668 cliuum
654 3626 754 3686 quam
769 3606 931 3686 Episcopo
945 3625 1013 3667 non
1029 3606 1220 3677 addiderim,
1236 3624 1310 3665 cum
1326 3611 1365 3665 tu
1379 3609 1492 3664 tamen
1507 3604 1715 3679 Reuolinum,

455 3715 504 3765 150
515 3690 686 3770 apotheosi
711 3690 901 3752 donandum
927 3690 1099 3751 censueris.
1142 3689 1210 3749 Neo
1233 3687 1324 3748 vides
1349 3707 1448 3766 quam
1475 3689 1554 3749 haec
1576 3687 1716 3750 ridicula

516 3775 592 3846 sint,
608 3793 708 3853 quam
728 3775 861 3835 minime
882 3781 915 3834 te
933 3778 1032 3834 tanto
1051 3774 1122 3834 viro
1141 3772 1248 3851 digna.
1292 3770 1387 3844 Quod
1406 3772 1433 3831 si
1452 3772 1486 3830 in
1506 3771 1716 3847 Reuclinum,

515 3858 681 3918 hominem
703 3856 912 3929 Germanum,
932 3876 1006 3917 sum
1028 3855 1169 3917 ciuiliter
1190 3854 1366 3934 praefatus,
1385 3854 1507 3915 discere
1528 3860 1616 3915 certe
1637 3854 1716 3917 hinc

516 3940 675 4002 debueras
689 3941 857 4020 priuatum
876 3940 970 4002 illum
984 3939 1140 4000 affectum
1155 3957 1317 4016 nusquam
1339 3957 1408 3998 esse
1422 3938 1456 3997 in
1471 3937 1660 4010 Germanos,
1676 3946 1718 4000 vt

516 4030 555 4085 tu
569 4024 688 4086 videris
704 4024 870 4102 suspicari.

455 4127 502 4179 15⁵
557 4107 666 4186 Atque
696 4107 748 4168 hic
777 4126 830 4167 me
857 4108 891 4167 in
919 4104 1137 4168 asseuerando
1164 4104 1332 4165 fortiorem
1362 4123 1461 4182 quam
1486 4103 1718 4183 inprobando

516 4189 954 4269 diligentemesseclamites.
984 4190 1138 4262 Fortiter,
1147 4189 1265 4267 inquis,
1275 4188 1378 4248 reiicis
1386 4187 1525 4248 aliorum
1537 4188 1716 4266 opiniones,

516 4271 620 4333 veluti
644 4274 787 4352 episcopi
810 4273 1115 4352 Foroaemproniani
1139 4272 1197 4351 qui
1225 4277 1336 4332 censet
1360 4271 1512 4331 Latinam
1536 4270 1716 4333 aditionem

516 4374 582 4417 non
611 4376 680 4418 esse
709 4356 911 4435 Hieronymi.
955 4356 1000 4416 At
1029 4375 1095 4416 non
1124 4360 1219 4415 erant
1248 4355 1390 4414 rationes
1416 4354 1485 4414 eius
1510 4354 1716 4427 refutandae,

516 4440 637 4520 partim
659 4441 737 4520 quia
756 4458 822 4500 non
841 4446 952 4501 essent
970 4440 1081 4518 magni
1100 4438 1398 4518 ponderis,partim
1415 4437 1548 4515 quiaex
1564 4436 1717 4516 hisquae

619 4588 674 4635 ¹29·
693 4575 717 4624 ai
728 4590 780 4625 om.
792 4572 817 4637 β.
913 4587 969 4638 147.
987 4573 1120 4638 quemuis
1130 4571 1310 4636 scripsimus:
1328 4571 1396 4636 quia
1407 4588 1438 4620 o:
1455 4586 1543 4636 quam
1555 4570 1612 4620 ΕΒ.

522 4668 820 4825 Ῑῖᾱᾷῑῖἶιέωι
835 4707 884 4824 ⁰3,
892 4707 1001 4758 raaia
1016 4707 1089 4824 ap
1139 4705 1260 4771 praesu
1288 4706 1371 4822 1151oe
1387 4704 1504 4822 ffiw
1525 4703 1717 4821 {mmffimb

515 4775 731 4892 ΞΞ.Ξ.Μ”
771 4789 864 4825 Μ’
885 4789 961 4834 Μ’
978 4787 1052 4837 ‘⁵¹³'
1081 4811 1087 4823 ·
1138 4773 1398 4903 &affinia
1415 4836 1530 4902 panae
1549 4785 1717 4889 ..w

551 4922 607 4971 15⁰·
625 4907 785 4972 apotheosi]
816 4907 852 4957 In
879 4906 930 4957 the
957 4906 1089 4971 colloquy
1139 4921 1220 4956 orum
1240 4905 1443 4968 Colloquiorum
1456 4904 1603 4967 semelae,
1621 4903 1716 4964 Basia,

517 4974 696 5041 ‘Pompilius
713 4974 905 5025 Brassicanus.
924 4974 966 5024 De
983 4974 1088 5023 incom-
1140 4972 1260 5032 Froben,
1273 4973 1379 5036 (Aug.)
1393 4985 1456 5035 1522
1469 4971 1537 5032 (LB.
1549 4971 1568 5020 i.
1580 4971 1703 5033 689-92).
