4042 5900
362 670 457 752 2466]
683 669 739 732 TO
760 668 943 732 NIGOLAS
965 668 1222 732 MALLARIUS
1495 670 1555 731 227

360 829 475 910 Carpis
489 828 1034 910 eratCarpensispostacarpendi
1044 827 1190 890 libidine.
1225 826 1559 909 Atquevtintelligas

361 912 454 974 illum
469 933 537 974 non
551 914 620 974 sine
634 932 735 974 causa
749 912 875 975 dictum
890 912 995 986 Pium,
1011 912 1123 974 triduo
1137 931 1237 990 quam
1252 918 1435 974 moreretur
1449 911 1559 973 induit

361 998 519 1058 amictum
544 996 613 1057 diui
637 996 819 1069 Francisci3
849 996 884 1056 in
908 1015 948 1057 ea
975 1002 1068 1057 veste
1096 996 1388 1056 Franciscanorum
1416 994 1559 1056 humeris

361 1081 556 1159 deportatus
570 1084 622 1140 est
635 1078 762 1141 solenni
780 1098 903 1159 pompa
918 1098 977 1158 per
999 1080 1081 1152 vias,
1096 1079 1189 1152 facie,
1204 1078 1356 1140 manibus
1370 1078 1558 1157 etpedibus

361 1163 504 1236 nudatis,
521 1164 605 1224 etin
623 1163 824 1224 monasterio
840 1162 998 1242 sepultus.
1042 1162 1118 1223 Non
1135 1163 1278 1223 insector
1298 1162 1483 1241 religiosum
1501 1161 1557 1222 ho·
1573 1191 1621 1227 110

361 1247 459 1307 minis
472 1246 646 1308 affectum:
662 1244 836 1325 vulgatum
850 1252 901 1307 est
915 1244 977 1306 hoc
988 1245 1078 1325 apud
1088 1245 1211 1307 Italos:
1228 1245 1286 1306 sed
1296 1244 1439 1306 demiror
1447 1250 1559 1325 patres

360 1330 444 1403 illos,
470 1348 573 1408 quum
598 1348 665 1391 non
690 1330 842 1409 ignorent
866 1329 1048 1391 cuiusmodi
1073 1328 1201 1390 sithoc
1224 1329 1379 1401 seculum,
1399 1327 1560 1390 eiusmodi

360 1413 560 1486 ceremoniis,
572 1432 614 1473 ne
624 1412 733 1473 dicam
743 1412 1043 1491 superstitionibus,
1054 1412 1183 1473 irritare
1195 1413 1229 1472 in
1244 1431 1279 1473 se
1290 1412 1378 1473 orbis
1389 1411 1558 1484 inuidiam,

360 1497 435 1576 plus
456 1497 537 1557 satis
557 1497 623 1557 iam
645 1496 838 1575 flagrantem
863 1501 981 1575 suapte
1006 1500 1132 1574 sponte.
1176 1493 1240 1556 Sed
1261 1494 1388 1556 Alberti
1406 1494 1559 1557 manibus

359 1598 473 1659 precor
487 1578 592 1640 lucem
606 1584 642 1640 et
656 1580 809 1657 quietem.
852 1576 943 1658 Opus
956 1577 1103 1640 nondum
1119 1579 1196 1639 vidi.
1573 1607 1620 1657 115

402 1661 514 1723 Sentio
528 1662 688 1741 quosdam
702 1661 963 1742 parricidialibus
980 1661 1063 1723 odiis
1082 1663 1116 1722 in
1137 1681 1190 1724 me
1211 1662 1297 1734 ferri,
1318 1681 1385 1723 non
1406 1661 1559 1723 Lutetiae

360 1752 503 1818 tantum,
525 1746 583 1807 sed
604 1747 638 1806 in
659 1744 833 1806 Germania
852 1763 1001 1824 quoque:
1024 1746 1081 1823 qui
1100 1744 1198 1806 simul
1211 1750 1313 1824 atque
1326 1745 1559 1825 comperissent

359 1828 505 1891 Caesaris
525 1830 669 1890 animum
692 1830 726 1889 in
746 1828 807 1889 hoc
832 1827 1044 1889 obfirmatum
1068 1847 1147 1901 esse,
1170 1834 1210 1888 vt
1233 1834 1397 1890 sectarum
1419 1827 1560 1890 dissidiis

360 1912 567 1974 Germaniam
582 1912 746 1984 liberaret,
761 1912 912 1991 protinus
930 1912 1087 1990 priuatim
1105 1931 1143 1972 ac
1160 1911 1290 1991 publice
1304 1912 1395 1972 virus
1409 1930 1559 1973 euomere

360 2002 538 2076 coeperunt
562 1997 596 2056 in
621 1996 805 2057 Erasmum.
849 1994 961 2074 Longa
983 2000 1035 2056 est
1057 1994 1181 2068 fabula,
1205 1995 1263 2056 sed
1290 2001 1419 2074 partem
1447 1996 1517 2056 eius
1539 2015 1621 2060 0120

359 2079 486 2141 schedis
508 2099 590 2158 quas
612 2079 711 2140 mitto
733 2097 914 2157 cognosces.
958 2077 1058 2139 Varia
1078 2084 1158 2140 sunt
1177 2079 1411 2157 martyriorum
1432 2096 1558 2158 genera,

360 2162 610 2224 innumerabiles
634 2161 868 2242 suppliciorum
892 2161 1027 2234 formae,
1050 2167 1222 2223 sexcentae
1246 2163 1403 2223 mortium
1426 2162 1556 2242 species.

360 2246 430 2326 Ego
444 2246 582 2307 iortmse
597 2264 672 2306 cum
691 2244 769 2305 diuo
783 2243 938 2306 Cassiano
957 2244 1094 2305 videbor
1112 2245 1336 2318 conferendus,
1356 2264 1453 2324 quem
1476 2246 1557 2306 acci-

360 2331 468 2409 pimus
489 2330 573 2390 stilis
593 2328 787 2409 graphiariis
809 2347 830 2388 a
851 2328 919 2388 suis
938 2327 1106 2407 discipulis
1130 2328 1231 2389 luisse
1255 2329 1451 2390 confossum.
1494 2327 1559 2390 Sed

361 2418 487 2491 quanto
501 2412 682 2474 crudeliora
696 2412 824 2491 patitur
838 2409 1005 2484 Erasmus,
1020 2412 1078 2489 qui
1092 2417 1145 2473 tot
1159 2431 1262 2473 annos
1272 2412 1558 2474 innumerabilium
1573 2440 1620 2491 125

361 2495 530 2557 hominum
550 2495 670 2574 linguis
685 2499 720 2555 et
734 2494 819 2555 stilis
839 2494 1007 2555 confossus
1029 2514 1131 2573 vsque
1151 2495 1193 2557 ad
1213 2494 1330 2556 vitalia
1347 2496 1433 2556 viuit
1449 2494 1558 2556 adhuc

361 2580 393 2639 in
409 2580 590 2651 tormentis,
606 2583 641 2639 et
654 2578 757 2638 sentit
770 2582 873 2651 totus,
889 2596 949 2639 nec
963 2577 1064 2639 datur
1078 2584 1184 2639 morte
1198 2578 1290 2639 finire
1305 2577 1474 2639 dolorem?

402 2661 465 2723 Sed
495 2662 620 2723 omissis
646 2662 734 2734 iocis,
764 2660 806 2721 ad
835 2666 930 2722 tuam
958 2661 1131 2740 epistolam
1160 2661 1265 2723 redeo.
1321 2660 1407 2735 Quid
1435 2661 1557 2723 audio?

362 2744 546 2806 Luteranus
560 2745 670 2806 dictus
683 2764 718 2805 es
732 2743 823 2822 quod
837 2744 986 2805 inuieeris
999 2744 1198 2806 Erasmuml
1240 2743 1286 2806 At
1300 2750 1466 2823 quotquot
1480 2750 1558 2806 sunt

360 2830 430 2889 eius
444 2833 562 2901 sectae,
577 2829 605 2888 si
619 2847 716 2906 quem
731 2828 890 2888 senserint
910 2846 961 2888 me
980 2832 1102 2906 petere,
1123 2827 1229 2889 dicere
1248 2827 1364 2901 solent,
1386 2827 1475 2890 Caue
1496 2828 1558 2890 tibi
1573 2856 1621 2906 130

361 2911 403 2973 ab
425 2911 491 2985 illo,
513 2910 635 2974 inficiet
657 2912 741 2973 tesi
763 2911 953 2973 conueneris
978 2910 1153 2984 hominem,
1179 2911 1284 2974 hostis
1306 2917 1358 2973 est
1381 2912 1558 2974 acerrimus

361 2995 539 3075 Euangelii.
583 2994 670 3069 Quid
691 2994 781 3056 istud
802 2995 943 3057 monstri
959 3000 1035 3056 est?
1056 2997 1119 3056 nisi
1136 2995 1234 3074 quod,
1251 3001 1290 3056 vt
1304 2995 1558 3075 prudentissime

361 3079 484 3151 scribis,
499 3098 558 3140 nec
573 3078 687 3158 legunt
701 3084 825 3151 nostra,
844 3097 904 3139 nec
923 3078 1004 3139 scire
1022 3079 1161 3157 cupiunt
1182 3078 1263 3157 quid
1284 3098 1429 3159 agamus.
1473 3079 1556 3140 Tan·

361 3169 434 3223 tum
449 3162 537 3241 quod
551 3163 586 3222 in
597 3162 756 3223 conuiuiis
770 3160 932 3222 sodalium
951 3161 1128 3223 audierunt
1142 3162 1374 3235 vociferantur,
1390 3168 1433 3235 et,
1449 3162 1557 3224 Anda·

361 3246 514 3307 botarum
527 3264 628 3317 more,
643 3245 761 3306 clausis
776 3243 878 3305 oculis
892 3243 1039 3323 gladium
1056 3245 1230 3307 ventilant.
1274 3245 1346 3308 Iam
1361 3245 1488 3325 fingant
1506 3264 1558 3307 me
1573 3272 1620 3323 135

361 3330 481 3390 sentire
495 3347 569 3390 cum
585 3328 636 3388 his
651 3347 733 3406 quos
748 3329 805 3389 isti
821 3327 950 3389 ducunt
969 3347 1030 3407 pro
1050 3327 1239 3390 haereticis:
1263 3335 1389 3407 quanto
1402 3327 1557 3390 Christia-

361 3413 435 3474 nius
450 3419 523 3473 erat
536 3412 752 3492 suspicionem
766 3412 800 3471 in
814 3430 887 3472 eam
902 3417 1030 3491 partem
1044 3431 1114 3472 esse
1128 3430 1276 3491 pronam,
1291 3417 1331 3473 vt
1344 3412 1514 3474 crederent
1524 3417 1558 3474 te

361 3495 422 3557 hoc
433 3497 544 3556 animo
553 3495 682 3557 Erasini
691 3494 890 3572 colloquium
901 3496 1072 3574 expetisse,
1084 3500 1124 3556 vt
1134 3514 1210 3557 eum
1221 3496 1256 3556 in
1265 3495 1353 3556 viam
1365 3495 1557 3557 reduceres?

361 3578 530 3652 Quantum
551 3579 652 3658 igitur
676 3579 731 3639 isti
751 3577 876 3639 absunt
900 3577 943 3638 ab
966 3578 1164 3657 Euangeliou
1190 3578 1361 3652 charitate,
1385 3598 1469 3657 quae
1490 3597 1557 3640 non

361 3663 555 3741 suspicatur,
575 3681 635 3723 nec
654 3662 780 3741 cogitat
800 3661 948 3722 malum?
990 3661 1077 3736 Quid
1091 3662 1237 3724 dicerent
1254 3662 1282 3723 si
1301 3662 1410 3724 isthuc
1424 3663 1556 3724 commi·
1572 3696 1621 3746 ¹40

361 3765 498 3825 gratem,
514 3745 641 3823 tibique
655 3745 834 3806 domestica
849 3745 1085 3806 consuetudine
1099 3746 1271 3824 iungerer?

403 3828 497 3902 Quod
518 3834 652 3889 tantum
672 3828 808 3889 laudum
830 3828 864 3888 in
884 3847 936 3888 me
953 3827 1132 3907 largissime
1149 3828 1332 3907 profundis,
1350 3828 1479 3890 Mallari
1500 3828 1556 3891 do-

361 3913 514 3985 ctissime,
535 3931 602 3972 non
622 3911 812 3991 expectabis
834 3930 855 3972 a
872 3930 924 3972 me
947 3917 1111 3985 mutuum,
1131 3930 1199 3973 non
1218 3912 1308 3990 quod
1326 3931 1392 3973 non
1409 3913 1502 3992 paria
1518 3918 1557 3974 tu

360 4002 461 4074 atque
476 3996 577 4056 etiam
591 3996 716 4056 maiora
729 3995 952 4074 promerearis,
968 3994 1026 4055 sed
1040 3994 1129 4073 quod
1143 4014 1202 4056 nec
1217 4014 1276 4075 ego
1287 4015 1461 4075 agnoscam
1473 4015 1558 4074 quae

361 4079 441 4139 mihi
455 4078 584 4151 tribuis,
599 4097 659 4140 nec
673 4085 733 4139 tua
744 4077 905 4138 modestia
915 4077 1069 4139 videatur
1080 4078 1203 4140 talibus
1213 4080 1368 4141 encomiis
1379 4080 1556 4142 oneranda.
1572 4109 1619 4162 145

361 4162 512 4223 Demiror
533 4180 599 4240 quo
620 4161 755 4223 consilio
777 4167 887 4222 mutos
911 4162 1085 4240 magistros
1109 4162 1152 4223 ad
1177 4162 1421 4242 percipiendam
1442 4161 1558 4224 Graeci

362 4246 519 4306 sermonis
541 4246 711 4306 scientiam
733 4244 888 4306 adhibere
910 4244 1072 4316 malueris,
1094 4261 1197 4323 quum
1218 4244 1327 4307 Gallia
1348 4252 1419 4308 tam
1443 4245 1557 4307 multis

361 4328 508 4389 abundet
529 4326 651 4389 Graece
672 4328 796 4409 peritis,
818 4334 853 4388 et
871 4329 950 4388 viua
969 4346 1035 4389 vox
1058 4333 1097 4388 vt
1120 4328 1222 4389 habet
1243 4348 1338 4390 suam
1359 4329 1556 4408 peculiarem

396 4436 657 4516 mosiusoddK.
716 4435 1056 4488 128.Sedc:VerumJ.
1111 4438 1388 4503 138.vts:quoK.
1443 4437 1556 4503 143.J:

361 4511 685 4569 nonontsparraom.a.

397 4651 453 4701 107.
471 4637 567 4687 triduo
586 4674 592 4685 .
612 4673 619 4686 .
640 4673 646 4686 .
667 4651 723 4702 114.
741 4637 856 4703 sponte]
870 4637 932 4688 Jac.
1019 4638 1109 4701 καφ-8.
1128 4637 1223 4688 induit
1246 4638 1395 4700 amictum]
1423 4638 1474 4689 See
1500 4639 1555 4705 Ep.

361 4704 518 4762 Pantanus,
532 4704 624 4754 Attica
637 4704 770 4763 Bellorio,
784 4709 827 4769 pt.
842 4705 861 4763 i,
876 4703 933 4754 aad
983 4707 1133 4768 2441.65n.

361 4772 441 4830 edit,
459 4771 609 4835 Augsburg
630 4774 704 4833 1617,
723 4786 751 4837 p.
774 4785 813 4836 ¹4·
831 4776 934 4836 quotes
1020 4771 1242 4835 123.Cassianc]
1276 4771 1383 4822 Patron
1417 4772 1494 4823 saint
1526 4773 1557 4823 oi

362 4839 421 4887 this
438 4852 557 4902 passage
573 4837 632 4887 and
648 4837 736 4887 heads
752 4837 802 4888 the
813 4838 930 4897 section,
981 4837 1081 4888 Imcla.

362 4903 534 4970 ‘Impudens
555 4904 667 4954 Erasini
685 4903 849 4954 calumnia'.
888 4905 933 4955 He
1019 4917 1109 4968 134-5.
1128 4904 1356 4966 Andabatarurn]
1387 4905 1438 4956 See
1467 4905 1555 4971 Adog.

361 4986 483 5088 gppearp
491 4977 605 5088 Ἥῖγ
613 4971 663 5021 the
671 4975 736 5021 text
747 4970 820 5021 from
831 4969 932 5030 Lond„
984 4984 1058 5034 1333.

382 5053 402 5088 u
426 5052 464 5088 no
489 5052 505 5088 e
583 5054 612 5103 y.
