4042 5900
433 647 495 708 442
781 645 980 709 narrans
1002 645 1058 708 or
1078 644 1302 710 snssnus
1572 650 1633 726 [1532

433 811 561 884 grenat.
605 803 834 866 successerunt
862 823 1017 866 censurae
1041 801 1242 866 Serbonicae
1270 825 1414 884 magno
1442 804 1635 885 theologorum

434 888 600 961 dedecore,
616 888 673 949 sed
686 895 797 949 tamen
811 888 901 967 apud
914 888 1086 968 plerosque
1103 887 1300 949 Facultatis
1323 890 1463 950 titulus
1483 898 1591 950 onerat
1604 909 1636 949 ne

432 971 565 1045 inuidia,
591 990 693 1050 quum
717 990 769 1032 res
792 990 858 1032 non
880 977 997 1050 agatur
1019 991 1077 1050 per
1095 969 1330 1046 Facrrltatem‚
1355 972 1423 1034 sed
1448 973 1637 1053 perdelirum

434 1056 612 1128 Decanum,
641 1074 679 1115 ac
705 1054 851 1115 Beddam
880 1054 1044 1115 hominem
1075 1053 1273 1133 simpliciter
1306 1055 1506 1118 furiosum.
1549 1057 1636 1117 Picel

387 1160 420 1209 40
432 1138 586 1199 facultati
608 1137 768 1218 respondi.
812 1136 977 1216 Sequutus
1002 1145 1054 1199 est
1078 1137 1210 1198 Parisiis
1233 1137 1329 1199 alius
1358 1139 1508 1201 libellus
1531 1140 1637 1201 conficto

433 1220 534 1283 titulo
549 1221 625 1282 Iulii
639 1220 784 1282 Caesaris
799 1218 961 1299 Scaligeri,
977 1226 1070 1281 totus
1085 1226 1215 1281 scatens
1234 1226 1293 1281 tot
1315 1223 1519 1284 mendaciis
1538 1224 1637 1303 insigi-

434 1306 505 1377 bus,
521 1311 574 1365 tot
588 1305 719 1366 furiosis
733 1305 896 1377 conuiciis,
911 1310 950 1364 vt
965 1323 1024 1365 nec
1039 1305 1110 1384 ipsa
1124 1306 1257 1364 vanitas
1272 1307 1395 1383 possit
1409 1308 1553 1368 mentiri
1563 1309 1638 1386 impu·

433 1389 564 1449 dentius
578 1408 637 1449 nec
652 1388 720 1448 vlla
733 1388 904 1448 Furiarum
921 1387 1120 1449 stomachari
1133 1386 1304 1449 furiosius.
1357 1387 1477 1451 Stilus
1490 1398 1580 1451 totus
1591 1397 1638 1450 ten

433 1473 542 1551 arguit
555 1472 755 1533 Alcandrum
770 1477 919 1532 autorem
934 1490 1035 1550 quam
1049 1471 1122 1551 ipsa
1137 1470 1281 1532 hominis
1304 1471 1432 1535 facies.
1482 1474 1639 1553 Vtrumque

387 1576 419 1627 45
433 1557 513 1616 mihi
528 1557 735 1616 notissimum
749 1562 808 1616 est.

475 1640 619 1718 Reginae
630 1638 751 1699 Mariae
762 1645 836 1699 tum
847 1637 1019 1717 singularis
1029 1636 1215 1718 prudentia,
1226 1643 1305 1698 tum
1315 1639 1439 1717 pietas
1450 1641 1640 1721 praedicatur

433 1723 476 1783 ab
491 1723 651 1795 omnibus,
666 1741 725 1782 nec
740 1741 792 1782 me
809 1721 894 1781 clam
909 1727 960 1782 est
976 1721 1068 1782 illam
1082 1719 1242 1781 beneuolo
1255 1740 1333 1783 esse
1349 1724 1488 1797 animo,
1505 1744 1571 1804 quo
1583 1743 1639 1785 saur

434 1808 564 1868 nomine
579 1805 753 1885 plurimam
769 1805 817 1865 illi
832 1805 934 1866 debeo
948 1806 1099 1884 gratiam.
1143 1802 1207 1865 Sed
1220 1804 1279 1865 illa
1293 1806 1409 1868 modo
1425 1806 1640 1887 gubernaculi

434 1890 570 1951 admota
578 1888 809 1962 est,acmultis
820 1893 903 1967 eget.
943 1886 1062 1949 Caesar
1070 1887 1372 1963 autem,vtaudio,
1383 1890 1641 1972 demeoeasagele

387 1973 566 2051 soreliquit
586 1972 634 2033 illi
657 1971 867 2052 spicilegium.
911 1971 986 2032 Mea
1010 1978 1122 2032 autem
1146 1970 1305 2032 valetudo
1334 1972 1423 2034 talis
1450 1981 1509 2036 est
1532 1981 1571 2036 vt
1592 1992 1640 2035 nun

434 2057 539 2117 solum
563 2056 606 2117 ad
628 2055 757 2116 nullum
780 2055 981 2134 obsequium,
1007 2054 1064 2116 sed
1088 2073 1130 2115 ne
1152 2054 1195 2115 ad
1220 2055 1428 2118 conuictum
1456 2058 1593 2138 quidem
1609 2057 1641 2118 sit

433 2139 653 2201 accommoda.
697 2139 781 2217 Egre
806 2140 911 2199 vitam
934 2143 1030 2198 tueor
1052 2136 1141 2199 domi
1165 2156 1311 2199 manens.
1362 2139 1450 2219 Ipse
1476 2140 1596 2203 Caesar
1617 2142 1641 2201 in

434 2223 600 2303 Hispaniis
629 2241 694 2283 non
723 2223 832 2302 potuit
860 2220 1029 2282 monachis
1057 2221 1243 2282 furentibus
1268 2220 1454 2284 edentium
1481 2226 1641 2306 imponere

434 2307 552 2384 Itaque
567 2326 680 2367 vereor
694 2312 733 2366 vt
749 2306 846 2366 isthic
862 2306 965 2384 possit
978 2304 1013 2365 id
1028 2303 1164 2383 Regina.
1206 2304 1329 2365 Verum
1350 2312 1396 2366 vt
1417 2306 1509 2369 haec
1533 2310 1598 2370 sint
1611 2326 1642 2367 er

388 2412 421 2462 55
434 2391 534 2451 animi
549 2390 722 2461 sententia,
736 2394 849 2449 metuo
864 2407 904 2448 ne
919 2386 1149 2467 corpusculum
1164 2387 1225 2448 hoc
1239 2391 1573 2453 attenuatissimum
1589 2410 1642 2453 coe

434 2472 502 2534 lum
518 2474 613 2534 istius
629 2473 766 2551 regionis
779 2471 863 2532 ferre
878 2491 944 2532 non
960 2472 1065 2551 possit
1078 2476 1113 2531 et
1126 2470 1283 2551 frigidum
1297 2476 1334 2531 et
1350 2479 1561 2537 ventosum.

476 2556 562 2617 Edes
577 2575 643 2616 non
657 2555 833 2616 reuendam
848 2556 916 2615 sine
931 2554 1053 2615 damno
1066 2560 1201 2615 centurn
1214 2560 1249 2615 et
1263 2554 1421 2633 quinque
1443 2558 1643 2621 florenorum

434 2639 558 2701 Tamen
573 2639 634 2700 hoo
649 2639 743 2699 facile
760 2638 931 2718 negligam.
975 2638 1168 2717 Expectabo
1188 2636 1331 2698 reditum
1356 2642 1644 2723 typographorum

434 2743 451 2784 e
473 2722 717 2783 Francklordia.
760 2722 790 2783 A
812 2721 972 2783 Paschate
990 2721 1129 2783 fortasse
1144 2721 1278 2782 mittam
1293 2719 1451 2785 alterum
1473 2745 1496 2786 e
1517 2725 1645 2795 tamnu

386 2820 421 2868 oo
434 2808 491 2886 qui
519 2807 600 2867 mihi
628 2812 718 2868 certa
745 2806 914 2866 renunciet
939 2806 1060 2884 quique
1085 2804 1200 2865 nidum
1222 2809 1365 2884 apparet
1394 2806 1606 2882 aduentum,
1626 2808 1646 2868 ri

434 2896 581 2951 statuero
596 2896 741 2970 repetere
754 2890 907 2970 patriam.
951 2888 1089 2949 Interim
1104 2888 1238 2949 obsecro
1253 2892 1291 2946 vt
1306 2885 1572 2955 illustrissimae
1581 2893 1647 2973 regi·

434 2994 493 3035 nae
508 2974 654 3035 fauorem
670 2975 718 3035 ita
731 2980 771 3034 vt
784 2973 869 3035 soles
879 2992 994 3052 pergas
1003 2971 1097 3034 alere.
1148 2971 1357 3051 Zuinglianos
1369 2972 1553 3039 habemus
1562 2976 1648 3058 paulo

434 3059 590 3131 mitiores,
606 3058 662 3118 sed
682 3077 803 3130 vereor,
818 3075 859 3116 ne
880 3056 1088 3116 recrudescat
1104 3055 1238 3116 malum.
1282 3052 1581 3138 Oecolampadins
1594 3062 1647 3121 ian

433 3140 535 3202 habet
556 3160 781 3214 successorem,
803 3140 905 3201 vidua
929 3139 1017 3200 illius
1042 3140 1208 3199 maritum.
1252 3136 1339 3210 Quid
1362 3150 1483 3220 agant
1512 3143 1649 3224 Tigurini

386 3239 419 3297 65
433 3226 551 3286 nescio.

476 3309 550 3369 Non
565 3314 625 3382 est,
640 3308 686 3368 mi
700 3306 812 3380 Olahe,
828 3306 916 3385 quod
934 3306 1114 3385 depreceris
1133 3305 1290 3366 audaciae
1309 3306 1474 3370 veniam:
1501 3317 1569 3373 tua
1586 3330 1647 3372 oan-

434 3393 566 3453 dissima
594 3391 730 3452 libertas
755 3391 836 3451 mihi
858 3391 1043 3469 gratissima
1065 3395 1126 3462 est,
1150 3394 1189 3449 vt
1214 3407 1298 3467 quae
1321 3387 1482 3453 declaret
1507 3397 1649 3455 animum

434 3476 557 3554 absque
573 3475 648 3536 luco
660 3473 865 3535 beneuolum.
910 3472 1079 3553 Respondi
1090 3473 1232 3533 censuris
1245 3468 1452 3548 Scrbonicis,
1466 3477 1530 3538 sed
1547 3477 1649 3539 mode·

435 3560 605 3620 ratissimo.
649 3558 787 3618 Exitum
796 3562 943 3636 expecto.
984 3555 1128 3616 Litteras
1138 3562 1212 3616 tuas
1224 3573 1262 3615 ec
1272 3554 1389 3614 leuini
1398 3562 1527 3640 accepi
1537 3567 1650 3640 quarto

389 3657 421 3705 70
435 3642 586 3703 calendas
601 3642 738 3702 Martias
752 3661 809 3719 per
824 3639 998 3719 quendam,
1015 3659 1112 3718 quem
1127 3638 1191 3699 huc
1209 3639 1251 3699 ob
1269 3656 1341 3698 eam
1361 3639 1480 3702 solam
1502 3663 1650 3707 caussam

435 3746 571 3805 magnus
586 3725 827 3785 veredariorum
843 3725 998 3802 magister
1013 3723 1108 3783 iuxta
1122 3721 1250 3801 Spiram
1265 3720 1485 3787 emendarat.

476 3809 566 3870 Haec
588 3809 702 3888 scripsi
723 3807 890 3888 postridie,
910 3807 972 3867 hoc
993 3812 1045 3867 est
1066 3806 1101 3866 iii
1121 3803 1253 3867 Calend.
1276 3804 1399 3866 Martii.
1451 3808 1552 3874 Bene
1575 3811 1652 3874 vale.

434 3892 584 3971 Friburgi
598 3892 744 3971 Bisgoae.

468 4042 509 4091 52·
528 4028 605 4078 domi
621 4042 739 4077 manens
756 4027 936 4089 scripsimus:
955 4025 1142 4075 Dominianus
1154 4022 1218 4073 MS.
1253 4023 1294 4073 Oi.
1308 4022 1363 4086 Ep.
1382 4027 1469 4076 2620.
1492 4031 1578 4093 28-9,
1597 4031 1654 4083 013.

435 4112 463 4161 p.
476 4110 534 4145 211.
602 4098 643 4159 64.
662 4094 736 4144 on:
753 4094 797 4144 sui
808 4108 947 4143 cessorem
958 4091 1022 4143 MS.
1091 4105 1133 4154 73.
1152 4090 1282 4154 Friburgi
1293 4089 1416 4153 Bisgoae
1429 4095 1505 4145 add.
1517 4114 1573 4149 aaa.
1584 4116 1655 4151 m.

468 4284 509 4343 64.
528 4277 726 4337 successorem]
768 4278 802 4328 Ο.
844 4275 1006 4339 Myconius;
1057 4269 1452 4333 hadbeenL.Keller†1526;
1468 4279 1655 4334 show-rm

435 4347 479 4397 ior
491 4347 637 4410 Myconius
648 4360 693 4394 see
705 4345 759 4408 Ep.
773 4346 820 4393 861
834 4343 938 4394 introd.
1059 4339 1415 4405 Oecolampadiusin1528.
1442 4342 1497 4394 Οῃ
1506 4349 1655 4401 thoda&

501 4413 599 4473 vidua]
609 4412 711 4477 Capito
719 4408 1009 4460 marriedWibrsndis
1059 4408 1089 4457 ol
1102 4407 1205 4472 Capito
1221 4407 1272 4456 she
1286 4405 1409 4455 married
1429 4406 1539 4464 Buoer
1557 4417 1655 4481 (1542),

435 4480 607 4530 Roscnblatt
630 4494 668 4528 on
694 4492 721 4527 11
748 4477 829 4542 April
860 4476 1007 4539 1532-the
1059 4475 1114 4524 She
1127 4473 1193 4523 died
1210 4473 1240 4522 in
1258 4475 1322 4536 1564
1339 4472 1398 4521 and
1414 4490 1482 4527 was
1502 4480 1614 4534 buried
1630 4484 1655 4534 j„

434 4548 572 4611 marriage
583 4561 641 4595 was
650 4544 737 4609 urged
749 4545 853 4594 onhim
861 4543 1007 4607 byBucer,
1058 4541 1142 4590 Basle
1169 4538 1321 4589 Cathedral
1348 4538 1379 4587 in
1412 4540 1469 4592 the
1506 4563 1604 4612 grave
1629 4550 1656 4601 ο(

435 4609 1007 4674 hisownwishesincliningtothewidow
1059 4606 1302 4671 oecolampadius.

435 4681 465 4730 ol
472 4682 521 4730 the
529 4678 813 4743 Anabapciseleader,
822 4679 892 4740 Aug.
901 4676 1007 4731 Bader;
1092 4677 1135 4732 69.
1153 4673 1263 4733 leuini]
1284 4671 1419 4721 Levinus‘
1441 4674 1544 4732 letter
1566 4685 1593 4734 is
1609 4690 1658 4735 not

436 4746 515 4797 BLE.
545 4762 567 4796 1.
597 4760 655 4807 259.
700 4745 760 4794 Her
786 4744 848 4793 first
876 4741 1008 4792 husband
1059 4746 1170 4790 extant.
