4042 5900
436 632 499 693 sos
763 629 1279 697 mruussossassuus
1571 639 1629 716 [1531

577 805 731 851 ERASMVS
745 806 994 852 Bormonfflvs
1008 807 1045 852 u.
1062 806 1226 853 conano
1243 808 1447 858 (sommo
1462 812 1490 857 8.
1506 812 1535 858 Ρ.

479 888 648 950 Onnsvars
662 887 845 951 Serbonicis
856 891 922 951 iam
933 890 1096 970 respondi,
1107 889 1242 953 libellus
1255 895 1524 973 propemodum
1534 914 1633 958 ereans

437 978 497 1045 est,
513 972 605 1033 cuius
618 973 717 1034 mitto
735 979 879 1052 gustum.
922 972 1130 1053 Quamquam
1144 972 1189 1035 ad
1202 974 1388 1056 pleraque
1409 978 1484 1041 iam
1502 979 1633 1060 resptnb

437 1075 517 1117 ram.
561 1052 646 1116 Sunt
659 1058 827 1136 proposita
841 1055 1006 1118 Beddaica
1025 1056 1091 1118 fere
1108 1057 1230 1118 omnia.
1280 1058 1457 1123 Sciebam
1472 1063 1552 1144 quid
1566 1082 1635 1123 noe

437 1144 527 1200 retur
545 1137 603 1200 illa
622 1140 792 1201 coniurata
806 1139 974 1213 sodalitas,
993 1140 1051 1201 sed
1071 1146 1182 1202 tamen
1203 1141 1378 1206 cohercui
1404 1146 1481 1207 stili
1502 1148 1635 1227 impetun

407 1241 423 1291 5
436 1241 477 1282 ne
491 1221 566 1301 plus
580 1224 660 1283 satis
674 1224 804 1284 usitata
817 1228 937 1284 exurat
950 1223 1050 1284 libros
1067 1242 1165 1297 meos,
1180 1222 1215 1284 id
1230 1226 1335 1303 quod
1352 1228 1412 1289 illi
1427 1230 1535 1292 fuerit
1546 1232 1636 1291 benun

437 1311 537 1383 atque
548 1306 765 1379 commodum,
781 1325 883 1386 quum
899 1306 964 1367 illic
975 1313 1088 1386 regnet
1096 1306 1210 1368 Bedda
1220 1326 1306 1369 cum
1319 1311 1474 1391 aliquot
1481 1314 1635 1384 eoniunt'r

436 1388 623 1467 habeatque
640 1391 718 1468 regii
739 1388 879 1450 Senatus
900 1388 1081 1470 praesidem
1101 1390 1287 1465 fauentem,
1307 1400 1355 1455 vt
1378 1396 1549 1460 scribunt.
1586 1396 1637 1458 lior

436 1478 547 1532 tamen
562 1480 656 1533 erent
671 1472 860 1552 proditurae
874 1471 1044 1546 Cessurae,
1059 1474 1121 1534 nisi
1135 1473 1277 1552 quidam
1289 1476 1418 1540 oleum
1431 1483 1564 1543 camino
1572 1480 1636 1543 addi

436 1555 570 1616 dissent.
614 1555 765 1617 Lutetiae
775 1556 841 1617 fuit
851 1556 1030 1629 ascisset,
1043 1563 1082 1616 vt
1092 1557 1248 1636 auspicor,
1259 1558 1472 1638 Aleander;
1487 1584 1580 1645 quem
1590 1582 1635 1625 sus

391 1660 423 1696 ro
436 1639 526 1717 picor
541 1638 601 1699 hac
617 1639 657 1700 de
671 1659 771 1700 causa
785 1640 957 1719 praecipue
966 1641 1102 1713 venisse,
1112 1646 1151 1700 vt
1161 1639 1307 1702 Erasmo
1323 1645 1505 1709 moliatur
1517 1649 1636 1710 exitium

436 1720 512 1782 Iulii
523 1720 676 1801 Scaligeri
686 1722 832 1784 libellum
845 1729 915 1784 tam
927 1724 993 1783 scio
1004 1722 1091 1784 illius
1103 1741 1289 1801 essequam
1302 1728 1381 1789 scio
1393 1749 1456 1791 me
1468 1732 1585 1793 viuere.
1610 1729 1636 1791 ld

436 1810 547 1865 tamen
557 1805 828 1867 dissimulandum
838 1812 897 1879 est,
907 1825 947 1867 ne
956 1807 1061 1885 magis
1069 1806 1212 1867 insaniat
1221 1808 1367 1885 prodito
1379 1811 1480 1875 fuco.
1526 1813 1636 1876 Bedda's

435 1906 490 1949 cos
512 1889 578 1949 scio
599 1908 769 1967 nunquam
788 1894 981 1950 cessaturos.
1025 1887 1232 1967 Quamquam
1250 1889 1382 1955 Bedda
1407 1898 1637 1975 quantumlibet

435 1971 539 2032 hostis
555 1991 621 2033 non
636 1971 800 2052 probauit,
816 1979 855 2033 vt
869 1971 1020 2033 ederetur
1036 1969 1189 2051 Scaligeri
1207 1971 1382 2038 furiosum
1402 1990 1637 2061 nugameut-tm

390 2075 421 2124 15
436 2055 563 2115 Furtim
587 2075 743 2116 excusum
768 2060 829 2129 est,
849 2061 884 2116 et
903 2055 1094 2133 aliquandiu
1114 2075 1271 2135 pressum,
1301 2058 1422 2123 donec
1452 2066 1488 2126 in

434 2139 564 2199 veniam
581 2138 841 2218 qualemcunque
862 2159 883 2199 a
903 2140 1096 2217 nescioquo
1115 2138 1351 2203 Lieutenanto.
1403 2145 1463 2209 De
1484 2148 1565 2211 fisso
1579 2146 1639 2209 nihi

434 2221 540 2282 habeo
548 2222 637 2301 quod
646 2222 869 2302 respondeam,
878 2223 940 2283 nisi
949 2222 1032 2283 illud
1041 2221 1370 2301 iurisconsultorum,
1378 2227 1639 2294 Abundsnscau·

435 2304 501 2366 tela
512 2325 578 2366 non
588 2312 693 2367 nocet.
727 2304 799 2367 Scio
810 2305 889 2366 mihi
901 2325 969 2366 rem
980 2325 1050 2366 esse
1060 2325 1135 2366 cum
1146 2305 1366 2369 facetissimis
1377 2310 1511 2377 beluis.
1546 2316 1640 2378 Iamo

434 2387 622 2468 Euangelici
639 2390 783 2466 quidam,
798 2408 938 2467 quorum
953 2390 1108 2468 magister
1121 2388 1297 2450 scelerosus
1316 2391 1378 2453 ille
1400 2394 1556 2473 Gelrius,
1570 2399 1642 2460 mus

387 2492 421 2528 2ο
434 2472 559 2532 technis
570 2472 632 2533 hoc
643 2479 755 2551 agunt,
766 2479 804 2533 vt
815 2472 960 2534 Caesaris
969 2492 1007 2533 ac
1019 2471 1213 2533 Fordinandi
1224 2473 1380 2537 animum
1391 2477 1434 2539 in
1447 2500 1507 2543 me
1518 2484 1641 2545 irritat

433 2555 643 2634 Argentorati
653 2556 856 2617 excuderunt
865 2555 1012 2616 libellum
1019 2555 1196 2616 Teutonico
1205 2561 1323 2617 contra
1332 2556 1641 2627 Caesar-eamme-

434 2644 564 2711 statem,
584 2641 704 2718 inquo
724 2639 861 2700 subinde
880 2639 987 2700 citant
1004 2639 1218 2700 autoritatem
1238 2639 1384 2716 Erasmi,
1406 2643 1501 2710 locis
1519 2649 1642 2730 aliquot,

433 2729 472 2782 vt
492 2723 646 2802 suspicor,
662 2722 822 2802 decerptis
836 2742 854 2782 e
868 2721 1041 2802 prouerbio
1061 2721 1260 2783 Scarabaeus
1278 2725 1453 2803 aquilam,
1474 2739 1516 2794 et
1530 2732 1642 2813 praeis

433 2806 521 2866 tione
531 2807 564 2865 in
574 2804 776 2868 Suetonium.
797 2806 871 2867 Non
881 2805 1007 2879 dubito,
1017 2807 1097 2884 quin
1106 2805 1186 2866 haec
1195 2812 1296 2885 agant
1303 2804 1437 2888 Capito
1446 2819 1488 2875 et
1498 2814 1643 2887 Buoerns.

386 2908 419 2959 25
433 2888 572 2951 fortasse
580 2889 760 2951 adiuuante
771 2888 856 2951 clam
867 2888 1131 2970 Epphendorpio.
1175 2888 1309 2951 Librum
1323 2893 1493 2959 nondum
1505 2899 1587 2974 vidi,
1598 2897 1645 2961 md

433 2992 501 3034 rem
518 2973 614 3035 hodie
634 2975 771 3053 cognoui
792 2993 833 3035 ex
855 2972 974 3034 litteris
995 2971 1124 3035 Cardin.
1143 2972 1335 3047 Tridentini,
1353 2978 1417 3055 qui
1433 2978 1644 3045 Fordinando

432 3063 534 3136 ceput
551 3063 602 3117 est
621 3055 742 3118 Secreti
760 3057 894 3130 consilii,
917 3056 997 3117 mihi
1017 3056 1224 3136 singulariter
1240 3057 1378 3120 amicus.
1425 3061 1644 3145 Argentorah'

431 3159 527 3200 nemo
546 3141 722 3218 quicquam
745 3141 778 3201 in
800 3160 851 3201 me
873 3139 1007 3201 molitus
1028 3146 1089 3213 est,
1111 3140 1302 3220 priusquam
1323 3159 1365 3202 oo
1389 3150 1645 3229 commigrasset

431 3222 643 3302 Nouimagus,
662 3225 718 3302 qui
737 3243 825 3284 nunc
846 3224 915 3303 agit
932 3222 1110 3302 Augustae,
1133 3222 1373 3303 profiteturque
1394 3227 1582 3295 Poeticam
1602 3253 1644 3294 sa

387 3325 418 3375 30
432 3306 522 3379 lario,
548 3313 587 3367 vt
611 3308 715 3379 aiunt,
739 3308 909 3385 sexaginta
937 3306 1143 3367 florenorum.
1187 3306 1275 3367 Bene
1303 3306 1421 3383 habet,
1454 3317 1558 3391 quod
1586 3316 1645 3378 duo

431 3388 614 3469 Coryphaei
628 3391 803 3470 perierunt,
819 3390 985 3468 Zuinglius
1000 3391 1034 3450 in
1048 3390 1126 3462 acie,
1148 3388 1424 3469 Oecolampadius
1439 3399 1557 3473 paulo
1575 3407 1645 3480 post

430 3472 514 3534 febri
528 3479 562 3534 et
576 3480 790 3552 apostemate.
834 3472 929 3547 Quod
943 3474 971 3533 si
985 3473 1049 3533 illis
1063 3473 1200 3533 fauisset
1214 3471 1359 3546 ἐνυάλιος,
1375 3482 1504 3541 actum
1520 3490 1598 3544 erat
1610 3483 1646 3544 ds

430 3557 533 3617 nobis.
577 3555 626 3617 De
651 3557 831 3636 professore
859 3556 941 3618 nihil
965 3556 1080 3629 habeo,
1106 3556 1196 3634 quod
1220 3557 1384 3635 pollicear.
1432 3559 1506 3624 Hic
1533 3569 1645 3628 vnicns

430 3646 503 3700 erat
524 3640 652 3700 Erasmi
675 3642 780 3701 nostri
803 3646 1004 3720 praeceptor.
1048 3638 1082 3700 Is
1107 3639 1192 3701 olam
1213 3640 1413 3718 demigrauit
1435 3643 1644 3726 Argeum.

385 3741 417 3791 35
432 3729 513 3795 tum,
536 3742 645 3784 amore
667 3731 785 3786 sectae.
828 3722 946 3784 Omnia
970 3722 1082 3784 studia
1105 3722 1156 3783 hic
1177 3721 1342 3796 deficiunt,
1366 3735 1523 3806 excepta
1549 3732 1645 3795 Iuris.

431 3806 613 3885 prudentia.
658 3806 786 3867 Titulos
805 3812 937 3868 tantum
952 3805 1021 3867 vidi
1038 3804 1328 3867 constitutionum.
1371 3805 1449 3870 Hoc
1464 3823 1594 3892 agunt,
1609 3837 1646 3878 ne

466 3947 521 3982 1-2.
540 3932 746 3997 propemodum
763 3947 883 3981 excusus
900 3931 955 3992 est]
973 3931 1003 3981 It
1054 3929 1190 3980 Franok’s
1225 3930 1368 3989 Chronica,
1404 3933 1558 3997 asyma.
1594 3942 1646 3993 „a

430 4000 487 4050 hed
496 3999 639 4063 appeared
648 4000 711 4064 by4
721 3999 789 4049 Feb.
804 4012 877 4062 1532,
890 4014 936 4048 sse
947 3998 1001 4063 Ep.
1054 3997 1438 4115 &aelymllllssllmuliu
1445 4001 1544 4118 {⁰⁰¹5
1554 4008 1645 4060 sm..

499 4104 504 4115 .
573 4104 579 4115 .
1128 4078 1216 4122 ,11.
1278 4081 1365 4115 eren
1411 4081 1517 4120 caron
1584 4076 1590 4087 “

430 4079 1002 4196 ²⁵ll)Ssolllatuspraesidem]PierrsLiaet,
1054 4077 1259 4196 blylrlipllors.
1279 4132 1388 4196 345-80,
1410 4134 1512 4187 where
1528 4089 1645 4193 lzlgelswil

431 4200 470 4263 †7
487 4200 563 4251 June
582 4213 656 4265 1554,
673 4200 737 4250 who
751 4199 818 4249 held
834 4198 912 4248 office
929 4198 1002 4248 from
1052 4198 1137 4262 again
1164 4198 1329 4250 mentioned
1351 4213 1384 4250 as
1411 4199 1576 4258 Erasmm’
1605 4211 1645 4260 in.

432 4280 603 4383 ¹⁵²lrl⁵⁵s2l
640 4333 748 4396 Jsees
792 4335 858 4393 265
936 4348 976 4381 nn
1053 4266 1484 4385 ξῖἓωῗῖἰοῗξῖῗῖξῖἕιᾞὲ
1511 4272 1645 4392 12⁰ssan

482 4371 488 4383 ·
531 4350 550 4384 u
596 4349 638 4383 1⁸0
773 4370 779 4382 ·
861 4369 867 4380 ·
899 4369 906 4390 s
978 4368 984 4380 ·
1104 4368 1112 4389 r
1233 4369 1241 4392 s
1395 4369 1403 4392 r
1622 4360 1645 4393 u

463 4349 504 4451 lo.
522 4345 1001 4460 LieutensntoJJghnllorilr.⁷Tho
1052 4397 1178 4463 wrongly
1186 4397 1333 4450 identified
1343 4398 1414 4450 with
1422 4399 1551 4456 Bucer’s
1565 4410 1643 4474 Apo.

429 4467 647 4532 rough·draftof
658 4465 1002 4516 Erasmus‘lettertohim
1053 4465 1133 4528 lepis.

430 4534 495 4598 (Ep.
514 4535 591 4597 2577)
611 4533 679 4583 does
698 4538 749 4583 not
766 4533 829 4597 give
846 4533 891 4581 his
907 4547 1000 4591 name,
1086 4545 1127 4594 33.
1145 4531 1188 4581 De
1205 4531 1373 4596 professore]
1391 4532 1417 4582 Α
1436 4536 1596 4597 professor
1612 4543 1643 4593 of

429 4600 484 4651 but
501 4601 636 4650 Erasmus
653 4616 706 4649 can
722 4599 824 4662 hardly
839 4599 912 4648 have
929 4599 1001 4648 been
1052 4598 1175 4649 Hsbrew
1201 4604 1233 4648 to
1261 4598 1371 4664 replace
1400 4599 1580 4667 Campensis
1609 4617 1642 4660 gs

428 4667 561 4732 ignorant
574 4668 604 4717 of
620 4669 645 4717 it
661 4682 693 4716 as
710 4667 737 4744 it
753 4681 875 4731 appears
893 4680 931 4715 on
951 4665 1001 4715 the
1051 4664 1228 4743 l3usleidsn's
1263 4664 1323 4716 coll
1357 4681 1382 4716 e.
1428 4665 1483 4718 We
1524 4681 1641 4727 cannot

428 4732 990 4865 Mus,
1051 4731 1174 4848 seul
1278 4682 1394 4784 sn,
1420 4733 1451 4783 ⁰*
1481 4734 1640 4793 m

428 4878 502 4929 2573.
515 4869 606 4930 28-32.
1083 4868 1125 4928 3⁶·
1142 4864 1399 4928 Constitutionum]
1413 4864 1474 4916 The
1487 4869 1635 4934 politicel,

463 4948 502 4992 19·
520 4933 856 4994 Gelrius]Geldenhauer.
953 4999 958 5011 Ι
1049 4933 1201 4991 economic‚
1219 4932 1278 5011 ond
1292 4939 1463 4999 sumptuary
1482 4950 1622 4992 measure

460 5014 501 5051 21.
518 5000 644 5052 libellum
661 5000 826 5063 Teutonico]
849 4999 999 5051 Sebastran
1049 4999 1172 5051 referred
1183 5004 1215 5051 to
1226 5015 1257 5051 ιιι
1268 4998 1323 5066 Ep.
1336 5011 1411 5064 2575.
1423 5003 1500 5064 52-6.
