4042 5900
430 648 490 709 112
754 642 953 707 LETTERS
974 643 1030 708 OF
1052 642 1256 708 ERASMUS
1535 646 1629 725 [1531

429 806 505 868 inda
525 805 703 886 prodirent,
726 824 867 884 querum
888 804 986 867 lectio
1006 824 1073 866 non
1094 804 1252 866 minorem
1274 822 1370 884 saepe
1391 803 1542 866 fructum
1563 806 1629 867 suis

430 909 531 970 quam
548 888 756 986 voluptatem
775 888 902 950 adferre
922 888 1016 950 solet.
1059 886 1232 949 Caeterum
1250 888 1339 967 quod
1358 887 1399 949 de
1417 907 1479 962 me,
1497 907 1540 949 ex
1563 908 1628 968 quo

430 994 451 1035 e
465 973 612 1053 Brisgoie
630 972 771 1045 drscessi,
785 992 826 1033 ne
844 991 944 1033 vnem
963 971 1096 1050 quidem
1117 970 1291 1052 epistolem
1308 972 1496 1051 recaeperis,
1512 972 1628 1034 iustior

386 1090 418 1126 10
430 1062 516 1119 esset
537 1057 599 1117 tibi
620 1075 735 1116 caussa
757 1055 922 1134 querendi.
967 1054 1088 1117 Verum
1107 1056 1135 1116 si
1155 1074 1223 1116 rem
1241 1056 1356 1135 ipsam,
1377 1061 1416 1115 vt
1434 1073 1477 1115 ne
1496 1056 1627 1117 interim

432 1140 512 1219 quid
532 1159 655 1212 causer,
670 1159 712 1199 ex
732 1139 844 1200 ordine
863 1139 1027 1200 attentius
1046 1137 1238 1219 perpendes,
1254 1138 1335 1199 nihil
1356 1157 1435 1199 sene
1448 1139 1522 1212 erit,
1538 1139 1628 1218 quod

432 1223 485 1285 vel
500 1242 627 1284 mecum
642 1223 711 1284 iure
725 1222 881 1302 postules.
915 1222 1036 1302 Itaque
1050 1221 1182 1283 fabulae
1197 1222 1400 1283 ectum-ita
1413 1240 1501 1282 nunc
1516 1222 1627 1303 appel·

431 1307 499 1369 lere
523 1306 673 1368 libet-si
698 1310 806 1378 vacet,
829 1306 942 1385 paucis
967 1306 1096 1385 accipe;
1127 1306 1248 1385 quippe
1271 1324 1381 1384 quem,
1403 1309 1444 1365 vt
1464 1323 1524 1366 nec
1548 1305 1629 1367 mihi

432 1391 539 1451 relatu
554 1389 737 1462 molestam,
752 1389 801 1450 ita
815 1408 874 1450 nec
889 1388 951 1449 tibi
965 1388 1177 1449 iniucundem
1191 1388 1309 1449 auditu
1324 1388 1393 1449 iore
1407 1392 1461 1449 set
1475 1388 1554 1449 scio.

388 1506 418 1557 15
474 1473 537 1534 Vix
557 1473 618 1534 sub
633 1471 778 1551 Aprilem
797 1471 994 1551 Lugdunum
1012 1472 1181 1544 redieram,
1197 1490 1300 1550 quum
1319 1472 1430 1533 subito
1446 1472 1629 1534 amicorum

432 1558 568 1637 quidem
582 1576 603 1617 a
617 1557 723 1636 primo
737 1555 845 1636 lepide
860 1555 967 1617 obiter
980 1555 1061 1616 mihi
1072 1555 1205 1616 obuiam
1216 1554 1325 1616 iectus
1336 1574 1374 1615 ec
1389 1556 1423 1615 in
1434 1556 1509 1616 sinu
1518 1556 1629 1617 nescio

433 1640 512 1720 quid
529 1641 748 1720 praegestiens
764 1640 903 1717 roganti,
925 1637 1037 1699 Satin'
1055 1637 1145 1699 salue
1164 1639 1274 1699 omnia
1295 1637 1462 1712 heberent,
1484 1657 1628 1701 commo-

433 1724 512 1786 dum
532 1723 689 1785 admonet
706 1741 773 1783 non
792 1721 933 1783 defuisse
952 1722 1019 1800 qui,
1039 1722 1119 1783 dum
1133 1720 1284 1801 Friburgi
1298 1721 1463 1800 Brisgoiee
1482 1721 1575 1801 apud
1594 1727 1630 1784 te

433 1826 570 1887 egerem,
582 1807 727 1868 absentis
738 1806 877 1885 phamee
888 1806 937 1866 ite
947 1806 1066 1867 sensim
1077 1805 1311 1878 obtrectarent,
1323 1805 1371 1866 ita
1385 1804 1629 1880 insidiarentur,

387 1924 421 1960 20
433 1890 532 1969 idque
545 1889 589 1950 ob
603 1909 706 1951 vnum
721 1894 854 1950 tentum
869 1889 958 1969 quod
973 1888 1147 1950 Erasmum
1161 1907 1228 1950 non
1242 1887 1369 1968 vulgari
1386 1889 1532 1950 emicitia
1546 1889 1630 1951 mihi

433 1975 644 2036 coniunctum
658 1974 850 2045 inuisissem,
865 1978 905 2032 vt
919 1973 985 2033 iam
999 1973 1090 2052 apud
1109 1972 1232 2033 multos
1247 1972 1351 2033 nostri
1367 1971 1509 2033 nominis
1525 1973 1629 2035 etiem

433 2058 675 2119 amantissimos
689 2056 774 2117 mele
792 2060 828 2117 et
847 2056 1022 2136 plusquam
1037 2056 1159 2135 tragice
1178 2055 1292 2116 audire
1306 2073 1393 2116 veno
1407 2073 1537 2116 rumore
1556 2075 1629 2118 coe·

433 2142 546 2222 parim,
564 2140 646 2202 adeo
664 2146 704 2200 vt
721 2146 756 2200 et
778 2140 885 2219 coepti
907 2139 1007 2200 ferme
1029 2139 1237 2218 poenituerit.
1276 2137 1357 2199 Vide
1375 2157 1473 2211 nunc,
1493 2158 1629 2217 quaeso,

433 2226 479 2286 mi
498 2224 643 2296 Erasme,
659 2243 759 2301 quam
777 2242 929 2302 peruerse
948 2224 1016 2283 sint
1035 2222 1203 2283 hominum
1221 2222 1350 2295 iudicia,
1365 2240 1466 2300 quem
1480 2224 1630 2303 corrupti

388 2339 421 2390 25
434 2326 549 2381 mores,
565 2325 665 2385 quam
686 2306 773 2367 mala
792 2325 893 2378 mens,
909 2305 1016 2367 melus
1032 2307 1169 2367 enimus.
1213 2305 1328 2384 Neque
1346 2304 1489 2367 adhunc
1504 2304 1629 2367 celum-

433 2393 523 2453 niem
538 2389 743 2451 artificiosius
757 2390 948 2451 struendam
963 2389 1070 2450 defuit
1084 2389 1215 2450 interim
1229 2388 1347 2450 sciolus
1361 2387 1496 2467 quidem
1510 2388 1628 2450 irater·

434 2474 537 2547 culus,
567 2473 761 2546 cucullatus,
789 2477 992 2553 personatus,
1018 2472 1169 2552 indignus
1197 2491 1275 2533 sane
1299 2490 1397 2551 quem
1422 2471 1475 2532 vel
1500 2471 1629 2535 calamo

434 2558 629 2619 nominatim
644 2557 826 2636 depingam,
843 2558 900 2636 qui
914 2556 1097 2617 absentiam
1113 2575 1134 2617 e
1147 2556 1237 2617 curie
1250 2561 1364 2617 nostre
1379 2556 1436 2631 (sic
1451 2556 1630 2617 coniectari

435 2641 524 2718 licet)
542 2641 586 2707 ὡς
602 2639 696 2718 λάρος
710 2646 749 2719 τῇ
766 2639 848 2718 ἄγρᾳ
866 2638 1005 2719 κεχηνώς
1024 2640 1210 2712 Obseruauit,
1227 2639 1405 2700 functionis
1421 2638 1629 2717 euangelicae

389 2756 423 2806 30
435 2743 563 2798 munus,
586 2725 644 2804 qui
664 2743 740 2785 vere
760 2725 879 2785 mimus
900 2728 982 2797 eret,
1005 2728 1126 2784 temere
1148 2723 1210 2783 sibi
1227 2723 1345 2784 asciuit
1365 2727 1401 2783 et
1421 2722 1471 2783 ita
1489 2721 1630 2785 feliciter

435 2809 550 2881 obluit,
570 2814 610 2868 vt
631 2808 784 2869 morionis
804 2808 985 2888 cuiuspiam
1005 2807 1117 2886 potius
1137 2806 1269 2886 parteis,
1291 2807 1318 2867 si
1339 2811 1493 2868 constans
1513 2811 1566 2867 est
1586 2805 1629 2868 de

435 2891 565 2954 homine
585 2891 714 2972 phame,
730 2897 830 2970 etque
848 2890 1091 2969 eco<l>esiastee
1109 2890 1153 2952 ad
1167 2889 1326 2971 populum
1340 2908 1434 2969 egere
1448 2888 1629 2965 videretur,

435 2995 494 3038 neo
509 2976 576 3036 sine
590 2975 725 3036 cachino
739 2976 868 3054 saepius
881 2975 925 3036 ab
935 2975 1014 3053 ipsis
1025 2974 1194 3035 audiretur
1203 2973 1421 3035 mulierculis:
1443 2992 1483 3035 eo
1492 2979 1629 3036 tentum

436 3059 546 3120 animo
568 3058 696 3131 ductus,
719 3076 785 3136 quo
805 3058 934 3119 facilius
954 3076 1073 3119 nomen
1095 3076 1203 3118 meum
1222 3057 1312 3136 apud
1334 3057 1520 3137 imperitam
1540 3057 1628 3137 plee-

390 3173 423 3224 35
436 3141 584 3203 beculam
599 3142 883 3221 promiscuumque
892 3141 1010 3221 vulgus
1021 3140 1074 3202 vel
1085 3140 1154 3202 solo
1168 3141 1298 3201 nomine
1310 3139 1476 3202 Erasmico
1484 3141 1630 3202 inuisum

436 3227 540 3304 magis
558 3225 708 3286 redderet
724 3244 841 3302 meque
860 3224 944 3285 falso
961 3224 1096 3285 tandem
1114 3223 1317 3285 insimularet
1335 3224 1503 3303 aspergine
1521 3243 1629 3286 nouae

436 3309 531 3369 istius
548 3308 673 3369 farinae
691 3312 727 3368 et
746 3313 816 3368 tem
834 3309 952 3386 impiae
972 3312 1089 3379 sectae,
1105 3327 1125 3368 e
1140 3327 1206 3386 que
1225 3306 1372 3387 proiecto
1386 3311 1519 3368 tentum
1534 3307 1631 3368 ebsst

437 3391 606 3453 Mellarius
623 3398 663 3452 vt
682 3389 729 3456 δὶς
746 3390 796 3451 διὰ
815 3393 971 3468 πα[σ]σῶν
984 3397 1086 3469 etque
1103 3410 1144 3450 ex
1159 3390 1320 3452 diametro
1335 3389 1377 3450 ab
1392 3409 1431 3451 ee
1445 3409 1521 3451 vere
1536 3390 1629 3451 dissi·

437 3476 524 3548 deat,
540 3475 774 3553 dissidebitque
790 3474 900 3553 quoad
915 3475 1004 3535 vitae
1020 3493 1155 3553 pensum
1170 3475 1242 3553 ipse
1257 3472 1408 3534 Lachesis
1422 3472 1628 3553 persoluerit.

390 3592 424 3642 4⁰
436 3558 579 3619 Adfuere
600 3564 634 3618 et
656 3558 730 3619 huic
752 3577 887 3618 scaenae
909 3559 966 3635 qui
985 3557 1103 3618 ultimo
1120 3559 1210 3617 actui
1227 3556 1441 3636 colophonem
1464 3558 1631 3637 imponere

437 3641 569 3714 vellent,
581 3643 667 3702 inter
680 3660 762 3721 quos
773 3660 857 3702 vnus
871 3642 998 3720 egregie
1013 3659 1090 3701 sene
1105 3639 1202 3703 laude
1215 3641 1375 3719 nouisque
1390 3639 1512 3701 scilicet
1526 3659 1629 3701 enna-

436 3726 523 3787 libus
534 3725 659 3804 diguus,
675 3724 807 3786 fabulae
817 3722 1003 3803 Calliopius,
1020 3725 1077 3803 qui
1091 3724 1152 3784 sibi
1166 3725 1227 3802 ipsi
1241 3724 1275 3783 in
1290 3723 1403 3803 primis
1413 3721 1521 3803 placet
1535 3724 1631 3786 vnioe

436 3809 562 3887 sibique
577 3808 701 3887 aliquid
715 3828 784 3868 esse
799 3809 969 3888 persuasit,
985 3809 1042 3886 qui
1056 3826 1184 3867 morum
1198 3826 1311 3868 censor
1325 3806 1475 3880 habetur,
1489 3806 1573 3868 elias
1585 3806 1631 3869 eb

437 3892 588 3953 omnibus
605 3893 722 3952 merito
740 3890 937 3964 censendus;
959 3892 1009 3951 vis
1027 3891 1134 3952 dicam
1154 3890 1302 3951 breuius:
1325 3888 1471 3968 τραγικὸς
1487 3888 1629 3970 πίθηκος.

390 4008 424 4058 45
437 3974 471 4036 Is
490 3974 688 4053 simulatque
705 3974 836 4036 fabulae
853 3979 1075 4035 commentum
1095 3973 1232 4035 vixdum
1253 3974 1309 4034 vni
1329 3978 1431 4053 etque
1444 3972 1541 4034 elteri
1555 3992 1630 4053 cog-

437 4059 545 4119 nitum
572 4059 713 4131 resoluit,
739 4059 848 4138 coepit
876 4058 1032 4119 continuo
1060 4058 1095 4118 in
1118 4057 1290 4118 Erasmum
1316 4056 1435 4129 inuehi,
1460 4056 1630 4119 absentem

437 4140 559 4214 rodere,
574 4160 697 4202 nouum
712 4143 818 4221 ignem
832 4142 986 4214 excitare,
1000 4147 1036 4202 et
1051 4141 1131 4219 quid
1145 4145 1235 4202 non?
1278 4158 1396 4202 nomeu
1413 4158 1523 4201 meum
1539 4140 1632 4220 apud

436 4229 614 4305 patronum
629 4226 728 4286 etiem
743 4225 892 4286 odiosum
906 4224 1040 4286 reddere
1054 4230 1089 4285 et
1103 4223 1193 4304 quod
1211 4230 1338 4286 sartum
1352 4227 1543 4302 tectumque
1559 4222 1632 4285 fieri

437 4308 586 4389 oportuit
606 4309 641 4368 in
661 4308 779 4388 vulgus
801 4308 959 4370 ementito
980 4327 1109 4369 rumore
1130 4326 1289 4387 spargere,
1311 4307 1443 4368 demum
1464 4306 1505 4368 de
1526 4326 1561 4368 re
1582 4307 1630 4368 in·

390 4424 424 4475 50
437 4392 568 4472 cognite
587 4393 810 4471 pronunciare,
825 4391 969 4453 breuiter
987 4391 1069 4452 nihil
1088 4410 1155 4452 non
1170 4390 1276 4452 fecere
1290 4390 1379 4470 quod
1398 4409 1497 4451 sanae
1510 4391 1631 4452 mentis

437 4477 488 4537 vir
504 4494 546 4537 ne
563 4479 747 4536 attentaret
766 4475 898 4554 quidem
918 4475 1019 4536 etiem
1036 4476 1071 4535 in
1089 4475 1365 4535 nocentissimum.
1410 4474 1530 4535 Parum
1552 4492 1631 4536 sena

789 4590 830 4640 33.
848 4576 997 4628 audiretur
1008 4595 1025 4626 a
1036 4595 1042 4626 :
1060 4576 1202 4627 aurit-etur
1213 4575 1278 4627 MS.

468 4693 512 4744 40.
529 4676 726 4742 colophonem]
738 4675 826 4741 Aduo.
841 4690 887 4740 1²4
890 4689 915 4738 5.
1057 4675 1108 4727 the
1118 4675 1211 4726 editor
1221 4676 1252 4726 oi
1262 4675 1409 4726 Terence's
1419 4674 1502 4740 plays
1511 4675 1570 4726 end
1578 4682 1631 4727 not

468 4742 1008 4810 42.ceuiopius]Apparent1yusedfor
1057 4742 1184 4794 chinric
1195 4742 1409 4807 reoitingthem.
1443 4741 1632 4793 Itisnoteble

436 4811 487 4863 the
509 4812 634 4863 misatur
651 4811 682 4861 of
701 4825 719 4860 a
738 4809 821 4874 play:
851 4825 897 4860 see
917 4809 1006 4873 Aduo.
1057 4809 1123 4860 that
1134 4809 1270 4860 Erasmus
1283 4808 1398 4860 himself
1412 4824 1502 4859 seems
1515 4809 1632 4860 toheve

436 4891 486 4942 445
511 4878 569 4928 and
591 4877 634 4928 De
656 4877 888 4927 Proauecintiona
908 4876 965 4927 LB.
989 4878 1008 4927 i.
1059 4876 1188 4926 retained
1215 4877 1392 4942 throughout
1417 4875 1468 4926 the
1492 4875 1632 4926 medieval

436 4957 530 5008 94⁰0o
542 4944 613 4993 with
625 4944 675 4994 the
689 4948 758 4994 note
771 4942 801 4993 oi
815 4942 934 5002 Ieolsrc,
946 4943 1010 4993 who
1060 4943 1159 4993 notion
1176 4943 1207 4992 of
1223 4960 1240 4994 a
1256 4943 1375 5007 comedy
1389 4956 1422 4992 or
1437 4941 1556 5007 tregedy
1570 4957 1604 4993 as
1613 4957 1631 4992 e

437 5011 533 5077 points
544 5017 597 5062 out
608 5011 674 5061 that
685 5010 714 5060 in
723 5011 783 5061 fect
790 5009 942 5075 calliopius
952 5025 1011 5060 was
1061 5010 1220 5061 recitation.
