4042 5900
298 657 393 736 2479]
584 653 639 717 TO
661 652 871 716 LEONARD
893 651 948 715 OF
968 650 1211 715 GRUYERES
1431 654 1490 713 251

298 814 467 892 insigniter
481 812 684 875 decreuerint
699 812 854 886 homines,
870 817 906 872 et
924 812 1001 873 anni
1019 813 1193 893 superioris
1212 816 1392 892 prouentus
1411 812 1493 872 satis

297 896 398 958 fuerit
412 897 578 976 benignus.

341 979 510 1041 Habemus
531 979 722 1059 iampridem
745 980 809 1039 tria
830 979 1035 1060 inauspicata
1052 980 1196 1050 numina,
1212 976 1376 1056 διχόνοιαν,
1389 976 1491 1055 βουλι-

297 1062 383 1142 μίαν,
397 1062 450 1123 καί
462 1062 579 1141 λοιμόν,
595 1062 714 1141 quibus
727 1063 755 1123 si
768 1081 802 1123 se
820 1061 1009 1123 adiunxerit
1029 1061 1046 1122 ὅ
1068 1061 1214 1134 ἐνυάλιος,
1229 1080 1343 1123 vereor
1359 1080 1400 1122 ne
1417 1079 1490 1121 con·
1507 1087 1538 1122 10

298 1147 472 1225 spiciamus
485 1147 520 1206 in
533 1151 608 1207 tota
621 1144 795 1207 Germania
808 1145 1026 1207 miserandam
1040 1164 1147 1206 rerum
1161 1144 1288 1206 faciem.
1322 1144 1439 1205 Precor
1453 1150 1492 1205 vt

299 1228 360 1290 hoc
392 1249 501 1291 meum
529 1249 653 1290 vanum
681 1231 725 1290 sit
753 1230 935 1308 augurium,
964 1235 1052 1289 certe
1080 1227 1238 1289 hactenus
1267 1246 1333 1288 non
1360 1226 1493 1307 placent

298 1314 473 1392 prooemia.
504 1311 590 1386 Quin
603 1318 639 1373 et
653 1311 735 1373 illud
750 1317 871 1384 metuo,
886 1330 927 1372 ne
942 1330 992 1372 res
1006 1311 1223 1384 sacerdotum,
1239 1330 1378 1389 quorum
1393 1329 1493 1371 causa

300 1395 431 1457 videtur
451 1397 513 1475 agi,
535 1394 637 1456 nihilo
662 1394 794 1456 meliore
815 1401 907 1456 statu
929 1393 1063 1455 futurae
1084 1396 1152 1455 sint
1172 1413 1272 1473 quam
1294 1413 1381 1455 nunc
1402 1399 1491 1467 sunt,

299 1480 427 1540 vtinam
441 1499 482 1539 ne
497 1479 664 1540 deteriore.
709 1479 754 1541 Vt
768 1483 876 1540 rectus
890 1479 934 1539 sit
948 1497 987 1538 ac
1004 1478 1144 1558 simplex
1164 1478 1349 1557 principum
1368 1476 1491 1551 oculus,
1507 1504 1538 1553 15

300 1581 384 1640 quae
398 1562 453 1622 fex
468 1562 637 1623 hominum
652 1561 714 1623 sub
728 1561 825 1623 huius
840 1561 918 1623 belli
932 1566 1107 1640 praetextu
1123 1559 1297 1621 inundabit
1311 1562 1345 1621 in
1359 1558 1491 1621 Germa·

299 1646 397 1718 niam,
421 1645 536 1706 Iudaei
565 1645 683 1724 quibus
711 1647 745 1705 in
768 1644 929 1723 Hispania
952 1663 1019 1705 non
1043 1644 1119 1704 licet
1142 1663 1212 1704 esse
1236 1644 1329 1716 tutis,
1352 1662 1394 1704 ex
1419 1649 1493 1704 tota

299 1727 473 1789 Germania
486 1728 664 1792 latrociniis
677 1748 716 1789 ac
730 1727 998 1808 praedationibus
1012 1728 1153 1788 assueti!
1191 1726 1285 1787 Adde
1300 1731 1410 1787 totum
1431 1726 1492 1787 hoc

299 1830 400 1890 genus
414 1817 474 1872 aut
488 1831 557 1873 esse
571 1830 769 1891 propensum
783 1812 817 1871 in
831 1817 996 1872 sectarum
1010 1816 1131 1889 partes,
1143 1816 1203 1871 aut
1216 1828 1285 1870 esse
1304 1808 1366 1870 hoc
1383 1811 1493 1871 animo

300 1901 340 1954 vt
373 1894 464 1956 nulla
492 1895 644 1975 religione
672 1900 854 1956 teneantur.
897 1894 950 1954 An
978 1901 1134 1973 putamus
1161 1892 1299 1954 feliciter
1330 1912 1493 1954 cessuram
1506 1921 1539 1958 20

298 1980 479 2039 arationem
494 1977 751 2040 inuitis-bubus?

341 2059 405 2122 Sed
420 2060 545 2134 horum,
555 2063 690 2141 inquies,
700 2061 868 2122 temeritas
875 2061 1059 2140 principum
1067 2061 1247 2121 autoritate
1258 2059 1492 2122 cohercebitur.

300 2143 429 2205 Scilicet
444 2145 594 2224 exemplo
608 2144 701 2206 nobis
712 2149 763 2205 est
774 2144 891 2217 Roma,
900 2148 1038 2221 totaque
1049 2142 1148 2204 Italia
1159 2150 1229 2204 tam
1238 2144 1353 2205 misere
1361 2150 1492 2205 vexata.

300 2227 497 2307 Exemplum
512 2235 563 2289 est
578 2228 711 2300 Vienna,
727 2228 801 2307 plus
815 2247 836 2288 a
850 2228 916 2288 suis
936 2226 1161 2288 defensoribus
1180 2246 1333 2307 perpessa
1351 2244 1452 2306 quam
1473 2246 1494 2287 a

301 2310 414 2371 Turcis
428 2311 586 2384 hostibus,
601 2312 629 2371 si
642 2330 721 2371 vera
735 2310 883 2372 scribunt
897 2311 954 2388 qui
967 2309 1034 2370 illic
1048 2316 1161 2390 agunt.
1191 2308 1254 2371 Sed
1268 2311 1302 2370 in
1317 2329 1383 2389 quo
1397 2309 1492 2383 bello,
1506 2337 1539 2385 25

300 2395 451 2472 quamuis
473 2414 586 2474 aequo,
603 2395 754 2474 quamuis
774 2396 862 2455 iusto
882 2411 950 2454 non
971 2392 1124 2455 audimus
1145 2393 1228 2454 tales
1249 2394 1493 2472 querimonias?

301 2476 445 2549 Morbus,
463 2479 598 2556 inquies,
617 2483 716 2538 atrox
734 2478 824 2538 duris
845 2476 995 2537 remediis
1016 2476 1181 2537 sanandus
1201 2482 1261 2538 ast.
1305 2476 1352 2537 At
1371 2474 1494 2538 Seneca

301 2580 367 2621 non
378 2560 497 2640 probat
508 2560 650 2621 remedia
660 2559 774 2621 morbo
784 2560 944 2639 grauiora.
970 2559 1017 2620 Et
1027 2558 1170 2634 Crassus,
1180 2559 1313 2621 medicis
1322 2559 1492 2633 obnoxius,

300 2644 436 2704 alterius
450 2644 551 2704 cruris
565 2645 741 2705 sectionem
761 2662 886 2723 passus,
901 2649 997 2704 vetat
1018 2643 1204 2723 chimrgum
1224 2662 1266 2704 ne
1287 2643 1331 2704 ad
1351 2642 1493 2704 alterum

301 2732 457 2799 transeat,
484 2726 571 2805 quod
599 2727 804 2788 existimaret
831 2728 1033 2788 curationem
1061 2745 1131 2787 esse
1159 2726 1274 2787 morbo
1301 2727 1491 2805 grauiorem.
1507 2752 1540 2801 30

301 2807 365 2870 Sed
379 2809 459 2888 quid
473 2809 529 2870 fiet
543 2811 673 2871 interim
689 2811 750 2889 piis
764 2829 802 2871 ac
817 2809 911 2871 bonis
925 2811 1013 2882 viris,
1023 2809 1143 2888 quibus
1151 2829 1217 2871 non
1225 2815 1276 2870 est
1286 2808 1493 2870 commodum

301 2912 343 2954 ex
358 2892 493 2954 vrbibus
507 2894 573 2955 suis
587 2894 753 2973 emigrare,
769 2899 886 2974 vtpote
900 2894 934 2954 in
948 2892 1068 2973 quibus
1082 2892 1207 2955 habent
1221 2911 1365 2966 vxorem,
1375 2891 1494 2954 liberos

302 2984 438 3050 teneros,
454 2985 604 3056 parentes
622 2983 732 3039 aetate
750 2997 871 3057 segnes,
889 2977 1014 3050 domos,
1034 2996 1158 3050 census,
1176 2976 1350 3050 debitores,
1365 2975 1493 3055 aliaque

301 3060 503 3122 retinacula?
525 3061 565 3121 In
580 3060 697 3121 horum
711 3062 821 3140 capita
835 3062 980 3121 maxima
993 3060 1192 3121 calamitatis
1207 3080 1283 3140 pars
1297 3060 1429 3121 recidet.

343 3142 445 3216 Quale
459 3143 535 3205 belli
548 3163 649 3223 genus
663 3143 725 3205 hoc
738 3144 889 3205 futurum
902 3150 963 3218 est,
972 3144 1063 3223 quod
1073 3145 1251 3205 maximam
1265 3142 1352 3204 orbis
1366 3149 1494 3223 partem
1507 3168 1539 3218 35

301 3232 353 3287 est
374 3232 632 3306 occupaturum?
661 3227 740 3302 Quis
761 3227 906 3289 medicus
930 3233 1042 3289 censet
1066 3228 1189 3288 veturia
1211 3232 1272 3288 aut
1296 3225 1494 3288 sectionibus

302 3309 472 3382 vtendum‚
495 3330 597 3390 quum
622 3310 756 3372 morbus
781 3309 906 3372 nullam
931 3311 1076 3391 corporis
1100 3316 1229 3390 partem
1254 3309 1386 3389 reliquit
1410 3311 1493 3370 inte·

301 3399 416 3472 gram
446 3392 615 3454 Habemus
636 3394 718 3454 duos
739 3393 933 3456 monarchas
950 3393 1045 3473 longe
1062 3395 1316 3474 potentissimos,
1332 3392 1494 3472 religionis

301 3481 459 3550 amantes,
475 3477 531 3537 sed
546 3477 686 3550 iuuenes,
701 3482 737 3538 et
754 3476 816 3538 hoc
834 3477 944 3539 fraudi
963 3479 1066 3557 magis
1082 3477 1225 3549 idoneos,
1241 3495 1307 3555 quo
1326 3482 1404 3537 sunt
1421 3495 1493 3555 pro·

302 3559 406 3620 biores
420 3579 458 3619 ac
473 3559 691 3639 religiosiores.
735 3559 870 3622 Carolus
883 3560 1170 3641 obtemperaturus
1189 3560 1320 3621 videtur
1338 3559 1495 3639 quicquid
1506 3585 1540 3635 4ο

301 3644 545 3722 praescripserit
559 3642 705 3704 Clemens
719 3645 774 3704 vii.
818 3642 913 3717 Quod
927 3645 954 3705 si
969 3644 1050 3705 deus
1064 3642 1150 3704 illius
1164 3648 1309 3705 mentem
1323 3642 1493 3716 aiflauerit,

302 3733 340 3786 vt
365 3725 446 3786 nihil
468 3726 669 3806 praescribat
692 3728 755 3788 nisi
777 3726 907 3788 Christo
931 3726 1076 3806 dignum,
1098 3726 1278 3806 sperandus
1301 3731 1353 3787 est
1377 3725 1495 3787 horum

302 3808 508 3870 tumultuum
519 3810 625 3870 laetus
636 3811 754 3871 exitus.
787 3808 861 3883 Sed,
874 3810 941 3884 sed,
953 3810 1134 3870 sed-nihil
1145 3809 1241 3871 addo.
1278 3807 1369 3889 Opus
1379 3814 1431 3870 est
1441 3809 1494 3870 hic

300 3894 429 3953 noctuis
442 3892 580 3971 aliquot,
595 3913 679 3972 quae
693 3913 751 3973 per
765 3893 917 3954 tenebras
932 3898 1110 3954 cernerent.

344 3975 522 4049 Postremo,
538 3976 618 4055 quid
632 3975 690 4038 fiet
711 3977 752 4037 de
769 3977 834 4037 mei
849 3975 1032 4037 similibus?
1054 3976 1125 4055 Ego
1145 3977 1210 4036 iam
1230 3977 1351 4054 partim
1372 3980 1493 4049 aetate,
1507 4000 1540 4051 45

301 4061 422 4139 partim
443 4059 582 4120 aduersa
601 4058 800 4132 valetudine,
818 4058 926 4121 iactus
945 4078 1018 4120 sum
1039 4078 1057 4120 e
1078 4079 1113 4120 re
1135 4057 1248 4119 mobili
1268 4078 1320 4119 res
1341 4058 1420 4133 soli;
1449 4060 1494 4120 sic

301 4144 388 4203 enim
410 4161 469 4202 vos
491 4141 601 4204 soletis
624 4142 731 4222 loqui:
755 4142 932 4221 videorque
956 4141 1210 4204 transformatus
1232 4142 1276 4202 ad
1300 4161 1402 4221 genus
1426 4143 1494 4202 ani-

302 4227 463 4286 mantium
493 4245 576 4305 quae
599 4233 760 4288 vocantur
784 4225 936 4287 adhaesa.
979 4223 1015 4286 Si
1039 4224 1204 4287 tumultus
1231 4226 1389 4298 extiterit,
1416 4225 1496 4305 quid

302 4315 405 4370 restat
419 4310 481 4370 nisi
496 4315 535 4370 vt
549 4328 654 4388 aequo
668 4310 779 4371 animo
792 4308 947 4370 decedam
958 4329 998 4370 ex
1010 4309 1072 4370 hac
1081 4311 1174 4370 vitai
1196 4308 1302 4370 Vocor
1312 4308 1495 4388 Augustam

302 4398 374 4453 tum
399 4393 631 4466 amantissime,
654 4399 727 4454 tum
748 4390 926 4472 magnificis
947 4392 1197 4453 conditionibus.
1241 4390 1306 4453 Sed
1326 4411 1392 4453 non
1414 4391 1496 4452 libet
1508 4414 1542 4464 50

301 4475 479 4554 periculum
507 4482 636 4537 mutam
664 4476 817 4556 periculo.
861 4475 966 4537 Vocor
993 4477 1028 4536 in
1056 4475 1199 4547 Italiam,
1228 4473 1436 4548 Sabaudiam,
1461 4480 1496 4535 et

301 4555 450 4632 Galliam,
466 4559 523 4619 sed
538 4566 664 4620 certum
678 4565 730 4620 est
744 4577 810 4620 non
824 4559 934 4638 egredi
951 4558 1091 4621 ditiones
1108 4557 1262 4631 Caesaris,
1278 4558 1370 4618 cuius
1383 4556 1496 4618 fauore

301 4640 434 4702 substiti
449 4641 617 4716 hactenus,
632 4648 667 4703 et
686 4642 822 4722 longiori
842 4641 1037 4723 profectioni
1058 4661 1124 4703 non
1145 4642 1251 4703 audeo
1268 4640 1495 4720 corpusculum

301 4723 362 4784 hoc
395 4727 609 4787 committere.
653 4725 706 4786 Ad
738 4744 798 4787 vos
832 4725 1011 4805 demigrare
1045 4744 1178 4805 possum
1211 4743 1287 4785 cum
1315 4725 1495 4785 autoritate

786 4834 1027 4900 43.NressetJ.

337 4973 376 5023 17.
395 4959 506 5023 Iudaei]
518 4960 569 5011 See
580 4960 635 5025 Ep.
652 4974 727 5025 ²47²·
740 4964 783 5011 26.
923 4961 998 5025 2384.
1011 4963 1107 5024 50-69,
1118 4973 1193 5025 2437·
1206 4960 1315 5018 82-101,
1327 4959 1403 5025 2438.
1419 4972 1495 5026 33-4,

335 5041 377 5092 49.
396 5026 487 5078 Vocor
514 5027 686 5092 Augustam]
716 5028 768 5078 See
795 5027 872 5094 Elpp.
923 5040 998 5091 2525·
