4042 5900
509 686 571 747 ιιι
838 685 1036 750 saumas
1057 685 1337 752 orsassuus
1609 691 1706 768 [1531

510 844 587 905 licet
601 844 642 907 de
656 847 866 925 septuaginta
884 846 1065 908 animabus.
1109 847 1150 908 Id
1168 848 1278 926 arguit
1296 847 1386 927 quod
1403 846 1522 908 titulus
1539 866 1608 908 non
1627 867 1705 909 con-

510 930 600 1007 gruit
627 930 834 990 annotationi
857 932 1016 1009 sequenti.
1061 929 1112 991 Sic
1141 932 1227 992 enim
1256 931 1375 991 habet:
1407 930 1465 991 ‘In
1490 932 1706 1010 septuaginta

511 1013 655 1090 quinqua
683 1013 855 1073 animabus
885 1012 1055 1074 descendit
1079 1013 1179 1074 iacob
1190 1014 1208 1087 ',
1231 1033 1333 1092 quum
1361 1014 1534 1074 annotatio
1563 1033 1706 1093 sequens

448 1114 497 1166 455
512 1100 634 1155 tractet
648 1114 723 1156 eum
738 1096 863 1157 locum:
888 1095 1001 1170 ‘Quod
1021 1098 1103 1157 emit
1123 1096 1291 1158 Abraham
1312 1098 1420 1177 precio
1440 1098 1577 1176 argenti,
1593 1117 1616 1158 a
1630 1097 1707 1158 filiis

512 1178 611 1238 Emor
625 1177 683 1238 filii
697 1177 824 1240 Sichem
836 1180 853 1239 '.
885 1177 958 1253 Sed,
970 1185 1138 1258 vtcunque
1152 1179 1289 1241 fallebat
1304 1179 1431 1253 titulus,
1443 1181 1514 1260 ipsa
1528 1182 1708 1242 annotatio

511 1262 592 1322 satis
606 1261 753 1323 declarat
772 1264 805 1322 in
827 1282 925 1341 quem
944 1263 1053 1324 locum
1075 1269 1284 1342 competeret.
1328 1263 1377 1324 Ea
1399 1269 1498 1343 negat
1518 1264 1646 1325 nodum
1663 1265 1707 1326 de

512 1352 624 1424 empto
638 1345 810 1425 sepulchro
824 1346 923 1407 fuisse
942 1347 1098 1419 solutum,
1113 1365 1172 1407 nec
1187 1346 1376 1426 simpliciter
1389 1353 1489 1426 negat
1502 1346 1603 1408 fuisse
1618 1347 1706 1409 solu·

513 1434 595 1501 tum,
618 1428 675 1489 sed
696 1430 729 1488 in
751 1429 834 1490 libro
855 1429 899 1490 ad
920 1430 1176 1502 Pammachium,
1199 1430 1248 1491 De
1269 1432 1395 1509 optimo
1412 1450 1527 1509 genere
1544 1432 1706 1510 interpre-

448 1522 500 1584 4⁶0
513 1512 615 1584 tandi,
627 1518 725 1591 negat
734 1512 832 1573 fuisse
842 1512 997 1573 solutum.
1035 1511 1086 1574 Sic
1097 1514 1183 1573 enim
1195 1512 1319 1573 habent
1330 1533 1403 1574 mea
1416 1535 1422 1574 :
1446 1514 1565 1574 ‘Hunc
1579 1514 1706 1575 nodum

512 1594 577 1655 illic
595 1596 699 1655 nectit
714 1595 943 1674 Hieronymus,
958 1615 1018 1656 nec
1035 1615 1110 1657 eum
1124 1595 1275 1657 dissoluit
1285 1596 1303 1658 ³.
1347 1596 1432 1657 Nam
1447 1597 1615 1677 eleganter
1628 1617 1706 1658 cum

511 1677 662 1739 dissoluit
675 1680 709 1738 in
723 1678 968 1757 quaestionibus
982 1678 1162 1740 Hebraicis.

554 1760 674 1821 Verum
695 1762 756 1823 hoc
773 1761 949 1823 Ianiculum
966 1768 1027 1824 est.
1071 1762 1243 1823 Interdum
1263 1762 1375 1824 stilum
1398 1764 1528 1843 stringis
1549 1764 1706 1837 odiosius,

512 1863 586 1904 mea
600 1847 771 1917 sententia,
787 1865 886 1923 quam
902 1865 961 1926 par
975 1852 1035 1919 est,
1051 1848 1084 1906 in
1099 1844 1285 1919 Germanos,
1301 1845 1443 1907 velutin
1457 1847 1707 1909 Deuteronomii

449 1937 499 1999 4⁶5
513 1946 583 2006 cap.
602 1929 658 2000 vi,
680 1948 781 2006 quum
800 1930 828 1988 is
851 1928 942 1990 locus
959 1948 1027 1990 non
1047 1930 1193 2008 porrigat
1213 1948 1328 1991 ansam
1350 1930 1607 1991 incandescendi.
1650 1928 1706 1992 Sic

512 2011 597 2071 enim
610 2011 706 2072 dicis:
729 2011 858 2090 ‘Neque
869 2012 948 2073 haec
959 2012 1106 2085 dicimus,
1118 2012 1323 2091 quorundam
1335 2011 1570 2074 Germanorum
1581 2014 1708 2075 imitati

512 2096 755 2173 procacitatem,
771 2095 827 2173 qui
841 2095 903 2156 sibi
917 2095 1069 2156 omnibus
1082 2102 1117 2156 et
1131 2095 1192 2156 diis
1206 2101 1241 2156 et
1255 2096 1450 2169 hominibus,
1459 2103 1494 2158 et
1507 2096 1660 2158 humanis
1670 2103 1709 2157 et

512 2176 632 2237 diuinis
646 2178 742 2239 rebus
756 2177 969 2240 maledicendi
983 2178 1148 2240 licentiam
1166 2184 1367 2259 vsurparunt
1377 2181 1395 2240 '.
1431 2179 1515 2240 Fieri
1528 2185 1651 2259 potest,
1666 2186 1708 2241 vt

513 2262 547 2320 in
562 2259 735 2322 Germania
749 2263 816 2322 sint
831 2264 888 2341 qui
907 2282 974 2323 non
993 2267 1178 2342 temperent
1196 2282 1217 2323 a
1237 2262 1447 2342 blasphemiis
1466 2264 1500 2323 in
1517 2262 1627 2336 deum,
1648 2263 1708 2324 sed

451 2364 501 2417 470
513 2344 549 2403 in
562 2344 622 2405 hos
637 2344 806 2406 horrendis
816 2345 981 2425 suppliciis
989 2345 1274 2407 animaduertitur.
1297 2345 1343 2406 At
1352 2364 1412 2425 ego
1423 2345 1549 2408 Romae
1559 2346 1610 2407 his
1619 2347 1707 2407 auri·

513 2426 575 2488 bus
596 2428 709 2489 audiui
728 2427 887 2506 quosdam
908 2428 1137 2489 abominandis
1153 2428 1363 2508 blasphemiis
1377 2431 1411 2489 in
1429 2427 1595 2491 Christum
1618 2434 1654 2490 et
1671 2431 1708 2490 in

514 2510 600 2571 illius
621 2511 788 2591 apostolos
811 2511 1058 2585 debacchantes,
1081 2512 1179 2591 idque
1201 2512 1314 2574 multis
1335 2531 1463 2574 mecum
1484 2512 1707 2585 audientibus,

514 2594 694 2672 etquidem
710 2596 851 2674 impune.
896 2596 1022 2656 Ibidem
1040 2595 1163 2657 multos
1177 2596 1264 2668 noui,
1280 2596 1337 2673 qui
1355 2596 1657 2657 commemorabant
1672 2615 1709 2657 se

513 2676 604 2738 dictu
620 2678 783 2738 horrenda
793 2678 922 2739 audisse
937 2700 957 2739 a
972 2678 1168 2757 quibusdam
1180 2678 1404 2740 sacerdotibus
1414 2679 1509 2740 aulae
1518 2678 1709 2759 pontificiae

452 2780 501 2831 475
513 2761 680 2834 ministris,
696 2760 794 2840 idque
808 2763 842 2822 in
856 2764 927 2842 ipsa
947 2762 1054 2834 Missa,
1070 2768 1140 2822 tam
1162 2761 1256 2835 clare,
1272 2768 1311 2822 vt
1332 2781 1370 2823 ea
1387 2781 1454 2823 vox
1467 2762 1510 2823 ad
1523 2762 1709 2824 multorum

514 2863 609 2905 aures
623 2846 817 2924 perueniret.
861 2843 924 2905 Sed
939 2846 1054 2925 opinor
1072 2849 1107 2905 te
1125 2845 1216 2924 loqui
1237 2845 1277 2906 de
1299 2846 1390 2906 libris
1411 2864 1523 2907 eorum
1544 2846 1602 2924 qui
1618 2865 1709 2907 nunc

515 2947 602 2989 noua
616 2935 752 2990 tuentur
774 2928 938 3008 dogmata.
981 2926 1193 3002 Quorundam
1215 2948 1255 2991 ex
1278 2929 1329 2989 his
1350 2928 1613 2990 maledicentiam
1635 2928 1709 2990 infi-

514 3013 593 3071 ciari
606 3031 672 3072 non
687 3031 829 3091 possum,
845 3032 947 3090 quum
967 3031 1041 3073 eam
1056 3014 1124 3092 ipse
1138 3020 1192 3074 tot
1210 3013 1422 3074 amarulentis
1441 3011 1571 3073 illorum
1590 3012 1710 3073 libellis

515 3094 682 3156 confossus
703 3095 778 3175 plus
799 3098 880 3156 satis
901 3102 1057 3175 expertus
1077 3098 1147 3157 sim.
1190 3095 1341 3157 Ceterum
1362 3098 1397 3156 in
1418 3096 1517 3156 deum
1538 3096 1604 3157 illic
1626 3096 1710 3156 nihil

452 3186 502 3249 480
515 3180 638 3258 reperio
675 3179 903 3251 conuiciorum,
934 3181 1067 3240 tametsi
1101 3199 1183 3257 quos
1213 3186 1250 3240 tu
1280 3178 1414 3240 deorum
1442 3180 1573 3239 nomine
1602 3180 1711 3258 signes

515 3261 684 3322 addubito.
729 3262 879 3323 Arbitror
907 3263 993 3322 enim
1019 3269 1053 3322 te
1076 3264 1246 3323 nobiseum
1268 3263 1401 3323 vnicum
1427 3261 1573 3341 profiteri
1597 3261 1709 3324 deum.

515 3343 579 3405 Sed
593 3347 720 3405 vtinam
737 3345 799 3406 hoc
819 3347 940 3406 crimen
957 3346 1034 3407 solis
1053 3344 1222 3407 Germanis
1238 3346 1334 3407 obiici
1347 3347 1470 3425 possit:
1493 3345 1594 3406 latius
1614 3352 1712 3425 patet

515 3447 614 3507 quam
630 3428 794 3489 vellemus.

556 3509 681 3572 Similia
706 3511 867 3590 quaedam
891 3512 1106 3573 stomacharis
1129 3513 1164 3573 in
1187 3512 1330 3582 eiusdem
1354 3512 1461 3591 operis
1485 3531 1556 3592 cap.
1581 3512 1624 3572 xi.
1652 3532 1713 3592 per

452 3600 502 3665 485
515 3596 715 3656 occasionem
727 3595 863 3656 Dathan
877 3602 913 3657 at
926 3595 1060 3668 Abiron,
1072 3597 1105 3655 in
1113 3597 1300 3675 giganteam
1312 3597 1556 3657 immanitatem
1565 3614 1711 3674 quorun·

515 3677 602 3751 dam,
618 3698 757 3756 quorum
780 3680 931 3740 vesaniae
954 3680 1020 3740 iam
1041 3698 1100 3740 nec
1122 3679 1248 3740 coelum
1271 3679 1400 3740 sufficit.
1444 3678 1530 3753 Quid
1551 3684 1602 3739 est
1619 3679 1714 3740 istud

548 3808 606 3860 454.
624 3796 749 3860 quinque
771 3796 794 3846 J
816 3797 925 3848 limam.
949 3797 981 3848 in
1003 3796 1093 3846 N.r.:
1117 3812 1170 3848 cm.
1194 3815 1219 3846 α.
1327 3800 1386 3860 463.
1405 3795 1528 3846 odiosius
1550 3796 1667 3860 stringis
1689 3796 1714 3846 J

514 3864 572 3926 464.
590 3862 670 3912 velut
682 3863 712 3912 in
724 3881 756 3911 a:
774 3863 865 3914 veluti
875 3863 906 3914 J.
1008 3866 1100 3928 465-6.
1118 3864 1162 3914 Sic
1176 3864 1251 3913 enim
1265 3863 1349 3913 dicis:
1368 3862 1468 3928 Neque
1479 3863 1547 3912 haec
1560 3880 1591 3911 a:
1611 3861 1714 3927 Neque

514 3929 598 3987 enim,
611 3929 714 3993 inquis,
726 3930 779 3979 hoc
789 3929 821 3980 J.
911 3932 970 3995 468.
989 3930 1038 3981 Ita
1048 3936 1081 3981 tu
1092 3930 1216 3995 quidem.
1229 3937 1292 3980 anta
1303 3930 1376 3979 Fieri
1388 3930 1451 3978 odd.
1463 3928 1494 3978 J.
1585 3941 1644 3994 471.
1662 3929 1712 3979 de·

514 3995 685 4073 bacchantes
694 4003 758 4061 post
769 3996 952 4062 blasphemiis
962 3997 993 4047 J.
1002 4064 1008 4075 ·
1089 4011 1148 4062 47²·
1166 3996 1374 4075 debacchantes
1382 4003 1446 4060 post
1456 3994 1601 4060 apostolos
1612 4012 1667 4047 om.
1679 3997 1712 4048 J.

514 4075 572 4192 3140
572 4062 756 4180 nllhllaarhlom
769 4067 844 4180 quc.
862 4069 1025 4129 peruenerit
1035 4063 1067 4113 J.
1135 4064 1194 4129 484.
1212 4079 1274 4129 cap.
1288 4063 1361 4113 n.J
1369 4082 1375 4112 ε
1394 4078 1456 4127 cap.
1472 4077 1502 4111 ιο
1514 4082 1538 4112 a.
1616 4064 1712 4127 485-6.

548 4252 606 4302 459.
624 4238 696 4288 libro
723 4239 761 4290 ad
789 4239 1013 4302 Pammachium]
1042 4241 1087 4290 ie.
1138 4239 1313 4289 wordswere
1327 4254 1345 4288 a
1358 4238 1432 4289 later
1446 4238 1591 4289 addition:
1610 4238 1668 4288 and
1681 4239 1713 4288 in

514 4305 651 4356 Jerome's
663 4306 717 4370 Ep.
730 4306 789 4366 lvii,
801 4307 902 4365 where,
912 4307 1050 4372 speaking
1058 4307 1088 4357 oi
1138 4307 1254 4370 making
1282 4307 1332 4355 the
1360 4305 1489 4356 addition
1515 4306 1560 4356 his
1584 4319 1714 4370 memory

514 4372 565 4422 the
577 4371 760 4437 discrepancy
771 4374 900 4423 between
916 4375 986 4424 Acts
1000 4387 1025 4436 7.
1041 4388 1088 4437 14-
1138 4388 1228 4423 seems
1237 4373 1439 4437 againtohave
1446 4371 1711 4437 playedhimialse3

517 4441 549 4488 16
564 4438 622 4488 and
638 4438 708 4489 Gen.
727 4453 768 4502 33.
789 4454 834 4500 19:
852 4444 895 4503 46.
916 4454 957 4503 27,
975 4440 1089 4490 Jerome
1139 4441 1183 4490 ior
1196 4440 1246 4489 the
1261 4440 1333 4489 knot
1345 4439 1436 4488 which
1448 4439 1562 4489 Jerome
1575 4439 1671 4489 untias
1682 4439 1713 4488 in

514 4505 610 4555 writes
630 4505 747 4556 ‘differo
765 4507 935 4557 solutionem
955 4511 986 4557 et
1004 4507 1088 4557 istius
1138 4507 1189 4556 the
1211 4506 1301 4566 Queat.
1325 4506 1405 4555 Hebr.
1428 4507 1453 4556 is
1472 4507 1502 4556 in
1519 4507 1579 4555 fact
1598 4505 1665 4556 that
1682 4507 1714 4555 in

514 4572 773 4637 quaestiunculae’.
1138 4574 1295 4623 connexion
1306 4573 1378 4623 with
1390 4574 1495 4637 Actsy.
1512 4587 1552 4636 14,
1565 4578 1617 4622 not
1631 4586 1656 4635 7.
1671 4575 1712 4622 16.

548 4642 607 4702 461.
625 4639 766 4701 dissoluit]
789 4639 934 4690 Erasmus'
957 4645 1026 4691 note
1050 4655 1089 4691 on
1139 4641 1175 4690 In
1188 4639 1238 4690 the
1252 4639 1292 4689 De
1306 4639 1369 4689 Rae.
1387 4639 1477 4697 Oeae,
1493 4639 1548 4688 Bla.
1560 4639 1590 4688 iii
1601 4638 1669 4699 (LB.
1683 4655 1711 4690 v.

515 4705 586 4755 Acts
602 4718 628 4769 7.
648 4708 680 4756 16
696 4707 727 4756 in
743 4708 782 4757 its
796 4706 914 4770 original
927 4708 1001 4757 form
1018 4708 1089 4757 ends
1140 4707 1272 4768 rosso-n)
1311 4707 1448 4756 Erasmus
1486 4705 1629 4755 mentions
1663 4707 1713 4755 the

515 4772 586 4823 with
610 4771 757 4824 ‘dissoluit
767 4773 784 4824 '.
822 4773 882 4823 The
904 4774 996 4824 words
1020 4774 1089 4824 ‘hoc
1160 4772 1267 4823 roblcm
1282 4789 1315 4822 aa
1329 4790 1347 4822 a
1361 4773 1444 4824 stocla
1458 4772 1597 4837 difficulty
1608 4771 1638 4822 oi
1650 4772 1712 4823 bib·

515 4854 584 4889 sane
600 4839 671 4899 loco,
689 4839 739 4890 sed
756 4855 821 4890 eum
838 4840 980 4904 eleganter
996 4840 1086 4906 expli·
1136 4789 1200 4890 hed
1211 4840 1354 4890 criticism.

515 4907 827 4967 catinQuaastiom'bus
837 4906 1090 4973 Hebraicis'being
1173 4909 1232 4971 466.
1262 4907 1361 4972 Neque
1389 4906 1470 4967 haec]
1498 4905 1549 4969 op.
1578 4903 1658 4956 Omn.
1693 4907 1712 4955 i.

515 4974 609 5024 added
630 4975 660 5023 in
682 4973 755 5024 later
778 4975 909 5025 editions.
951 4974 1088 5025 Erasmus
1141 4975 1219 5024 168³.

515 5055 606 5093 seems
622 5046 654 5092 to
670 5041 744 5093 have
761 5043 906 5106 icrgotten
922 5041 989 5092 that
1007 5041 1089 5092 these
1174 5041 1233 5105 484.
1250 5055 1313 5104 cap.
1326 5040 1366 5101 xi]
1379 5039 1429 5104 Op.
1442 5038 1521 5091 Omra.
1534 5039 1552 5088 i.
1567 5051 1644 5103 170s·
