4042 5900
504 672 566 734 rac
831 673 1029 737 nnrrnas
1051 672 1331 736 ornaremus
1608 676 1707 752 [1531

505 830 626 892 Verum
644 851 704 911 ego
720 831 802 893 nihil
819 832 910 893 eliud
924 834 1118 912 persuadere
1133 833 1196 894 tibi
1210 834 1354 894 conabor
1369 851 1469 912 quam
1483 832 1576 912 quod
1590 834 1707 894 animo

505 921 565 976 tuo
578 916 802 993 gratissimum
816 915 976 995 rebusque
991 917 1058 977 tuis
1072 916 1173 977 fuerit
1187 916 1460 978 comodissimum.

548 996 717 1070 Quantum
735 1017 775 1058 ex
798 1000 1057 1060 reuerendissimi
1076 1001 1219 1080 episcopi
1237 999 1430 1061 christofori
1448 999 1581 1071 litteris,
1597 1018 1705 1078 quan-

506 1087 579 1140 tum
609 1083 688 1142 item
721 1101 763 1141 ex
794 1083 861 1143 tuis
890 1083 1054 1162 intellego,
1083 1082 1180 1144 video
1212 1089 1246 1143 te
1275 1083 1425 1162 Friburgi
1457 1082 1501 1144 ad
1529 1082 1706 1145 Kalendas

460 1192 493 1244 45
507 1161 689 1243 Septembr.
710 1183 911 1238 mansurum,
933 1186 994 1227 nec
1016 1166 1133 1227 dubito
1154 1167 1194 1242 (si
1213 1165 1362 1227 Christus
1382 1166 1462 1226 mihi
1483 1165 1706 1227 valitudinem

506 1266 695 1326 prosperam
709 1247 810 1309 fuerit
828 1249 979 1328 largitus)
995 1250 1073 1327 quin
1094 1250 1224 1310 interim
1246 1256 1280 1309 te
1297 1251 1358 1310 sim
1373 1251 1513 1310 visurus.
1556 1249 1648 1310 Nam
1663 1269 1707 1310 ex

507 1329 593 1391 Vrbe
615 1338 753 1410 expecto
774 1333 808 1392 in
829 1332 898 1393 dies
920 1332 1066 1413 diploma
1087 1333 1253 1411 quoddam
1275 1352 1295 1393 a
1314 1332 1494 1405 Pontiffiee,
1514 1332 1607 1411 quod
1628 1351 1707 1393 cum

507 1432 666 1493 recepero,
682 1416 839 1477 continuo
854 1416 930 1476 hinc
945 1415 989 1477 ad
1003 1435 1063 1477 vos
1077 1415 1271 1494 proficiscar.
1301 1416 1364 1477 Est
1377 1418 1426 1477 ita
1440 1415 1521 1477 mihi
1530 1417 1707 1495 negocium

507 1498 542 1557 in
570 1497 713 1575 quodam
743 1499 815 1559 loco
843 1498 933 1560 haud
958 1498 1072 1579 procul
1098 1519 1118 1559 a
1147 1498 1316 1579 Friburgo,
1347 1501 1439 1561 cuius
1464 1500 1595 1560 ratione
1626 1499 1707 1560 illuc

461 1608 494 1658 50
507 1582 641 1642 omnino
655 1582 808 1643 accedere
822 1601 874 1642 me
889 1583 1065 1663 oportebit.

549 1664 714 1726 Antonius
734 1665 900 1745 Fuggerus
918 1665 962 1727 ad
980 1665 1153 1727 castellum
1173 1685 1270 1727 suum
1285 1667 1452 1745 quoddam
1472 1666 1608 1727 secessit
1628 1685 1708 1727 curn

508 1767 609 1809 vxore
630 1754 665 1809 et
686 1748 796 1809 liberis
817 1750 920 1810 animi
940 1749 1109 1811 recreandi
1130 1768 1238 1810 causa.
1283 1749 1371 1811 Tuas
1393 1748 1437 1810 ad
1456 1749 1549 1810 illum
1570 1748 1708 1810 litteras

507 1850 567 1911 ego
589 1833 704 1911 recepi,
727 1851 809 1912 quas
830 1832 878 1893 illi
899 1834 1057 1894 continuo
1080 1834 1222 1906 mittam,
1246 1839 1281 1894 et
1304 1833 1426 1894 curabo
1451 1839 1490 1893 vt
1515 1832 1599 1893 aliae
1626 1838 1708 1893 tuae

508 1914 638 1977 litterae
653 1915 840 1989 Brasicano,
856 1922 890 1977 et
904 1916 1026 1996 quibus
1040 1915 1213 1989 debentur,
1229 1923 1317 1977 recte
1332 1916 1523 1978 reddantur.

463 2025 495 2076 55
551 1998 809 2077 Responsionem
828 2007 922 2060 tuam
941 1999 1071 2060 Alberti
1092 2000 1142 2060 Pii
1163 2001 1318 2061 conuiciis
1340 2000 1452 2061 videre
1472 2000 1596 2079 gestio;
1628 2018 1708 2060 cum

508 2101 646 2143 excussa
670 2080 779 2154 fuerit,
803 2102 882 2163 rogo
909 2083 1004 2144 nobis
1029 2101 1102 2144 eam
1127 2083 1252 2145 mittas.
1296 2083 1407 2144 Homo
1435 2101 1514 2144 sane
1542 2084 1618 2162 pius
1648 2084 1709 2161 qui

465 2165 468 2171 “
509 2164 729 2226 Franciscana
743 2165 871 2228 cuculle
885 2166 927 2227 ad
943 2185 1079 2247 superos
1093 2172 1184 2228 recta
1200 2166 1427 2228 subuoleuerit
1446 2185 1506 2227 nec
1525 2166 1708 2227 demonum

509 2249 720 2321 incursiones,
731 2253 828 2311 tanto
839 2251 986 2312 munitus
997 2250 1169 2331 praesidio,
1181 2251 1372 2329 expauerit;
1395 2251 1475 2311 mihi
1491 2269 1569 2310 sane
1579 2248 1708 2322 Mnus,

509 2332 657 2411 dialogus
672 2339 759 2404 tuue,
775 2334 810 2394 in
824 2339 968 2394 mentem
982 2340 1129 2407 venerat,
1144 2333 1313 2394 intellecta
1327 2333 1546 2395 Franciscana
1563 2332 1706 2394 cuculla.

462 2432 497 2479 60
511 2416 656 2477 Risimus
670 2416 770 2495 igitur
784 2416 912 2478 affatim
926 2418 1015 2478 tenti
1029 2419 1092 2478 viri
1106 2415 1293 2496 religionem
1308 2422 1448 2478 tantam.

552 2499 598 2559 Mi
612 2498 758 2574 Erasme,
774 2508 808 2561 te
823 2520 881 2562 oro
899 2499 1003 2573 nobis,
1020 2520 1095 2561 eum
1110 2500 1190 2579 quid
1207 2502 1289 2561 certi
1308 2500 1527 2573 constitueris,
1543 2498 1709 2579 significes

509 2601 609 2662 quam
624 2583 682 2644 diu
696 2589 730 2645 te
744 2583 894 2663 Friburgi
908 2583 1055 2644 habituri
1069 2585 1172 2645 simus
1186 2584 1314 2663 etquid
1329 2602 1437 2644 rerum
1453 2602 1540 2663 agas.
1570 2582 1707 2663 Apoph-

510 2667 680 2746 thegmata
700 2673 760 2727 tua
776 2668 844 2729 vidi
864 2673 899 2727 et
918 2686 1047 2727 summa
1066 2667 1285 2728 delectatione
1299 2666 1371 2746 legi,
1386 2666 1572 2747 probantur
1585 2672 1621 2726 et
1635 2665 1707 2727 lau-

510 2750 634 2812 dantur
656 2750 699 2811 ab
725 2750 876 2811 omnibus
902 2751 1038 2825 merito;
1069 2750 1185 2830 quidni
1209 2751 1296 2811 enirn
1321 2750 1519 2830 probaretur
1547 2748 1637 2828 quod
1663 2749 1708 2810 ab

463 2849 497 2908 65
511 2834 650 2895 Erasmo
664 2833 849 2913 proiectum
863 2833 933 2894 sit?
969 2833 1059 2894 Deus
1073 2841 1108 2895 te
1122 2840 1295 2895 conseruet
1309 2833 1403 2895 nobis
1413 2840 1449 2895 et
1464 2833 1558 2894 bonis
1573 2832 1707 2906 litteris,

510 2924 549 2979 vt
564 2916 751 2978 huiusmodi
765 2915 893 2978 fructus
908 2935 949 2977 ex
964 2923 998 2978 te
1012 2917 1121 2998 plures
1136 2918 1339 2998 recipiamus.

551 3000 674 3061 Noster
688 3000 741 3061 ille
755 3006 835 3062 ante
848 3001 1028 3062 abitionem
1043 3020 1135 3062 suam
1151 3002 1280 3062 litterae
1291 3001 1335 3062 ad
1346 3020 1397 3062 me
1408 3000 1580 3062 blandiciis
1589 2998 1708 3080 plenas

511 3082 738 3160 (dissimuletis
758 3084 855 3145 rebus
873 3084 1037 3160 omnibus)
1057 3084 1158 3157 dedit,
1174 3085 1276 3145 verba
1296 3104 1373 3145 sane
1393 3084 1474 3145 mihi
1492 3084 1633 3145 daturus
1649 3084 1709 3163 qni

510 3173 598 3228 artes
622 3187 698 3228 suas
721 3169 869 3247 cognitas
898 3187 965 3228 non
995 3167 1144 3228 habeam.
1188 3168 1258 3246 Ego
1286 3186 1478 3248 persuasum
1508 3167 1615 3228 habeo
1644 3167 1709 3229 hoc

465 3275 498 3326 70
510 3252 679 3329 negocium
699 3251 829 3311 aedium
849 3259 983 3312 tuarum
1005 3250 1063 3312 illo
1083 3256 1199 3311 autore
1221 3250 1404 3312 subortum.
1447 3248 1511 3312 Sed
1532 3251 1596 3312 erit
1614 3250 1709 3313 locus

511 3334 568 3395 vbi
582 3334 631 3394 illi
644 3337 751 3413 gratia
765 3334 937 3396 referetur.

553 3417 642 3479 Bene
657 3419 729 3479 vale
747 3424 782 3480 et
796 3437 866 3492 nos,
882 3425 920 3479 vt
937 3418 1027 3491 iacis,
1042 3423 1160 3478 mutuo
1179 3436 1289 3479 amore
1307 3436 1512 3497 prosequere.
1555 3415 1710 3479 Christus

510 3507 545 3562 te
559 3502 653 3562 nobis
668 3502 864 3564 incolumem
879 3507 1040 3582 perpetuo
1055 3507 1234 3562 conseruet.

552 3584 641 3646 Data
656 3587 704 3646 vi⁰
718 3586 794 3647 Kal.
810 3586 872 3647 Iul.
888 3601 1050 3647 mnxxxl
1064 3584 1241 3664 Augustae.

464 3691 497 3742 75
928 3668 1019 3730 Tuus
1033 3688 1075 3729 ex
1089 3669 1200 3729 animo
1214 3668 1262 3729 Io.
1277 3665 1435 3728 Cholerus
1448 3666 1664 3746 praepositus.

552 3776 738 3838 Clarissimo
759 3784 860 3856 atque
882 3777 1071 3838 doctissimo
1088 3776 1129 3837 D.
1148 3776 1286 3837 Erasmo
1306 3774 1530 3836 Roterodamo
1551 3773 1584 3837 S.
1603 3774 1710 3839 Theo·

510 3860 615 3939 logiae
629 3860 765 3921 Doctori
780 3858 1005 3922 Selectissimo.
1022 3859 1180 3939 Friburgi.

766 4124 911 4208 2506²⁵⁰⁷
957 4119 1010 4185 To
1027 4120 1215 4186 Bonrrscn
1232 4121 1450 4185 Audasson.

550 4247 642 4303 Basle
654 4246 719 4303 MS.
733 4248 794 4303 111.
808 4249 876 4304 AN.
893 4262 937 4317 15.
952 4261 999 4318 72.
1457 4248 1615 4318 Freiburg.

549 4322 586 4386 Q.
603 4338 647 4392 13.
1407 4326 1444 4378 26
1456 4324 1541 4379 June
1553 4330 1671 4391 (1531).

546 4439 603 4501 [An
615 4441 733 4506 original
743 4442 838 4502 letter,
850 4443 1012 4509 autograph
1023 4443 1208 4509 throughout.
1243 4442 1303 4492 Tha
1314 4441 1462 4508 year-date
1473 4458 1526 4492 can
1538 4443 1574 4492 be
1586 4441 1712 4493 inferred

512 4506 587 4559 irem
593 4508 644 4558 the
655 4514 788 4560 contente
798 4509 856 4589 and
868 4510 941 4560 from
952 4509 1113 4562 Boniiace‘s
1123 4510 1205 4575 reply
1217 4509 1282 4575 (Ep.
1295 4510 1395 4573 2507i]

680 4615 1070 4682 2505.66.recipianusl18.
1175 4631 1217 4682 73.
1235 4616 1317 4667 nobis
1329 4616 1396 4667 alc:
1414 4630 1467 4666 nos
1476 4614 1541 4665 MS.
1573 4621 1575 4623 ’

516 4709 862 4814 ffisssainroeno]
879 4749 995 4816 seonp.
1009 4754 1084 4816 2406.
1170 4749 1517 4812 58.Funua]1³ublished
1541 4749 1609 4799 reb.
1635 4753 1713 4812 1526.

1136 4817 1197 4868 The
1230 4818 1369 4880 exequiae
1406 4816 1572 4880 Seraphicoe
1608 4817 1714 4877 (which

513 4829 588 4946 ⁷³23.
606 4881 984 4948 Responsionemplpolocia
990 4885 1086 4936 acute
1137 4891 1266 4935 names
1281 4885 1331 4934 ore
1347 4883 1457 4934 funeral
1471 4883 1502 4933 or
1517 4886 1552 4933 A.
1569 4883 1648 4943 rius)
1662 4883 1715 4934 ‹un

514 4965 563 5001 m
578 4948 744 5013 rhapsodias
760 4950 865 5003 ailberti
881 4950 946 5011 Pii3
967 4966 1014 5002 see
1031 4951 1086 5018 Ep.
1137 4957 1190 5002 not
1200 4965 1308 5017 appear
1319 4951 1363 5001 till
1374 4950 1541 5015 Sept.1531.
1668 4969 1674 4977 ·

515 5019 580 5082 1634
591 5013 695 5068 introd·
950 5048 953 5053 <
1170 5021 1213 5083 67.
1232 5018 1336 5069 Noster
1347 5016 1404 5078 iile]
1416 5017 1574 5068 Lusciniue.
