4042 5900
455 649 518 707 478
803 644 1001 707 narrares
1023 643 1078 706 or
1099 643 1305 707 ramnus
1572 645 1654 721 [1532

395 822 441 871 125
455 806 608 867 dictionis
622 805 836 866 candidatus:
860 805 923 865 nisi
943 810 1057 865 tamen
1071 810 1110 864 tu
1129 804 1262 864 omnino
1280 822 1415 864 mecum
1433 802 1569 863 iocaris.
1602 799 1656 863 Sed

454 908 514 969 ego
534 890 580 949 sic
602 907 687 966 quae
706 907 727 948 a
744 894 778 949 te
799 888 986 949 scribuntur
1005 888 1216 968 interpretari
1237 886 1334 959 malo,
1352 905 1425 964 quo
1446 886 1582 971 interea
1597 886 1656 946 eins

454 973 615 1051 opinionis
630 978 707 1032 tuae
721 990 822 1032 vsura
835 971 934 1032 fruar.

495 1056 567 1117 Iam
582 1074 660 1116 vero
674 1055 761 1128 audi,
777 1073 907 1133 quaeso,
922 1073 1056 1115 cauum
1073 1054 1324 1127 controuersiae,
1339 1072 1430 1132 quae
1445 1052 1536 1114 mihi
1549 1052 1601 1114 hic
1613 1060 1657 1115 est

454 1159 528 1200 cum
544 1139 702 1219 praefatis
716 1137 942 1200 Ciceronianis.
985 1137 1068 1199 Cum
1089 1138 1266 1198 Patauium
1285 1137 1516 1209 aduenissem,
1532 1155 1655 1198 conuer-

393 1240 441 1289 130
454 1229 547 1285 satus
567 1224 672 1295 initio,
691 1227 792 1303 prout
811 1241 889 1282 rsus
906 1220 1109 1301 postulabat,
1126 1241 1202 1282 cum
1219 1220 1422 1299 quibusdam
1443 1220 1656 1292 nostratibus,

453 1326 492 1367 ao
501 1325 560 1386 per
573 1325 628 1367 eos
643 1306 736 1366 Italis
747 1304 911 1366 nonnullis
921 1306 1106 1366 insinuatus
1119 1304 1216 1366 huius
1227 1309 1345 1377 sectae,
1354 1304 1479 1365 audiui
1488 1303 1656 1383 aliquoties

453 1390 616 1451 Lazarum
630 1408 669 1450 ae
683 1388 826 1450 selutaui
840 1389 950 1449 etiam.
993 1387 1028 1448 Is
1042 1395 1155 1450 autem
1169 1388 1270 1449 libros
1283 1386 1453 1448 Ciceronis
1470 1386 1517 1448 de
1526 1385 1656 1449 Oratore

453 1473 682 1635 {sitiit
693 1473 751 1617 ‘ll
764 1472 897 1616 ellit
908 1471 1384 1632 tiltssittlffltlzi
1403 1471 1656 1616 emisi

392 1657 440 1706 135
453 1640 551 1718 primi
566 1639 618 1700 hio
638 1640 778 1700 nominis
795 1638 895 1719 paulo
916 1644 994 1699 ante
1009 1657 1085 1699 eum
1105 1638 1322 1718 profiteretur,
1338 1643 1373 1699 et
1392 1657 1474 1698 cum
1497 1657 1542 1698 ea
1560 1644 1654 1699 trans

454 1724 597 1783 cursatio
608 1722 688 1784 mihi
698 1729 784 1784 esset
798 1721 947 1795 molesta,
959 1728 1033 1782 tum
1048 1741 1126 1782 vero
1138 1741 1190 1782 me
1204 1720 1401 1783 detinebant
1411 1721 1654 1801 disputationes

453 1824 538 1883 quae
560 1806 612 1867 hic
635 1805 678 1866 ad
703 1825 868 1884 egressum
893 1805 1041 1866 lectionis
1064 1805 1177 1866 haberi
1201 1805 1318 1878 solent,
1341 1823 1422 1865 oum
1448 1805 1655 1867 auditonlsus

453 1895 600 1968 potestas
615 1888 804 1950 conceditur
816 1889 975 1951 aduersus
986 1890 1206 1968 praoeeptoris
1216 1889 1419 1949 sententiam
1430 1889 1469 1949 in
1482 1888 1654 1950 Scholasti-

453 1992 566 2033 corum
584 1973 705 2033 circulo
722 1973 982 2052 argumentandi.
1025 1972 1088 2033 Vbi
1105 1990 1183 2033 vero
1199 1971 1359 2032 Lazarum
1374 1971 1612 2046 deseruissem,
1625 1972 1653 2033 id

392 2076 440 2126 140
453 2057 568 2117 statim
597 2055 670 2117 illos
699 2075 794 2136 aegre
826 2055 952 2129 habuit,
981 2057 1076 2134 quasi
1104 2061 1345 2116 contemnerem
1376 2054 1557 2117 hominem
1591 2062 1653 2117 tam

453 2141 636 2218 praestanti
649 2140 831 2201 eruditione
845 2145 881 2199 et
894 2138 1105 2200 Ciceroniana
1118 2139 1272 2200 facundia
1287 2138 1492 2218 praeditum.

337 2220 340 2224 ’
495 2221 575 2283 Ilico
589 2224 701 2301 itaque
715 2223 828 2284 audiui
843 2223 1034 2295 conuitium,
1050 2223 1139 2302 quod
1158 2224 1220 2302 ipsi
1240 2228 1337 2282 atrox
1356 2241 1428 2283 esse
1449 2223 1653 2294 existimant,

452 2305 541 2382 quod
555 2324 621 2366 non
635 2325 739 2367 essem
753 2306 992 2378 Ciceronianus,
1007 2312 1079 2366 tum
1099 2324 1179 2367 vero
1195 2306 1284 2384 quod
1302 2325 1418 2366 essem·
1428 2306 1653 2367 Erasmianus.

452 2388 540 2449 Illud
555 2408 632 2450 vero
646 2409 705 2468 ego
720 2389 802 2450 bene
818 2391 884 2462 risi,
900 2388 940 2449 de
958 2389 1019 2450 hoc
1040 2391 1141 2450 etiam
1156 2408 1228 2449 sum
1245 2389 1414 2469 gloriatus,
1432 2408 1496 2450 neo
1517 2409 1589 2451 esse
1607 2409 1654 2451 me

391 2493 438 2542 ¹45
453 2472 560 2544 modo,
572 2472 630 2533 sed
644 2474 744 2534 etiam
758 2492 886 2552 semper
899 2472 969 2533 iore
979 2473 1142 2551 respondi.
1179 2472 1251 2533 Hoc
1261 2473 1422 2552 principio
1433 2472 1531 2546 dato,
1542 2473 1653 2534 deinde

451 2553 500 2614 illi
528 2574 570 2615 ex
598 2574 803 2635 quacumque
831 2558 1000 2618 occasione
1028 2555 1163 2617 laudare
1190 2556 1271 2616 mihi
1295 2555 1469 2628 Lazarum,
1497 2557 1652 2618 extollere

451 2637 623 2712 Bembum,
638 2658 779 2717 quorum
793 2640 926 2718 quidem
940 2640 1122 2719 praeconiis
1135 2638 1292 2718 refragari
1304 2637 1469 2711 nolebam,
1487 2644 1566 2700 tum
1580 2658 1653 2701 vero

452 2721 625 2782 Erasmum
649 2722 840 2802 deprimere,
865 2723 1046 2801 doctosque
1068 2724 1156 2783 viros
1178 2729 1272 2784 trans
1295 2721 1395 2800 Alpes
1419 2721 1518 2782 flocci
1540 2723 1652 2795 iacere,

452 2804 618 2877 iudicium,
642 2806 858 2867 eruditionem
884 2806 1190 2884 humanitatemque
1218 2824 1348 2866 omnem
1377 2804 1443 2865 illis
1467 2806 1651 2867 detrahere.

390 2909 438 2958 150
451 2885 546 2961 Quod
568 2907 627 2968 ego
652 2889 808 2951 deuorare
832 2908 898 2951 non
926 2891 1006 2951 satis
1032 2891 1137 2969 potui,
1162 2908 1221 2951 nec
1244 2888 1325 2949 mihi
1345 2888 1485 2949 deerant
1510 2891 1652 2952 rationes

450 2972 570 3049 quibus
599 2972 720 3033 cauilla
748 2975 893 3053 ipsorum
916 2973 1131 3035 confutarem.
1175 2972 1327 3034 Incendit
1354 2992 1433 3033 vero
1460 2972 1552 3035 hanc
1581 2994 1650 3036 oon-

451 3056 633 3116 tentionem
648 3057 761 3118 odiosa
775 3057 936 3135 quaedam
952 3059 1126 3119 morositas
1137 3057 1276 3118 illorum.
1319 3055 1405 3116 Nam
1420 3057 1449 3116 si
1463 3058 1559 3135 quod
1569 3058 1651 3118 iorte

451 3138 588 3200 verbum
603 3141 734 3213 excidit,
750 3140 839 3220 quod
853 3140 900 3200 illi
920 3160 954 3201 se
969 3141 1058 3220 apud
1077 3139 1264 3201 Ciceronem
1282 3141 1437 3219 reperisse
1456 3158 1526 3202 non
1541 3144 1650 3202 memi-

450 3228 581 3294 nerunt,
596 3242 662 3284 non
677 3243 768 3285 secus
784 3224 1033 3285 tumultuantur
1046 3242 1146 3301 quam
1161 3225 1189 3284 si
1211 3225 1322 3303 ingens
1337 3222 1471 3303 aliquod
1486 3225 1650 3304 flagitium

390 3326 437 3376 155
451 3307 660 3367 commissum
684 3314 779 3368 esset.
824 3307 896 3382 imo
924 3326 964 3367 ex
989 3306 1039 3367 his
1064 3308 1198 3385 quidam
1222 3307 1391 3387 gloriatur,
1413 3326 1448 3368 se
1469 3307 1652 3387 aliquando

451 3387 641 3450 Hermanno
663 3391 767 3451 Frisio
787 3397 889 3470 caput
906 3390 986 3452 sella
1005 3390 1206 3463 demulsisse,
1221 3391 1310 3469 quod
1329 3391 1436 3451 acrius
1457 3391 1652 3454 defenderet

451 3472 587 3533 verbum
602 3474 768 3551 quoddam
784 3476 892 3535 minus
907 3473 1162 3535 Ciceronianum.
1207 3473 1285 3546 Quis
1300 3493 1377 3535 vero
1391 3474 1516 3552 (ierat)
1532 3476 1650 3537 famili·

450 3574 541 3615 arem
555 3575 746 3631 sermonem,
759 3559 815 3636 qui
825 3558 954 3619 solutus
965 3563 999 3618 et
1014 3557 1096 3618 liber
1109 3577 1179 3618 esse
1190 3557 1297 3630 debet,
1307 3563 1404 3619 tanta
1414 3561 1652 3637 superstitione

451 3637 634 3719 adstringi?
669 3640 775 3703 Nimis
798 3647 910 3703 autem
934 3646 986 3702 est
1010 3640 1133 3720 puerile
1158 3647 1193 3701 et
1216 3640 1456 3714 scholasticum,
1479 3642 1517 3702 in
1543 3644 1652 3705 medio

389 3732 437 3778 160
450 3740 597 3782 sermone
615 3723 655 3784 de
673 3725 745 3785 aliis
764 3725 871 3798 rebus,
887 3725 930 3785 ob
950 3724 1124 3785 verbulum
1144 3725 1276 3785 vnicum
1293 3725 1328 3785 in
1347 3724 1499 3784 acerbam
1521 3745 1650 3806 reprae-

450 3803 637 3866 hensionem
652 3826 872 3888 prorumpere.

492 3888 561 3966 Ego
586 3890 698 3968 itaque
724 3911 798 3951 oum
821 3893 1035 3970 pertinaciam
1061 3891 1178 3952 horum
1204 3892 1512 3966 animaduerterem,
1540 3901 1576 3955 et
1600 3895 1651 3957 vel

449 3970 658 4032 dissuendam
679 3973 760 4034 mihi
778 3993 847 4035 esse
866 3975 1126 4036 familiaritatem
1149 3994 1223 4036 cum
1244 3975 1308 4036 illis
1326 3977 1527 4049 institutam,
1544 3977 1598 4039 rel
1618 3980 1651 4039 in

449 4074 562 4115 eorum
581 4061 693 4134 partes
713 4056 793 4117 mihi
813 4058 1054 4120 concedendum
1074 4059 1228 4132 riderem,
1250 4060 1362 4139 rogaui
1377 4059 1513 4120 tandem
1536 4067 1576 4122 vt
1598 4082 1651 4123 me

388 4148 435 4208 165
449 4138 674 4199 citharoedum
685 4159 755 4201 esse
764 4141 916 4215 sinerent,
928 4143 989 4221 ipsi
998 4143 1281 4216 essentcomoedi;
1298 4143 1531 4222 professionem
1541 4165 1650 4208 meam

448 4221 491 4281 ab
506 4228 661 4283 accurata
669 4223 802 4285 illorum
813 4224 974 4304 elegantia
985 4229 1122 4287 nimium
1134 4227 1307 4301 dissidere;
1330 4233 1527 4306 paterentur
1535 4231 1650 4308 itaque

449 4302 510 4364 hoc
534 4325 586 4365 me
608 4326 678 4367 esse
701 4307 789 4386 quod
813 4328 926 4382 essem,
947 4308 1062 4383 idest,
1083 4310 1241 4371 haberent
1262 4330 1315 4372 me
1336 4312 1421 4372 inter
1440 4311 1650 4374 Bartholicos

449 4387 703 4464 iurisconsultos,
726 4411 802 4452 oum
823 4393 910 4453 inter
935 4391 1041 4453 Crassi
1063 4392 1115 4454 vel
1137 4392 1312 4455 Scaeuolae
1337 4394 1514 4475 discipulos
1538 4396 1649 4458 locum

448 4489 618 4549 nunquam
641 4475 861 4537 ambiuissem.
904 4475 976 4537 Hac
1000 4496 1078 4536 vero
1098 4479 1305 4556 responsione
1322 4480 1547 4557 conquieuisse
1567 4480 1650 4542 mihi

387 4572 435 4621 170
448 4553 611 4617 videntur.
648 4556 719 4618 Iam
735 4561 821 4619 enim
836 4561 1011 4639 patiuntur
1025 4579 1077 4620 me
1091 4561 1192 4621 etiam
1207 4561 1346 4623 barbare
1362 4562 1459 4641 loqui,
1475 4565 1534 4641 qui
1548 4571 1650 4626 antea

447 4655 488 4696 ne
514 4636 615 4699 latine
638 4641 771 4718 quidem
795 4642 954 4715 ferebant,
980 4643 1043 4704 nisi
1065 4645 1166 4705 etiam
1192 4644 1408 4708 Ciceroniana.
1453 4647 1649 4710 Absurdum

829 4807 885 4857 157·
904 4795 978 4845 ierat
989 4795 1083 4859 suppl.
1096 4796 1127 4845 de
1139 4795 1260 4861 Hoynele.

448 4924 675 4934 Ἣ

733 5014 789 5073 156.
809 5012 975 5064 Hermanno
986 5013 1087 5077 Frisio]
1099 5014 1149 5066 See
1161 5016 1216 5080 Ep.
1228 5031 1288 5080 903.
1303 5032 1362 5067 12n.
