4042 5900
432 656 473 716 26
761 653 959 717 LETTERS
981 654 1037 717 OF
1058 653 1263 717 ERASMUS
1538 656 1633 734 [1530

386 844 418 894 ²5
474 813 594 875 Totam
618 813 686 874 fere
711 813 795 875 hanc
821 820 982 876 aestatem
1005 814 1126 875 luctati
1153 833 1267 875 sumus
1295 831 1370 874 cum
1398 813 1633 876 molestissimo

432 896 594 975 simulque
608 898 815 959 tenacissimo
830 898 954 959 morbo.
998 896 1108 958 Mense
1119 898 1240 959 Martio
1250 903 1286 958 et
1296 896 1401 976 Aprili
1409 896 1540 959 flabant
1553 918 1631 959 ven·

432 981 496 1042 tuli
510 981 644 1059 quidam
659 981 740 1041 mire
754 980 876 1054 blandi,
892 980 958 1054 sed,
974 981 1062 1059 quod
1083 982 1154 1061 ipsa
1167 1000 1202 1041 re
1216 987 1421 1059 compertum
1435 986 1497 1054 est,
1513 1000 1631 1043 nocen-

433 1064 559 1125 tissimi.
603 1064 718 1125 Multis
732 1064 949 1126 conciliarunt
964 1064 1136 1126 aduersam
1151 1063 1385 1137 valetudinem,
1401 1063 1523 1142 quibus
1536 1083 1632 1144 aegre

432 1147 525 1209 licuit
539 1147 746 1209 reualescere.

387 1261 420 1310 30
474 1231 622 1292 Andreas
636 1231 848 1294 Zebridouius
863 1238 1008 1293 aetatem
1023 1231 1143 1304 habet;
1166 1249 1225 1291 nec
1245 1229 1363 1291 dubito
1384 1231 1465 1309 quin
1485 1230 1537 1291 illi
1554 1249 1630 1292 con·

432 1321 498 1375 stet
513 1316 565 1376 sui
576 1315 701 1376 consilii
709 1316 804 1388 ratio,
816 1335 854 1376 ac
865 1333 959 1394 spero
971 1314 1060 1392 quod
1071 1321 1231 1392 sequutus
1242 1319 1294 1374 est
1302 1314 1441 1375 feliciter
1451 1332 1629 1375 cessurum.

432 1397 508 1459 Non
529 1398 681 1459 omnibus
702 1400 838 1477 ingeniis
859 1399 969 1460 omnia
991 1403 1185 1477 congruunt,
1207 1397 1292 1458 alius
1313 1397 1379 1458 alia
1400 1398 1456 1457 via
1478 1398 1631 1476 peruenit

432 1482 476 1541 ad
491 1483 695 1561 sapientiam.
741 1483 820 1543 Mihi
845 1488 932 1541 certe
956 1482 1128 1541 conuictus
1154 1481 1293 1542 hominis
1318 1486 1391 1541 erat
1414 1481 1629 1560 gratissimus.

433 1564 628 1643 Quanquam
650 1571 762 1627 autem
784 1567 818 1625 in
839 1566 957 1625 iuuene
979 1564 1101 1644 gloriae
1123 1565 1195 1625 sitis
1214 1563 1409 1625 nonnullum
1426 1569 1479 1624 est
1497 1564 1629 1637 vitium,

387 1678 419 1726 35
433 1655 545 1709 tamen
560 1650 669 1728 arguit
683 1668 872 1729 generosam
887 1648 1030 1709 indolem
1045 1649 1242 1727 minimeque
1257 1647 1503 1728 desperandam.

474 1731 538 1792 Hic
567 1734 630 1793 nisi
658 1751 710 1793 me
742 1731 865 1792 fallunt
899 1733 1018 1804 omnia,
1053 1731 1238 1793 videbimus
1269 1738 1423 1792 cruentos
1455 1729 1628 1792 tumultun

433 1815 592 1876 Exhibita
612 1821 691 1876 sunt
710 1814 947 1875 haereticorum
969 1813 1134 1893 dogmata,
1155 1815 1303 1876 exhibita
1322 1813 1568 1875 Catholicorum
1583 1832 1629 1875 re·

433 1900 574 1978 sponsio.
618 1897 745 1969 Caesar,
762 1900 827 1976 qui,
844 1899 893 1958 vti
908 1898 1023 1969 sentio,
1039 1916 1107 1957 rem
1128 1916 1258 1959 omnem
1273 1917 1313 1958 ex
1328 1897 1532 1977 praescripto
1546 1896 1629 1958 Pon·

433 1980 530 2042 tificis
554 1982 648 2060 gerit,
674 2000 741 2041 non
765 1982 893 2061 patitur
917 1981 1092 2059 quicquam
1119 1983 1244 2043 moueri
1266 1982 1301 2041 in
1325 1981 1376 2041 his
1400 1999 1485 2060 quae
1507 1981 1632 2060 recepit

386 2096 420 2146 40
433 2064 586 2125 Ecclesia.
623 2064 801 2126 Pollicetur
814 2072 926 2125 tamen
940 2083 975 2124 se
989 2065 1146 2125 vitiorum
1160 2065 1393 2126 correctionem
1403 2061 1632 2125 adhibiturum

433 2148 604 2225 utriusque
619 2154 728 2210 status
745 2147 960 2227 primoribus;
983 2154 1019 2208 et
1041 2148 1107 2208 iam
1129 2167 1216 2208 nunc
1238 2147 1459 2209 admonentur
1476 2147 1631 2208 ciuitates

434 2238 472 2291 vt
495 2231 674 2294 restituant
697 2232 784 2310 quod
806 2231 966 2311 episcopis
988 2251 1026 2292 ac
1048 2232 1274 2293 sacerdotibus
1299 2231 1503 2292 ademerunt.
1549 2230 1632 2291 Erat

434 2315 568 2376 omnino
591 2315 767 2396 premenda
792 2314 999 2393 quorundam
1023 2314 1146 2375 leuium
1175 2314 1306 2376 effrenis
1332 2314 1541 2394 petulantia;
1572 2332 1632 2375 nec

433 2399 577 2461 arbitror
587 2419 655 2461 rem
666 2398 750 2459 male
765 2417 938 2470 cessuram,
954 2399 981 2457 si
997 2404 1036 2457 vt
1050 2396 1170 2459 Caesar
1185 2418 1244 2479 pro
1256 2418 1316 2459 sua
1327 2397 1481 2477 religione
1489 2396 1633 2459 fideliter

387 2514 420 2565 4⁵
434 2485 607 2562 exequitur
622 2481 777 2560 quicquid
793 2481 946 2541 Pontifex
966 2481 1067 2554 iubet,
1088 2483 1136 2543 ita
1158 2482 1312 2543 Pontifex
1334 2481 1415 2542 nihil
1435 2480 1550 2542 iubeat
1569 2481 1633 2541 nisi

434 2566 523 2645 quod
537 2572 588 2625 est
602 2566 636 2624 in
650 2584 718 2625 rem
733 2564 896 2624 Ecclesiae
910 2563 1099 2626 catholicae.
1144 2564 1267 2626 Crescit
1281 2565 1402 2643 ubique
1416 2563 1633 2625 cardinalium

434 2668 606 2710 numerus:
626 2648 686 2708 hoc
702 2668 744 2708 an
759 2646 918 2726 gratulari
929 2648 1067 2709 debeam
1083 2648 1246 2709 Ecclesiae
1260 2650 1377 2709 nescio.
1415 2648 1552 2709 Veteres
1565 2666 1633 2708 non

434 2732 556 2810 absque
574 2751 673 2792 causa
692 2737 789 2791 tanto
811 2730 922 2792 studio
944 2729 1039 2792 Card.
1063 2732 1195 2792 turbam
1218 2733 1329 2792 conati
1351 2738 1430 2792 sunt
1446 2729 1633 2792 excludere.

433 2814 520 2875 Satis
537 2821 609 2875 erat
631 2814 737 2875 fastus
756 2815 790 2874 in
810 2813 908 2874 domo
928 2814 998 2886 Dei,
1015 2814 1089 2893 plus
1104 2816 1185 2875 satis
1199 2821 1272 2875 erat
1286 2815 1456 2876 hominum
1471 2812 1634 2875 deuoran-

387 2928 421 2979 50
433 2899 517 2959 tium
532 2898 693 2971 abbatias,
709 2898 877 2978 episcopas
891 2904 926 2959 et
941 2899 1127 2977 dignitates,
1143 2899 1282 2959 etiamsi
1294 2898 1345 2958 hic
1358 2903 1428 2959 tam
1439 2915 1636 2959 numerosus

433 3000 500 3042 non
519 2984 708 3043 accessisset
727 2982 855 3042 chorus.
900 2981 986 3043 Olim
1006 2982 1181 3042 cardinalis
1201 2983 1297 3043 officii
1311 3001 1431 3042 nomen
1445 2987 1527 3053 erat,
1543 3000 1635 3042 nunc

432 3070 483 3125 est
497 3067 596 3144 regni.
641 3064 704 3126 Sed
719 3065 780 3126 hac
794 3067 921 3126 ratione
936 3085 1012 3125 suas
1032 3085 1091 3137 res,
1108 3071 1147 3127 vt
1162 3066 1301 3135 videtur,
1317 3065 1499 3125 communit
1519 3063 1635 3135 Ponti·

432 3148 497 3221 lex,
513 3156 547 3209 et
562 3150 722 3228 principes
738 3149 861 3210 babent
876 3149 1064 3228 splendidos
1078 3148 1220 3209 famulos
1234 3148 1397 3209 Ecclesiae
1411 3148 1547 3208 salariis.

474 3232 543 3293 Nos
564 3232 640 3292 hinc
661 3233 905 3294 adornabamus
926 3234 989 3293 iter
1010 3233 1044 3292 in
1064 3230 1291 3304 Brabantiam,
1309 3231 1366 3292 sed
1386 3231 1483 3291 amici
1496 3228 1636 3308 quidam

387 3346 419 3395 55
433 3334 473 3376 ex
497 3314 574 3375 aula
599 3314 745 3376 Caesaris
763 3322 963 3377 monuerunt
986 3334 1026 3375 ne
1048 3333 1114 3392 quo
1136 3334 1300 3375 monerem
1322 3314 1438 3394 pedem
1460 3318 1539 3373 ante
1560 3331 1635 3392 per·

433 3404 582 3478 spectum
604 3397 740 3459 Consilii
761 3401 896 3460 exitum.
941 3397 1097 3459 Scribunt
1118 3398 1226 3458 adhuc
1250 3417 1417 3477 superesse
1438 3395 1635 3457 nonnullam

433 3483 522 3560 pacis
532 3501 632 3560 spem.
670 3480 734 3542 Sed
749 3482 866 3560 hyeme
875 3482 995 3560 lugere,
1012 3483 1039 3541 si
1054 3483 1162 3542 minus
1174 3487 1304 3542 vetaret
1314 3479 1636 3559 Euangelium,haec

434 3564 592 3626 valetudo
601 3584 668 3626 non
679 3566 839 3626 concedit.
878 3565 922 3626 Vt
931 3563 1050 3625 Caesar
1058 3567 1201 3626 maxime
1216 3564 1297 3625 velit
1308 3583 1432 3643 paoem,
1442 3562 1636 3643 Euangelici

433 3647 626 3708 iamdudum
641 3649 797 3710 videntur
812 3649 854 3710 ad
870 3648 993 3709 bellum
1004 3650 1133 3727 gestire.
1172 3648 1354 3710 Prouolant
1368 3646 1514 3725 vndique
1528 3646 1637 3710 libelli

386 3751 420 3796 oo
433 3731 476 3791 ad
498 3730 669 3793 Caesarem
691 3732 837 3811 aliosque
859 3733 1030 3812 principes,
1053 3731 1125 3792 dira
1146 3733 1338 3793 minitantes
1359 3730 1422 3791 illis
1442 3730 1477 3790 ni
1501 3736 1636 3793 mature

434 3814 586 3876 desinant
603 3817 751 3895 persequi
772 3817 947 3877 veritatem
968 3815 1210 3894 Euangelicam.
1257 3814 1427 3876 Caesarem
1452 3814 1636 3893 pinxerrmt

434 3898 569 3976 quidam
584 3904 710 3978 septem
725 3899 889 3978 capitibus
903 3899 1119 3978 ignominiosa
1133 3899 1292 3979 imagine;
1309 3898 1449 3959 sedeam
1460 3899 1634 3976 magistra·

434 3988 489 4043 tus
504 3983 692 4061 suppressit.

476 4065 516 4125 In
530 4084 582 4125 me
597 4085 663 4127 non
678 4066 785 4126 sobrie
800 4065 1054 4138 debacchantur,
1070 4084 1127 4126 sex
1142 4067 1208 4126 iam
1219 4065 1337 4127 libellis
1348 4065 1471 4126 emissis
1486 4064 1521 4124 in
1531 4068 1635 4143 caput

467 4219 508 4267 50.
527 4211 588 4255 tam
597 4222 764 4258 numerosus
771 4208 834 4258 add.
843 4208 881 4257 K.
945 4221 985 4270 5²·
1004 4206 1229 4256 vtvideturadd.
1239 4208 1277 4257 Κ.
1340 4210 1415 4257 61-2.
1434 4206 1600 4256 Caesarem.
1610 4243 1634 4257 ..

433 4272 831 4404 ῗιῖἕέξᾱιῗῐζὲἒοῇῗήοηοε
842 4274 995 4338 nescioqui
1007 4273 1155 4323 Caesarem
1167 4274 1320 4338 pinxerant
1331 4273 1448 4339 quidam
1459 4271 1637 4337 ἑπτακέφὼν

467 4553 508 4603 30.
527 4540 722 4604 Zsbridouius]
734 4543 785 4593 See
796 4542 851 4607 Ep.
866 4543 939 4592 1826.
961 4540 1006 4590 He
1093 4554 1134 4603 57.
1152 4539 1352 4604 Euangelium]
1364 4540 1447 4591 Matt.
1460 4554 1503 4604 24·
1516 4556 1559 4592 20.

433 4607 491 4657 had
502 4622 566 4657 now
578 4609 712 4659 returned
723 4616 754 4659 to
765 4608 883 4659 Poland.
1091 4612 1133 4657 62.
1152 4612 1264 4671 septem
1277 4607 1431 4671 capitibus]
1447 4607 1492 4658 No
1509 4607 1603 4660 doubt
1616 4624 1635 4661 a

500 4679 627 4724 aetatem
633 4675 731 4737 habet]
740 4675 786 4725 He
794 4691 852 4725 was
863 4675 953 4725 about
964 4688 1005 4738 34.
1058 4673 1634 4740 lampoonbaaeduponCochlaeus'Scpts‘-

467 4753 508 4803 37.
527 4740 676 4802 Exhibita]
693 4742 752 4792 The
768 4742 919 4807 Augsburg
936 4741 1005 4791 Con·
1058 4741 1274 4804 copulantem,
1284 4741 1406 4805 Leipzig,
1418 4757 1446 4790 v.
1459 4741 1633 4804 Scbumanm

433 4806 538 4857 lession
549 4822 608 4856 was
618 4808 684 4856 read
696 4807 865 4873 publiclyon
874 4823 907 4872 25
915 4808 1005 4867 June;
1060 4823 1091 4858 22
1104 4807 1184 4873 April
1199 4821 1279 4870 1529:
1298 4807 1334 4857 ci.
1347 4807 1401 4872 Ep.
1414 4808 1489 4869 2382.
1503 4809 1544 4870 38.

433 4874 484 4923 the
495 4873 681 4924 confutation
692 4889 729 4924 on
740 4889 755 4937 3
768 4877 888 4940 August.
1092 4879 1134 4939 64.
1153 4890 1217 4924 sex.
1227 4911 1232 4923 .
1241 4874 1366 4935 ‚libellisJ
1373 4875 1419 4924 An
1425 4875 1550 4925 increase
1556 4877 1635 4928 since

467 4941 542 5002 38-9.
560 4940 1004 5006 Pontificislcl.Ep.2366.19n.
1058 4941 1114 5006 Ep.
1132 4955 1207 5004 2329.
1227 4955 1311 5002 90-1:
1335 4941 1372 4991 cl.
1393 4941 1468 5005 Epp.
1492 4943 1568 5005 2382.
1590 4956 1634 5007 35,

468 5020 510 5072 54.
527 5007 623 5069 amici]
634 5005 678 5057 Cf.
690 5007 744 5072 Ep.
758 5011 833 5071 2360.
849 5023 908 5070 19n.
1058 5009 1133 5072 2383·
1145 5022 1188 5071 50.
