4042 5900
530 642 593 703 436
864 636 1063 700 astruas
1085 634 1141 699 os
1161 635 1379 700 ansanus
1662 641 1721 719 [ιο

533 819 669 879 rumque
701 798 993 879 Typographorum
1025 797 1207 877 quamlibet
1241 797 1462 877 importunis
1497 798 1725 879 Ηιςὶίιίὲοοίοι

534 884 725 962 obsequium
739 880 910 962 praefandi
924 882 958 942 in
971 880 1095 942 alienas
1109 879 1356 942 lucubrationes
1373 882 1416 942 in
1431 889 1619 962 posterum
1631 885 1726 944 omniu

534 986 717 1048 pernegare.
761 964 824 1027 Sed
846 965 888 1025 ab
909 964 972 1025 hac
990 964 1216 1036 adamantina,
1234 969 1273 1024 vt
1290 963 1378 1025 mihi
1401 966 1556 1044 quidem
1580 966 1726 1036 ridebatur,

506 1075 521 1124 5
535 1051 699 1111 sententia
708 1069 760 1109 me
772 1055 996 1109 transuersum
1011 1047 1157 1127 abripuit
1171 1046 1277 1107 Diuus
1291 1047 1462 1123 Basilius,
1477 1051 1536 1111 vir
1552 1052 1674 1131 optimo
1684 1052 1728 1111 iun

535 1134 643 1195 dictus
667 1133 814 1212 Magnus,
839 1132 896 1193 sed
924 1131 1061 1192 Maximi
1090 1132 1280 1210 cognomine
1308 1130 1464 1210 dignior.
1513 1133 1573 1194 Ex
1603 1134 1651 1195 his
1674 1153 1730 1213 qun

536 1236 632 1278 versa
655 1217 805 1296 legeram,
835 1214 940 1276 veluti
969 1234 1028 1294 per
1055 1213 1220 1286 nebulam,
1245 1214 1485 1293 suspiciebam
1518 1218 1645 1297 ingenii
1666 1217 1731 1278 dote

537 1300 632 1381 plane
646 1299 783 1372 diuinas,
799 1318 837 1359 ac
852 1304 966 1378 pectus
981 1298 1127 1359 humana
1140 1296 1328 1358 conditione
1340 1299 1474 1361 maius.
1523 1299 1650 1362 Verum
1663 1301 1732 1362 sinu

536 1384 650 1463 latque
664 1384 803 1463 contigit
818 1383 930 1443 audire
950 1380 1172 1443 Christianum
1189 1379 1472 1456 Demosthenem,
1490 1384 1567 1445 imo
1590 1384 1733 1446 coelata

492 1492 523 1527 ιο
536 1473 709 1539 oratorem,
720 1486 780 1527 sua
791 1467 901 1545 lingua
915 1464 1114 1544 loquentem,
1126 1465 1171 1525 sic
1183 1464 1329 1524 animum
1344 1483 1471 1527 meum
1489 1473 1613 1529 toturn
1626 1468 1734 1549 perculi

535 1551 818 1629 inflammauitque
827 1569 902 1610 vere
912 1549 1086 1610 flexanima
1095 1547 1253 1609 diuinitus
1262 1546 1369 1609 afflati
1379 1547 1567 1612 Pruesulis
1575 1551 1736 1631 eloquenti

536 1641 576 1695 vt
589 1633 670 1693 mihi
684 1634 765 1694 nihil
781 1634 869 1713 prius
884 1632 1066 1693 curandum
1081 1631 1230 1692 duxerim
1245 1649 1346 1710 quam
1365 1638 1408 1693 vt
1425 1633 1692 1697 inaestimabilis
1702 1634 1736 1695 lfa

536 1717 709 1779 thesaurus
732 1718 765 1777 in
788 1715 952 1796 publicam
973 1715 1156 1776 vtilitatem
1177 1716 1267 1794 typis
1287 1713 1534 1794 euulgaretur.
1583 1718 1738 1781 Etenimti

535 1822 588 1863 me
611 1800 787 1861 lusciosum
812 1818 849 1860 ac
878 1797 1070 1879 frigidulum
1098 1799 1144 1858 sic
1172 1798 1215 1858 ad
1243 1797 1381 1877 pietatis
1406 1817 1577 1863 amorem
1604 1802 1739 1872 accendit

493 1906 523 1955 15
537 1890 664 1964 quanto
686 1885 790 1962 magis
811 1883 917 1962 rapiet
938 1901 993 1943 eos
1015 1882 1072 1961 qui
1094 1900 1155 1961 pro
1180 1880 1298 1960 ingenii
1319 1879 1499 1945 felicitate
1523 1905 1656 1965 proque
1676 1886 1739 1965 aopi·

537 1970 641 2029 osiore
656 1967 814 2039 doctrina,
830 1985 932 2044 quum
947 1965 1198 2045 perspicaciores
1212 1962 1334 2024 habent
1352 1965 1493 2040 oculos,
1507 1974 1589 2030 tum
1605 1968 1650 2030 ad
1663 1970 1741 2049 pisa

536 2053 581 2112 tis
596 2049 742 2112 studium
759 2056 877 2129 suapte
895 2054 1014 2129 sponte
1031 2053 1110 2108 sunt
1127 2048 1362 2128 propensiores.
1409 2047 1545 2130 Neque
1560 2054 1652 2114 enim
1668 2053 1742 2124 hunt,

537 2141 577 2196 vt
598 2134 748 2206 arbitror,
771 2133 926 2194 affectum
946 2134 980 2193 in
1002 2151 1055 2193 me
1075 2132 1190 2211 genuit
1210 2150 1328 2191 arcana
1345 2132 1534 2210 quaedam
1557 2137 1744 2217 ingeniorum

537 2218 698 2299 cognatio,
724 2215 1000 2295 quemadmodum
1028 2234 1168 2295 puerum
1196 2215 1306 2294 rapuit
1330 2213 1414 2275 olim
1445 2215 1640 2293 Horatius,
1664 2238 1744 2299 quun

492 2322 525 2357 ιο
537 2303 606 2382 ipse
620 2299 766 2360 nondum
781 2301 895 2360 scirem
910 2318 993 2377 quae
1009 2318 1060 2360 res
1074 2317 1127 2359 me
1142 2303 1314 2377 tantopere
1329 2296 1531 2363 delectaret
1543 2324 1552 2363 ε
1581 2304 1666 2384 quid
1678 2305 1746 2365 euin

538 2384 709 2447 affinitatis
723 2382 800 2444 huic
815 2381 1006 2443 mortalium
1021 2381 1143 2454 infimo,
1159 2401 1234 2442 cum
1248 2382 1516 2460 incomparabili
1536 2385 1667 2449 heroe?
1699 2385 1746 2449 sel

538 2470 745 2546 omnipotens
773 2465 827 2526 ille
856 2464 997 2545 Spiritus
1028 2484 1087 2544 per
1115 2484 1271 2544 organum
1306 2463 1456 2527 electum
1490 2488 1601 2532 suam
1632 2488 1748 2532 exerens

538 2550 692 2630 ἐνέργειαν
715 2550 761 2609 sic
784 2549 885 2610 afficit
909 2550 1036 2609 animos
1060 2553 1200 2609 nostros.
1244 2548 1334 2609 Haec
1359 2554 1414 2609 est
1443 2552 1548 2613 enim
1576 2553 1648 2627 illa,
1674 2556 1748 2615 cuius

538 2636 701 2696 somnium
724 2632 823 2693 modo
845 2632 931 2693 vidit
955 2632 1061 2704 Plato,
1085 2651 1161 2693 vere
1183 2630 1404 2711 pulcherrima
1435 2652 1563 2697 rerum
1591 2639 1749 2718 sapientia,

493 2737 525 2786 25
539 2738 623 2798 quae
634 2716 860 2797 spiritualibus
875 2715 977 2776 oculis
991 2721 1167 2795 conspecta
1180 2714 1383 2776 incredibiles
1394 2718 1539 2779 excitat
1556 2740 1692 2783 amores
1703 2722 1749 2782 sui

581 2801 742 2881 Equidem
758 2799 990 2860 contumeliam
1007 2818 1078 2859 esse
1097 2798 1215 2872 iudico,
1231 2798 1343 2859 Basilii
1357 2798 1569 2864 facundiam
1590 2823 1749 2885 cumque

539 2874 772 2965 quam‘eorum
791 2902 980 2962 comparare
1000 2901 1140 2962 quorum
1159 2881 1382 2962 eloquentiam
1400 2901 1514 2963 supra
1539 2889 1688 2952 modum
1706 2888 1749 2951 ad·

540 2971 660 3031 mirata
682 2973 733 3029 est
756 2966 900 3038 Graecia,
922 2968 1019 3027 iuxta
1041 2966 1175 3027 modum
1204 2966 1370 3028 aemulata
1392 2965 1514 3031 Italia.
1566 2971 1654 3046 Quis
1678 2975 1750 3036 enin

540 3055 626 3114 inter
646 3052 718 3113 illos
738 3053 784 3111 sic
804 3050 956 3111 omnibus
978 3050 1107 3111 dicendi
1127 3050 1307 3110 virtutibus
1327 3049 1489 3113 excelluit
1512 3060 1560 3114 vt
1584 3058 1621 3118 in
1642 3078 1682 3120 eo
1698 3075 1750 3118 nou

495 3159 527 3208 30
541 3137 666 3215 aliquid
681 3134 733 3196 vel
749 3134 952 3196 desideretur
971 3133 1025 3194 vel
1046 3132 1215 3194 offendat?
1246 3133 1354 3194 'sonat
1371 3153 1409 3194 ιο
1424 3133 1595 3214 fulgurat
1611 3141 1750 3210 Pericles

541 3220 598 3281 sed
626 3222 694 3280 sine
725 3225 806 3279 arte.
850 3218 963 3278 Attica
996 3216 1182 3278 subtilitate
1215 3216 1453 3296 propemodum
1488 3219 1603 3301 friget
1637 3225 1751 3305 Lysias

541 3303 696 3364 Phalereo
721 3302 921 3363 suauitatem
947 3300 1109 3373 tribuunt,
1133 3301 1331 3380 grauitatem
1360 3299 1533 3365 adimunt.
1587 3307 1751 3378 Isocrates,

542 3386 727 3448 umbratilis
750 3391 871 3458 orator,
892 3384 1057 3446 affectatis
1076 3390 1263 3445 structurae
1279 3384 1423 3444 numeris
1443 3403 1486 3445 ac
1509 3391 1671 3466 periodis
1692 3411 1751 3453 ora

541 3472 640 3532 tionis
654 3469 798 3549 perdidit
813 3468 904 3529 illam
915 3468 1050 3529 natiuae
1061 3467 1213 3528 dictionis
1223 3468 1373 3547 gratiam.
1406 3466 1655 3548 Demostheni,
1665 3494 1753 3555 quan

496 3576 528 3626 35
541 3554 635 3616 velut
649 3553 801 3614 omnibus
811 3553 954 3612 numeris
965 3551 1155 3613 absolutum
1166 3550 1372 3629 eloquentiae
1383 3551 1588 3633 exemplum
1605 3559 1754 3638 producit

542 3639 585 3700 M.
609 3637 744 3709 Tullius,
766 3636 932 3697 obiectum
952 3633 1107 3713 estquod
1127 3636 1291 3696 orationes
1310 3633 1397 3695 illius
1418 3633 1555 3698 olerent
1575 3639 1755 3713 lucernam,

542 3741 602 3782 nec
617 3720 736 3781 desunt
750 3720 806 3797 qui
827 3720 860 3779 in
881 3738 921 3781 eo
935 3718 1074 3779 affectus
1093 3723 1128 3778 et
1148 3718 1371 3778 urbanitatem
1393 3719 1590 3796 requirunt.
1640 3725 1706 3788 Sed
1722 3733 1755 3785 rt

542 3805 684 3865 maxime
699 3804 818 3881 aliquis
832 3803 982 3863 extiterit
991 3803 1025 3861 in
1041 3820 1107 3880 quo
1121 3820 1226 3879 neque
1235 3807 1389 3862 naturam
1399 3819 1509 3878 neque
1524 3812 1647 3870 artem
1657 3829 1756 3890 neque

542 3887 808 3948 exercitationem
824 3886 996 3958 desideres,
1012 3903 1111 3963 quem
1130 3882 1210 3945 mihi
1224 3883 1327 3957 debis,
1343 3885 1399 3963 qui
1413 3884 1484 3945 diui
1500 3885 1630 3953 Basilii
1646 3900 1758 3974 peetus

496 3994 530 4044 4⁰
543 3971 675 4030 numine
690 3968 833 4048 plenum,
843 3989 909 4029 non
924 3969 1031 4028 dicam
1046 3968 1206 4046 aequarit,
1216 3967 1273 4029 sed
1287 3967 1341 4028 vel
1355 3967 1513 4029 mediocri
1525 3985 1759 4054 consequatur

542 4052 740 4114 interuallo?
763 4052 867 4126 Quem
882 4053 938 4131 qui
959 4057 1092 4112 tantum
1108 4050 1340 4131 philosophiae,
1356 4052 1412 4131 qui
1432 4053 1591 4115 omnium
1614 4059 1758 4140 discipli.

542 4156 659 4197 narum
674 4135 830 4196 circulum
850 4155 924 4196 cum
947 4154 1076 4196 summa
1090 4135 1218 4196 dicendi
1231 4134 1392 4196 facultate
1408 4134 1659 4203 coniunxerit?
1689 4143 1760 4215 Sed,

543 4227 582 4281 vt
610 4220 689 4292 dixi,
716 4219 932 4280 contumeliae
960 4238 1062 4298 genus
1091 4225 1142 4280 est
1170 4220 1276 4279 virum
1306 4217 1465 4278 diuinitus
1494 4220 1663 4287 afflatum
1687 4247 1760 4290 cum

542 4304 721 4384 prophanis
737 4322 775 4362 ac
789 4302 869 4362 nihil
885 4302 975 4363 aliud
990 4322 1090 4382 quam
1106 4303 1291 4364 hominibus
1306 4301 1460 4362 conferre.

497 4410 530 4459 45
585 4386 762 4447 Decentius
776 4391 827 4446 est
842 4385 956 4446 diuum
972 4406 1048 4447 cum
1063 4387 1147 4447 diuis
1162 4403 1365 4465 componere.
1403 4382 1496 4445 Tulit
1511 4387 1640 4452 adem
1658 4393 1761 4456 ferme

543 4476 635 4530 aetas
650 4470 777 4547 aliquot
798 4488 928 4529 summa
947 4469 1102 4531 facundia
1119 4470 1254 4549 parique
1274 4467 1425 4529 doctrina
1441 4487 1479 4528 ac
1497 4470 1639 4546 pietate
1662 4480 1761 4551 viros,

543 4552 760 4613 Athanasium
780 4551 1041 4613 Alexandrinum
1059 4553 1267 4633 Episcopum,
1288 4549 1478 4631 Gregorium
1496 4551 1761 4623 Nazianzenum

543 4636 655 4697 Basilii
671 4634 839 4714 Pyladem,
855 4655 893 4696 ac
914 4636 1100 4698 studiorum
1120 4633 1275 4708 sodalem,
1293 4635 1450 4697 Ioannem
1470 4633 1761 4716 chrysostomum

541 4725 576 4780 et
602 4721 709 4798 ipsum
736 4718 857 4779 Basilio
879 4719 1085 4793 familiarem,
1111 4739 1149 4780 ιο
1175 4718 1312 4780 fratrem
1338 4718 1529 4797 Gregorium
1557 4720 1761 4801 Nyssenum

575 4877 599 4912 2.
617 4862 853 4926 flagitationibus]
876 4863 911 4913 In
934 4878 952 4913 a
974 4862 1061 4913 letter
1086 4868 1118 4912 to
1166 4862 1197 4912 of
1214 4862 1372 4927 Herwagen
1388 4862 1418 4911 in
1432 4863 1597 4914 connexion
1612 4870 1695 4922 with
1712 4872 1761 4924 the

540 4931 676 4981 Boniface
697 4929 741 4988 (Q.
760 4932 804 4993 73)
824 4931 961 4981 Erasmus
981 4931 1060 4994 gives
1079 4945 1117 4979 sn
1167 4928 1280 4980 Froben
1291 4929 1398 4980 edition
1409 4927 1440 4978 of
1450 4928 1684 4988 Demosthenes.

540 4998 671 5061 amusing
678 4997 836 5048 accountof
844 4998 894 5048 the
903 4996 1117 5062 importunities
