4042 5900
460 630 522 689 see
808 625 1007 689 unrrnns
1028 626 1084 688 os
1105 624 1315 689 serenus
1590 629 1669 705 [1532

412 800 447 849 80
500 787 586 849 Heio
607 785 810 848 nomiliarius
831 788 968 848 tertium
989 788 1056 847 iam
1078 805 1221 847 mensem
1245 792 1346 847 trans
1371 786 1550 848 Amasum
1572 785 1670 861 abest;

458 871 566 932 dictus
580 876 631 932 est
645 870 698 931 hic
712 876 881 950 aegrotare
895 871 977 931 eatis
990 889 1066 931 cum
1080 868 1233 949 periculo,
1243 869 1304 930 sed
1314 869 1408 931 nihil
1419 876 1560 931 certum
1571 869 1670 933 habeo.

457 953 614 1033 Caminga
629 960 717 1015 recte
730 953 830 1027 valet,
841 954 877 1014 in
884 972 923 1014 eo
932 958 1044 1014 autem
1054 958 1147 1014 totus
1155 958 1207 1013 eet
1215 959 1255 1013 vt
1264 972 1405 1014 moram
1415 960 1457 1015 et
1465 953 1672 1016 cessationem

457 1057 551 1098 suam
567 1038 707 1110 sarciat;
729 1055 930 1115 quamquam
944 1035 1034 1116 quod
1049 1034 1092 1096 ad
1107 1035 1219 1096 literas
1233 1035 1363 1097 attinet
1378 1038 1459 1099 scio
1475 1036 1575 1098 illum
1591 1045 1670 1099 ante

457 1120 519 1182 hac
534 1138 766 1201 saepenumero
783 1120 938 1199 sategisse
956 1118 1036 1180 dum
1058 1138 1092 1179 se
1113 1118 1251 1180 Erasmo
1267 1119 1424 1181 scribere
1440 1120 1631 1199 profitetur,
1642 1129 1671 1183 et

410 1217 443 1280 85
457 1210 630 1284 propterea
651 1205 791 1265 miratus
811 1222 884 1264 sum
903 1202 991 1281 quod
1014 1202 1056 1263 ab
1078 1201 1135 1263 illo
1152 1201 1233 1262 nihil
1253 1201 1406 1263 allatum
1428 1202 1541 1265 fuisse
1558 1205 1670 1278 scribis,

456 1287 545 1366 quod
558 1288 665 1368 ipsum
680 1306 732 1348 me
746 1287 880 1367 impulit
893 1291 932 1347 vt
946 1289 1097 1366 protinus
1114 1285 1250 1346 redditis
1266 1284 1377 1346 literis
1399 1287 1479 1348 tuis
1502 1286 1592 1349 hanc
1608 1308 1669 1369 par-

456 1370 592 1432 ticulam
606 1390 647 1432 ex
661 1369 800 1450 epistola
815 1376 876 1431 tua
888 1368 1088 1450 descriptam
1102 1368 1150 1430 illi
1160 1369 1447 1443 transmitterem,
1460 1390 1535 1432 non
1548 1372 1671 1452 ignarm

455 1459 490 1515 et
510 1455 627 1532 quanti
644 1460 682 1515 tu
699 1453 794 1514 illum
812 1452 915 1514 facias
934 1459 970 1514 et
986 1458 1149 1531 quantum
1167 1453 1230 1513 tibi
1248 1451 1305 1513 ille
1325 1452 1473 1517 debeat.
1520 1454 1669 1517 Nondum

455 1543 566 1599 autem
582 1538 674 1600 dedit
686 1556 807 1598 nomeu
820 1556 926 1598 nouae
941 1536 1077 1598 militiae
1090 1535 1148 1597 sed
1165 1535 1273 1596 adhuc
1291 1537 1403 1597 animi
1426 1538 1586 1600 incertus
1602 1559 1669 1619 pen-

408 1646 442 1693 90
455 1621 522 1694 det,
537 1640 622 1682 anne
636 1622 826 1701 capistrum,
841 1626 881 1704 vt
894 1621 952 1693 nis,
967 1620 1108 1699 accipiat
1122 1639 1165 1680 au
1178 1638 1238 1680 vos
1252 1625 1389 1699 repetat
1405 1640 1457 1681 an
1476 1621 1515 1682 in
1533 1621 1668 1684 Galliam

453 1705 621 1767 concedat.

496 1786 591 1861 Quod
605 1788 767 1866 reliquum
781 1793 842 1861 est,
858 1788 967 1848 orauit
981 1806 1033 1848 me
1047 1785 1211 1848 Gerardus
1230 1786 1274 1847 ab
1293 1785 1455 1848 Herama
1471 1807 1571 1851 socer
1585 1809 1667 1852 meus

454 1876 493 1932 vt
508 1872 569 1932 tibi
584 1891 644 1933 suo
657 1873 789 1932 nomine
803 1877 946 1949 quantas
959 1889 1090 1950 possem
1105 1871 1266 1931 maximas
1278 1871 1408 1949 gratias
1419 1890 1575 1952 agerem,
1586 1874 1664 1953 qued

454 1974 487 2015 se
502 1961 637 2016 tuarum
651 1954 822 2016 literarum
837 1954 961 2015 honore
980 1953 1135 2033 dignatus
1152 1954 1206 2026 sis,
1221 1952 1282 2014 hoc
1297 1959 1352 2014 est
1367 1973 1443 2015 nem
1460 1958 1665 2035 praestiteris

406 2064 440 2113 95
452 2039 532 2118 ipsis
552 2040 655 2100 etiam
678 2038 814 2099 summis
838 2037 1038 2117 principibus
1060 2036 1277 2098 ambiendam.
1318 2034 1422 2109 Quod
1450 2045 1574 2101 autem
1597 2060 1661 2101 eam

453 2122 558 2201 ipsam
572 2121 747 2202 epistolem
764 2122 798 2181 in
815 2120 1005 2182 floridarum
1020 2124 1153 2181 tuarum
1169 2120 1324 2181 viridario
1338 2124 1551 2198 conseueris,
1566 2144 1660 2204 quum

451 2225 491 2266 aa
505 2224 539 2266 re
554 2206 616 2266 sibi
630 2204 914 2266 immortalitatem
929 2209 1079 2283 paratam
1094 2204 1217 2276 videat,
1232 2221 1298 2264 non
1309 2204 1509 2267 arbitratur
1519 2227 1591 2269 sese
1601 2207 1660 2269 vlla

451 2290 632 2368 gratiarum
647 2290 776 2350 actione
791 2306 886 2368 posse
900 2286 1052 2366 deiungi;
1075 2286 1157 2348 nihil
1171 2294 1283 2348 autem
1297 2306 1403 2366 aeque
1421 2290 1547 2370 cupiat
1566 2310 1657 2370 quam

452 2372 514 2432 sibi
528 2374 731 2434 occasionem
746 2371 818 2432 dari
832 2377 873 2431 vt
885 2370 973 2431 hunc
986 2371 1133 2431 animum
1148 2389 1182 2431 re
1196 2371 1269 2449 ipsa
1281 2370 1345 2431 tibi
1364 2376 1541 2434 testatum
1558 2374 1657 2435 iacere

391 2480 439 2517 100
451 2460 572 2534 posset.
614 2454 787 2517 Caeterum
808 2453 948 2534 epistola
969 2459 1030 2514 tua
1050 2459 1127 2533 post
1147 2453 1315 2514 biennium
1336 2472 1423 2533 pene
1446 2456 1587 2518 reddite
1601 2465 1655 2520 est

450 2538 537 2600 Nam
552 2558 627 2599 cum
641 2558 701 2600 vos
720 2538 918 2617 relinqueret
932 2536 1090 2616 Caminga
1103 2556 1176 2597 eam
1191 2555 1302 2597 secum
1319 2537 1353 2596 in
1373 2537 1519 2601 Italiam
1538 2544 1654 2614 auexit,

450 2628 527 2701 post
547 2621 664 2683 deinde
685 2621 878 2694 Louanium,
895 2620 1032 2681 tandem
1050 2621 1084 2680 in
1106 2620 1288 2699 Pbrysiam.
1331 2619 1406 2681 Hoc
1423 2622 1539 2684 adieci
1560 2644 1603 2686 ne
1618 2644 1655 2685 ex

450 2705 618 2766 Iliensium
647 2723 784 2766 numero
811 2704 1053 2783 municipioque
1080 2722 1140 2764 uos
1162 2722 1293 2764 censeas
1320 2722 1401 2777 esse,
1431 2707 1529 2783 quod
1557 2709 1654 2769 serius

449 2790 573 2868 gratias
587 2789 723 2869 agimus.
767 2786 861 2861 Quod
881 2787 943 2848 tibi
963 2785 1090 2867 pridem
1110 2786 1276 2866 pollicitus
1292 2786 1334 2848 de
1353 2806 1408 2847 me
1422 2806 1515 2863 sum,
1530 2792 1652 2851 vtinam

389 2896 436 2946 105
449 2878 520 2933 tam
534 2877 666 2952 gratum
678 2873 721 2933 sit
730 2890 831 2952 quam
842 2869 925 2932 illud
938 2869 1034 2931 facile
1044 2871 1108 2931 erit
1118 2875 1325 2951 perpetuum.
1368 2869 1420 2931 De
1431 2872 1538 2934 rebus
1549 2873 1652 2936 litera·

449 2957 505 3017 riis
519 2962 554 3017 et
569 2955 758 3017 valetudine
775 2962 836 3016 tua
852 2960 886 3016 et
903 2954 1090 3016 conditione
1110 2952 1302 3016 Germaniae
1319 2955 1348 3014 si
1363 2973 1417 3016 me
1432 2974 1497 3034 per
1517 2959 1651 3019 occasio

450 3058 525 3100 nem
548 3040 721 3100 certiorem
741 3038 846 3100 iacere
866 3037 1052 3118 dignabere,
1072 3037 1170 3099 modo
1189 3039 1233 3098 sit
1256 3038 1327 3098 eius
1345 3040 1477 3116 generis
1498 3040 1651 3120 quiddam

449 3123 537 3201 quod
563 3128 638 3184 tuto
662 3122 766 3184 literis
783 3123 947 3184 committi
967 3122 1081 3201 possit,
1097 3127 1132 3182 et
1151 3122 1179 3181 si
1198 3140 1265 3182 nou
1283 3121 1328 3181 sit
1343 3120 1539 3198 molestum,
1553 3144 1650 3204 quum

449 3207 529 3267 mihi
543 3226 611 3268 rem
626 3207 844 3286 gratissimam
858 3212 931 3267 tum
945 3211 1023 3266 tuae
1037 3205 1094 3265 isti
1109 3206 1143 3265 in
1158 3224 1210 3264 me
1224 3205 1407 3265 etiamnum
1419 3209 1550 3269 receuti
1561 3208 1650 3269 bene

389 3314 436 3350 110
449 3290 613 3352 uolentiae
637 3291 780 3352 maxime
805 3294 1060 3351 consentaneam
1085 3287 1209 3349 feceris.
1248 3287 1330 3348 Vide
1352 3286 1513 3351 fiduciam
1537 3311 1649 3352 meam.

449 3373 529 3436 Vale
543 3380 578 3434 et
592 3393 643 3435 me
658 3379 697 3434 vt
711 3375 761 3435 tui
775 3373 1038 3434 amantissimum
1052 3371 1197 3433 redame.

490 3459 541 3519 Ex
556 3457 763 3536 Frauequera
779 3469 859 3533 1532
873 3455 1012 3536 postrid.
1027 3455 1107 3517 Idus
1122 3455 1269 3515 Martias.

896 3539 987 3601 Tuus
1001 3539 1029 3599 si
1043 3538 1123 3617 quid
1136 3539 1260 3617 poterit
1274 3537 1399 3600 Hector
1414 3538 1611 3602 Hoxuirius.

439 3651 442 3657 ’
487 3649 528 3710 In
542 3650 632 3711 omni
649 3649 896 3730 disciplinarum
913 3666 1030 3727 genere
1048 3647 1143 3728 longe
1160 3647 1385 3727 praestantiss.
1404 3653 1511 3726 atque
1529 3650 1648 3711 clariss.

388 3750 435 3799 115
448 3734 519 3794 viro
533 3732 701 3794 Desiderio
716 3733 853 3794 Erasmo
869 3731 1093 3793 Roteradamo
1107 3729 1268 3810 theologo.
1283 3729 1436 3810 Friburgi
1451 3730 1631 3813 Brisgoiae.

733 4005 831 4066 2625.
881 4000 989 4065 Fnon
1013 4000 1186 4065 Essemus
1211 3999 1359 4066 Scnnrs

486 4125 579 4180 Besla
592 4125 668 4188 Ms,
683 4124 787 4180 Scheti
800 4125 960 4196 Epistolae
974 4142 1020 4191 29.
1367 4127 1564 4259 6131ntwlprp.

1351 4217 1363 4254 1
1432 4219 1486 4257 arc
1528 4221 1611 4274 153²·

707 4320 763 4380 [An
775 4319 893 4384 original
905 4320 999 4379 letter,
1012 4321 1172 4385 autogr-aph
1184 4321 1381 4385 throughout]

1036 4425 1062 4478 ἦ.

487 4522 517 4584 S.
535 4523 570 4584 P.
607 4523 658 4583 Ex
688 4541 798 4584 mense
826 4522 981 4585 Ianuario
1008 4523 1122 4601 scripsi
1150 4522 1222 4595 tibi,
1252 4542 1308 4601 my
1337 4524 1476 4585 Domine
1509 4527 1646 4590 Erasme

444 4606 641 4678 charissime,
656 4606 775 4667 abhinc
790 4606 837 4667 nil
852 4608 911 4668 abs
926 4613 960 4668 te
974 4606 1075 4667 habui
1090 4605 1286 4668 litterarum.

477 4773 552 4823 2024.
570 4774 612 4823 80.
631 4774 778 4834 Amanum]
800 4774 856 4824 For
876 4773 1012 4831 Amasim,
1065 4773 1645 4844 totbeproverb‘serosapiuntPhr-yges’‚

443 4840 689 4968 thgzdhghrardus]
702 4907 752 4958 See
764 4907 818 4973 Ep.
832 4911 897 4957 2262
910 4907 1013 4957 introd.
1066 4840 1184 4956 &3352
1187 4842 1217 4957 81
1235 4907 1345 4972 scripsi]
1357 4907 1411 4972 Ep.
1425 4921 1501 4972 2593.

479 4987 534 5036 103.
552 4973 710 5035 Iliensium]
718 4974 1015 5040 Perhapsareierence
