4042 5900
313 703 407 778 2513]
588 698 711 761 FROM
732 697 988 762 AUGUSTINE
1010 697 1239 762 STEUOHUS
1448 698 1510 760 293

312 863 555 937 praecesserant
577 857 666 928 satis,
688 857 813 935 opinor,
835 863 952 918 notum
972 863 1046 918 erat
1069 861 1217 918 nostram
1240 856 1417 917 editionem
1440 875 1574 924 esserto

312 941 514 1021 Hieronymi,
530 941 615 1001 etin
628 938 680 999 his
694 940 772 1018 ipsis
785 940 906 1001 solutio
921 947 1190 1019 argumentorum
1205 940 1347 1019 episcopi
1363 940 1509 1000 contine·

312 1024 421 1085 batur.
465 1023 560 1095 Eum,
575 1024 695 1101 inquis,
712 1042 773 1083 nec
791 1023 991 1084 audiendum
1010 1024 1190 1085 existimas.
1233 1023 1280 1083 At
1299 1022 1356 1084 vbi
1376 1029 1428 1084 est
1449 1022 1510 1084 hoc

313 1109 347 1168 in
363 1127 436 1168 meo
450 1106 557 1168 libro?
587 1106 652 1168 Vbi
665 1105 726 1167 boc
738 1126 759 1167 a
773 1126 825 1167 me
840 1106 983 1168 dicitnr?
1017 1105 1089 1179 Qua
1103 1125 1200 1186 porro
1215 1106 1380 1167 obliuione
1393 1107 1511 1167 asseris

312 1191 373 1252 hoc
399 1210 466 1251 vno
491 1189 614 1251 fretum
638 1196 833 1268 argumento
856 1208 909 1251 me
934 1190 1119 1269 opinionem
1143 1191 1213 1251 eius
1238 1190 1394 1262 reiecisse,
1420 1189 1511 1268 quod

310 1274 532 1354 praefationes
557 1274 626 1334 sint
650 1273 853 1351 Hieronymi,
875 1292 950 1334 cum
976 1279 1160 1353 appareant
1183 1275 1219 1334 in
1244 1273 1351 1353 operis
1375 1272 1510 1334 exordio
1525 1294 1573 1354 1⁶5

311 1357 394 1418 aliae
410 1358 575 1418 rationes?
611 1356 771 1435 Proponis
785 1356 972 1435 exemplum
983 1356 1024 1418 de
1034 1358 1164 1435 gemina
1174 1356 1378 1437 praefatione
1388 1357 1422 1417 in
1438 1356 1509 1429 Iob,

310 1459 473 1519 negasque
494 1459 607 1501 earum
629 1438 730 1500 vllam
749 1440 784 1500 in
804 1459 876 1500 eam
895 1441 1079 1500 versionem
1098 1446 1301 1520 competere:
1323 1439 1413 1518 quod
1429 1457 1509 1518 quo·

311 1524 410 1585 modo
421 1523 532 1585 oculos
543 1528 753 1602 mentemque
764 1528 857 1583 tuam
868 1522 1019 1601 effugerit
1029 1525 1110 1584 satis
1120 1522 1276 1585 admirari
1287 1540 1354 1585 non
1364 1541 1509 1603 possum.

311 1607 532 1686 Hieronymus
547 1612 692 1667 testatur
707 1625 741 1666 se
756 1605 879 1685 duplici
892 1605 1004 1667 labore
1020 1608 1054 1667 in
1070 1605 1131 1668 Iob
1146 1606 1340 1668 desudasse:
1363 1626 1428 1668 vno
1443 1625 1510 1685 quo

311 1690 431 1752 librum
443 1691 545 1751 vertit
558 1710 600 1751 ex
611 1689 775 1750 Hebraico
785 1694 906 1762 totum,
921 1689 1028 1750 altero
1038 1708 1104 1768 qno
1118 1690 1240 1751 collata
1250 1689 1392 1751 editione
1403 1688 1508 1751 LXX.
1524 1722 1573 1773 170

311 1793 386 1834 cum
408 1776 479 1854 ipso
500 1774 602 1845 fonte,
624 1792 692 1851 qua
711 1778 792 1834 tunc
813 1772 923 1834 Latini
943 1778 979 1834 et
999 1772 1115 1835 Graeci
1136 1773 1326 1846 utebantur,
1346 1773 1510 1852 superflua

310 1856 459 1918 obeliscis
479 1856 631 1917 confossa
651 1855 835 1917 redundare
851 1856 1079 1917 monstrabat:
1106 1857 1269 1918 asteriscis
1289 1862 1403 1918 autem
1425 1875 1510 1935 quae

311 1940 500 2012 defuissent,
520 1939 637 2001 addita
657 1958 699 2000 ex
720 1938 884 2000 Hebraico
904 1939 1121 2020 apparebant.
1164 1940 1213 2001 De
1235 1948 1376 2019 utroque
1397 1939 1509 2001 labore

310 2024 345 2083 in
363 2025 432 2085 eius
451 2022 654 2102 praefatione
674 2022 869 2101 primasius
888 2022 968 2084 haec
985 2023 1087 2085 verba
1102 2030 1199 2096 sunt;
1222 2030 1382 2102 ‘vtraque
1396 2030 1510 2084 autem

309 2106 411 2168 editio
425 2114 460 2167 et
471 2106 575 2167 LXX.
588 2107 683 2166 iuxta
697 2104 838 2167 Graecos
852 2111 887 2167 et
901 2125 975 2167 mea
988 2107 1085 2167 iuxta
1099 2106 1268 2169 Hebraeos
1282 2126 1356 2168 meo
1370 2108 1404 2167 in
1419 2106 1508 2167 Lati·
1524 2138 1572 2189 175

311 2209 390 2251 num
405 2189 517 2251 labore
532 2208 645 2250 versae
659 2194 739 2249 sunt
747 2189 765 2249 '.
796 2188 893 2250 Illam
908 2191 1010 2269 igitur
1021 2192 1117 2252 iuxta
1128 2190 1296 2252 Hebraeos
1306 2191 1340 2251 in
1352 2189 1509 2251 Latinum

311 2292 439 2334 versam
459 2292 553 2333 suam
573 2292 643 2332 esse
660 2270 836 2333 confitetur
850 2272 1090 2352 Hieronymus;
1113 2292 1197 2352 quae
1212 2280 1264 2334 est
1278 2293 1317 2334 ea
1332 2292 1398 2352 qua
1412 2273 1510 2334 hodie

310 2356 420 2417 Latini
444 2362 595 2427 vtuntur,
617 2356 645 2416 si
669 2355 818 2417 conferas
839 2355 1011 2418 Hebraico.
1055 2356 1183 2435 Negare
1204 2358 1304 2436 igitur
1327 2376 1394 2417 non
1414 2363 1509 2436 potes

310 2446 463 2500 neutram
485 2440 601 2500 harum
622 2439 865 2518 praefationum
885 2440 919 2500 in
938 2458 1012 2502 eam
1032 2440 1209 2501 editionem
1230 2459 1415 2518 congruere,
1434 2459 1526 2501 cum,

310 2525 399 2601 prior
422 2521 532 2602 palam
557 2522 618 2583 hoc
640 2523 769 2596 innuat,
789 2521 850 2583 hoc
874 2529 1010 2603 spectet,
1033 2523 1121 2584 illius
1143 2543 1211 2585 non
1234 2522 1369 2584 alterius
1394 2523 1573 2592 editio-130

310 2607 361 2666 nis
376 2626 413 2667 ac
428 2606 503 2667 libri
518 2606 563 2666 sit
577 2604 748 2685 praefatio.

351 2689 447 2750 Dices
466 2688 607 2750 fortasse
629 2707 702 2749 eam
723 2688 901 2750 editionem
920 2708 986 2750 non
1004 2708 1075 2750 esse
1094 2709 1135 2749 ex
1156 2689 1339 2762 Hebraico;
1363 2695 1400 2749 at
1414 2688 1510 2750 facile

310 2772 480 2851 intelliges,
502 2773 530 2832 si
551 2778 624 2833 tum
639 2770 743 2832 LXX.
759 2778 832 2832 tum
852 2771 1015 2834 Hebraico
1040 2772 1226 2846 contuleris,
1248 2772 1338 2852 quod
1357 2773 1438 2833 mihi
1458 2779 1510 2834 est

309 2857 526 2916 notissimum.
570 2855 639 2916 Neo
661 2873 794 2934 possum
819 2854 929 2917 videre
950 2875 1017 2935 qua
1037 2855 1173 2918 tandem
1194 2856 1358 2936 sapientia
1379 2875 1509 2936 persua·

309 2939 411 3001 deant
425 2939 487 3000 sibi
501 2937 651 3001 nonnulli
665 2938 818 3000 Latinam
834 2940 954 3019 veteris
969 2942 1161 3002 testamenti
1174 2940 1353 3002 editionem
1364 2958 1573 3022 nonesse1s5

309 3023 521 3102 Hieronymi:
559 3022 648 3103 quod
676 3041 744 3083 non
772 3023 870 3083 modo
898 3024 1081 3104 imperitiae
1112 3024 1170 3086 sed
1200 3043 1348 3086 summae
1379 3043 1510 3103 quoque

308 3106 558 3185 ingratitudinis
577 3124 704 3185 semper
722 3106 803 3167 mihi
824 3107 932 3167 visum
953 3114 1014 3168 est.
1057 3107 1134 3169 Non
1154 3109 1242 3169 enim
1264 3107 1305 3169 de
1327 3107 1377 3168 his
1395 3107 1511 3186 loquor

308 3209 391 3269 quos
416 3191 484 3250 sine
509 3188 607 3250 laude
632 3209 698 3250 non
723 3189 937 3252 nominarem.
980 3190 1067 3253 Nam
1093 3193 1121 3253 si
1144 3211 1211 3253 vna
1234 3192 1412 3271 praecipua
1434 3209 1510 3269 pars

308 3272 495 3346 bibliorum,
510 3273 545 3334 id
559 3279 611 3333 est
625 3291 736 3333 omnes
750 3272 940 3352 prophetae,
951 3274 1127 3336 manifesto
1137 3281 1189 3336 est
1200 3274 1302 3336 editio
1316 3273 1511 3353 Hieronymi

309 3357 482 3435 (siquidem
502 3358 537 3417 in
557 3357 624 3417 suis
643 3357 886 3417 commentariis
905 3358 989 3418 citat
1007 3377 1100 3418 suam
1115 3378 1156 3419 ex
1172 3357 1345 3431 Hebraico,
1361 3376 1445 3436 quae
1459 3363 1510 3418 est
1526 3389 1573 3436 190

308 3459 374 3518 qua
396 3440 492 3501 hodie
517 3441 625 3501 vtitur
647 3438 792 3512 ecclesia,
813 3458 952 3518 eamque
977 3442 1117 3521 opponit
1142 3441 1278 3502 editioni
1302 3440 1430 3518 LXX),
1453 3441 1510 3519 qui

308 3522 377 3583 fieri
391 3528 503 3603 potest
518 3529 557 3584 vt
571 3523 688 3601 reliqui
702 3541 833 3601 quoque
851 3521 926 3583 libri
945 3542 1012 3584 non
1031 3525 1098 3585 sint
1116 3544 1157 3585 ex
1176 3524 1320 3585 editione
1339 3525 1419 3597 eius,
1434 3543 1510 3584 cum

307 3607 409 3666 etiam
431 3606 517 3668 clare
539 3625 603 3666 non
627 3607 671 3667 sit
690 3605 791 3667 editio
812 3604 944 3667 Lxx?
987 3608 1174 3686 Prophetae
1191 3608 1291 3687 igitur
1310 3613 1389 3669 sunt
1408 3606 1510 3668 editio

308 3689 519 3768 Hieronymi;
540 3691 661 3750 caeteri
675 3688 752 3750 libri
766 3689 932 3768 quomodo
944 3709 1010 3751 non
1026 3697 1134 3763 erunt,
1145 3710 1221 3751 cum
1236 3710 1257 3752 a
1271 3689 1375 3751 LXX.
1388 3691 1509 3769 vbique

307 3773 373 3833 fere
392 3773 566 3834 dissentiat
585 3777 723 3834 nostra?
766 3771 852 3845 Quid
871 3778 1093 3853 temperatum
1112 3793 1182 3835 esse
1201 3781 1322 3855 potest,
1337 3774 1394 3834 vbi
1411 3779 1510 3834 tanta
1525 3805 1572 3857 193

306 3865 358 3916 est
373 3857 539 3917 varietas?
574 3855 700 3917 Deinde
711 3856 769 3934 qui
782 3854 919 3918 fuerunt
933 3857 981 3917 illi
995 3876 1145 3936 proceres
1158 3859 1217 3936 qui
1230 3859 1302 3918 ausi
1316 3858 1384 3919 sint
1394 3857 1508 3918 editio·

307 3958 381 4000 nem
398 3939 592 4018 Hieronymi
607 3939 797 4019 deprauare,
813 3939 923 4012 idest,
938 3948 1069 4002 mutare
1083 3941 1264 4002 nonnulla?
1305 3941 1351 4002 Et
1362 3942 1389 4001 si
1400 3946 1508 4001 muta·

307 4030 386 4083 runt
411 4022 579 4096 nonnulla,
603 4043 662 4084 cnr
684 4041 751 4083 non
774 4023 907 4084 omnia?
950 4024 1014 4084 Vbi
1035 4031 1114 4085 sunt
1138 4024 1196 4085 illa
1220 4024 1293 4085 loca
1318 4030 1511 4103 quaesunt

308 4106 473 4167 admista?
517 4105 607 4167 Haec
629 4113 677 4179 tu,
696 4107 747 4166 vir
766 4105 963 4178 doctissime,
981 4106 1122 4186 probare
1140 4106 1309 4180 debueras,
1329 4108 1387 4186 qui
1405 4106 1509 4169 fortes

307 4188 388 4249 alios
402 4190 437 4249 in
452 4189 669 4250 asseuerando
684 4195 836 4251 actutum
851 4189 1012 4250 clamasti.
1521 4223 1572 4260 200

348 4271 411 4333 Sed
426 4272 516 4345 haec,
529 4273 572 4334 ad
587 4273 653 4334 alia
666 4291 855 4352 properans,
868 4272 973 4334 veluti
984 4272 1109 4334 leuiora
1119 4294 1158 4335 ac
1168 4275 1298 4335 notiora
1308 4279 1506 4335 transcurro.

306 4355 346 4415 In
368 4375 406 4416 eo
428 4356 519 4434 quod
540 4356 638 4417 infers
660 4360 753 4435 (pace
774 4359 846 4432 tua)
869 4355 991 4435 duplex
1015 4356 1136 4437 lapsus.
1181 4355 1406 4418 ‘Probabilius
1427 4357 1506 4430 est’‚

811 4474 867 4523 182.
885 4472 961 4523 Dicis
970 4472 997 4536 β.

309 4559 399 4661 -167.
418 4597 881 4689 vllpmlNotquiteexact—Eras·
932 4599 983 4649 the
1003 4597 1108 4649 second
1126 4598 1240 4664 preface
1259 4599 1308 4659 (ix.
1331 4599 1436 4677 myos),
1456 4599 1507 4649 the

307 4680 448 4781 musppgs
445 4671 682 4792 vevrtsldllblbli'ho
689 4731 801 4782 version
808 4732 882 4782 from
931 4663 1505 4809 drldfafflewpldllad'dllbnlllbldhllglrrlswlxll

307 4799 357 4848 the
373 4798 511 4856 Hebrcw;
528 4799 595 4848 tbat
610 4798 684 4847 from
699 4797 750 4848 the
761 4797 880 4863 Septua·
934 4799 1080 4861 123-124s)
1091 4799 1206 4864 explain
1219 4796 1358 4849 Jerome's
1372 4803 1505 4864 practice,

306 4864 816 4930 gintbeingstthistimennkncwm
834 4880 881 4915 see
931 4863 1506 4944 tbelastthreepsssagestracingitback

306 4931 880 5062 Ettttffls...aaaa1a0
928 4930 1507 5064 talitaitlfttltgtttltft

306 5063 368 5115 first
385 5065 498 5130 pressea
517 5070 549 5115 to
568 5064 626 5116 Jcb
645 5064 729 5130 (Opp-
748 5079 776 5116 ra
797 5066 878 5130 ⁶4³)3
965 5078 1022 5129 195.
1040 5065 1451 5132 temperstnmlflaelipws
1459 5068 1503 5126 9⁶·
