4042 5900
1268 618 1392 679 346
1963 615 2360 678 LETTERS
2404 615 2514 679 01⁴*
2555 616 2847 679 ERASM
2856 615 2965 679 US
3514 620 3601 695 [12

1266 774 1689 856 amplectitur
1725 794 1937 836 mores
1976 780 2117 836 tam
2156 774 2469 837 candidos
2502 774 2671 836 ferre
2698 793 2833 836 non
2861 793 3115 854 possem
3141 795 3156 835 ε
3204 776 3365 837 eius
3397 776 3601 855 inqua

1265 859 2916 1022 {¹1315322.ffinsffmaeffssssssffgssfflsszffi
2940 857 3447 1021 ῑὲἓοῗῒὲιςῗ.
3465 860 3601 1006 ff

1267 1043 1450 1086 mum
1479 1031 1600 1098 est,
1630 1023 1893 1086 Christo
1930 1025 2204 1098 charus;
2251 1025 2366 1103 qui
2401 1025 2472 1085 in
2510 1026 2889 1086 conuictum
2918 1043 3109 1086 suum
3150 1024 3529 1088 honestiss.
3563 1046 3601 1087 n

1178 1117 1240 1168 15
1267 1106 1464 1169 modo
1510 1110 1691 1185 [non]
1737 1127 1960 1170 omnes
2006 1107 2336 1170 studiosos
2383 1107 2684 1170 admittit
2731 1107 2941 1182 facile,
2984 1127 3215 1168 verum
3259 1128 3309 1169 a
3356 1110 3601 1172 ciuilia

1264 1192 1465 1251 etiam
1495 1209 1752 1252 morum
1780 1190 2209 1253 alienissimos
2241 1190 2429 1265 ferre,
2459 1210 2847 1269 omnemque
2877 1190 3367 1271 hospitalitatis
3396 1195 3601 1274 grati:

1265 1273 1516 1347 offerre,
1545 1280 1785 1353 potest.

1350 1355 1598 1430 Quodsi
1626 1376 1730 1418 me
1756 1362 1827 1419 et
1855 1375 2034 1417 meos
2060 1376 2143 1418 ex
2172 1357 2368 1418 domo
2390 1363 2509 1419 tua
2528 1376 2661 1418 non
2682 1356 2917 1418 abiisse
2938 1357 3263 1419 doctiores
3285 1360 3601 1441 pietateq

1265 1440 1718 1502 instructiores
1735 1440 1981 1514 dixero,
2000 1440 2194 1521 plane
2209 1442 2510 1503 mentiar.
2581 1439 2819 1502 Nullus
2834 1441 3008 1501 enim
3025 1446 3127 1501 est
3143 1440 3334 1503 locus
3349 1444 3601 1523 ignauia

1175 1536 1243 1571 20
1266 1525 1631 1603 turpissimi
1659 1525 1780 1584 otii
1808 1522 2051 1597 nullus,
2082 1522 2304 1585 nullus
2341 1525 2719 1604 impietatis,
2749 1523 2865 1584 vbi
2894 1529 2972 1584 tu
3000 1523 3244 1586 habeas
3272 1526 3601 1606 imperim

1265 1612 1335 1668 et
1384 1608 1642 1668 vtinam
1692 1608 1829 1668 sine
1879 1607 2231 1669 offensione
2281 1626 2397 1687 per
2440 1608 2662 1669 omnia
2706 1607 2831 1668 tibi
2875 1613 3173 1668 nostrum
3220 1627 3434 1687 quam
3485 1610 3601 1673 nol

1266 1697 1570 1751 sanctum
1604 1698 1797 1752 tuum
1827 1689 2089 1770 placeat
2116 1692 2517 1752 institutum.
2605 1688 2929 1768 Quicquid
2956 1691 3131 1751 enim
3159 1693 3318 1770 agis,
3353 1694 3433 1753 in
3461 1694 3601 1774 pub

1265 1792 1410 1833 cam
1455 1774 1548 1834 rei
1589 1772 1934 1847 literariae,
1979 1793 2113 1835 non
2156 1774 2489 1854 priuatam
2532 1771 2893 1834 vtilitatem
2936 1792 3123 1853 agere
3159 1776 3307 1852 quis
3352 1776 3601 1856 negabi

1267 1855 1447 1918 Tuae
1480 1857 1704 1935 itaque
1738 1855 1954 1918 famae
1991 1863 2063 1918 et
2097 1857 2313 1918 laudis
2351 1862 2739 1937 perpetuum
2777 1875 3121 1936 preconem
3165 1876 3271 1918 me
3309 1861 3601 1940 omniaq

1176 1949 1239 1998 25
1266 1939 1489 2001 studia
1516 1958 1662 2000 mea
1690 1939 1912 2013 offer0,
1936 1942 2050 2019 qui
2078 1942 2216 2001 iure
2245 1942 2495 2021 optimo
2518 1939 2716 2000 michi
2737 1939 3069 2012 mandare,
3094 1939 3291 2000 michi
3318 1941 3601 2022 impera:

1266 2041 1371 2083 me
1409 2023 1496 2084 ad
1535 2024 1757 2084 omnia
1793 2042 1962 2102 quae
1998 2022 2180 2085 voles
2218 2023 2604 2103 compellere
2640 2029 2847 2102 potes.
2933 2021 3136 2083 Nulla
3168 2024 3237 2083 in
3267 2044 3336 2085 re
3369 2044 3601 2106 vnqus

1266 2110 1407 2166 tam
1449 2106 1531 2167 de
1575 2125 1678 2167 me
1719 2113 1789 2167 et
1831 2108 1991 2168 meis
2036 2108 2437 2168 benemerito
2477 2106 2689 2169 deero.
2776 2105 2858 2167 Id
2900 2125 3059 2167 vero
3098 2105 3266 2168 fatio
3302 2107 3601 2172 lubentit

1266 2188 1444 2268 quod
1471 2190 1671 2250 sciam
1702 2192 1922 2251 omnia
1949 2192 2315 2251 extrinseca
2335 2196 2454 2251 tua
2474 2191 2841 2251 intrinsecis
2863 2209 3003 2250 esse
3023 2191 3253 2252 amica.
3340 2189 3601 2256 Catone

1265 2271 1452 2333 illum
1506 2271 1888 2334 Censorium
1936 2274 2261 2352 optimum
2309 2279 2655 2346 oratorem,
2705 2273 3030 2351 optimum
3080 2274 3561 2353 imperatorem

1175 2367 1242 2417 30
1266 2356 1590 2435 optimum
1640 2363 2008 2417 senatorem
2066 2356 2237 2417 dixit
2294 2358 2676 2435 antiquitas.
2763 2356 2855 2416 At
2908 2375 3027 2436 ego
3076 2363 3144 2418 te
3195 2356 3399 2431 (absit
3455 2379 3601 2422 omi

1265 2438 1665 2500 adulationis
1681 2441 1983 2518 suspitio)
2002 2459 2137 2500 non
2154 2440 2392 2500 iniuria
2408 2441 2580 2500 inter
2596 2439 2825 2500 doctos
2842 2440 3105 2501 doctiss.
3115 2488 3130 2513 ,
3146 2441 3320 2501 inter
3336 2440 3601 2506 human

1267 2520 1643 2596 humaniss.‚
1673 2524 1972 2601 interque
2003 2523 2214 2584 claros
2244 2523 2676 2584 clarissimum
2706 2521 3037 2602 appellare
3066 2524 3297 2584 ausim.

1350 2604 1539 2679 Quod
1576 2607 1632 2667 si
1669 2625 1802 2667 non
1834 2625 1918 2667 ex
1955 2607 2177 2667 animo
2217 2606 2433 2667 famae
2475 2612 2589 2667 tue
2631 2605 2898 2667 fuissem
2942 2606 3335 2685 percupidus
3377 2608 3601 2671 admit

1266 2694 1501 2766 torque
1557 2691 1901 2762 maximus,
1959 2706 2171 2767 neque
2232 2690 2557 2768 gymnasii
2618 2689 2811 2750 isthic
2872 2691 3195 2750 autoritas
3258 2709 3478 2770 neque
3545 2693 3601 2755 lc

1176 2781 1239 2833 35
1265 2774 1588 2832 amenitas
1616 2791 1734 2833 nec
1763 2774 2114 2851 quicquam
2141 2772 2324 2833 aliud
2354 2792 2457 2834 me
2487 2778 2679 2833 tanto
2713 2778 3006 2852 tempore
3041 2772 3471 2849 detinuisset3
3521 2780 3601 2837 ress

1266 2856 1550 2933 quissem
1606 2857 1938 2916 enimuero
1994 2857 2206 2934 primo
2261 2874 2483 2916 mense
2540 2874 2693 2916 mox
2750 2855 3159 2935 Friburgum,
3210 2858 3267 2917 si
3320 2862 3444 2919 tua
3503 2861 3601 2920 mi

1265 2937 1587 3018 denegata
1623 2938 1858 3001 fuisset
1896 2939 2292 3019 periocunda
2330 2938 2754 3001 consuetudo.
2841 2937 3128 3001 Multum
3166 2946 3523 3020 propterea
3562 2963 3601 3004 n

1267 3021 1502 3083 debere
1531 3021 1852 3084 Glareano
1879 3024 2112 3096 fateor,
2143 3025 2257 3101 qui
2277 3024 2528 3102 primus
2565 3023 3016 3084 familiaritate
3054 3043 3158 3084 me
3187 3023 3310 3084 tibi
3346 3025 3601 3088 iunxeri

1265 3111 1335 3166 et
1376 3107 1502 3166 erit
1545 3106 1640 3166 illi
1684 3113 2001 3186 perpetua
2044 3126 2299 3167 mecum
2344 3112 2608 3185 reposta
2643 3107 2892 3185 gratia;
2951 3113 3021 3167 et
3060 3108 3116 3167 si
3153 3106 3423 3168 abeunti
3460 3110 3601 3171 coll·

1174 3203 1242 3253 40
1266 3190 1495 3267 quium
1519 3189 1680 3249 mihi
1701 3191 2058 3269 negauerit,
2083 3209 2221 3250 sese
2242 3195 2636 3269 occupatum
2659 3208 2775 3268 per
2797 3187 3198 3250 Stanislaum
3221 3209 3440 3251 meum
3461 3211 3601 3271 que:

1266 3273 1688 3352 premiseram
1709 3275 2114 3347 renuntians,
2132 3278 2355 3335 tamen
2384 3273 2592 3334 amori
2613 3292 2765 3352 erga
2787 3271 2976 3333 illum
2998 3292 3142 3333 meo
3165 3273 3364 3334 nichil
3385 3274 3601 3337 deced

1267 3373 1577 3433 mquam,
1594 3362 1739 3416 tum
1758 3362 2027 3435 propter
2045 3363 2112 3417 te
2128 3375 2278 3418 cum
2296 3362 2565 3436 propter
2582 3357 3015 3417 eruditionem
3034 3376 3222 3417 suam
3239 3375 3371 3435 qua
3388 3360 3601 3437 prode

1267 3438 1597 3500 studiosis.
1685 3437 1874 3512 Quod
1913 3439 2178 3500 Dauum
2209 3458 2347 3500 sese
2382 3441 2450 3500 in
2480 3440 2786 3500 conuiuio
2819 3440 3202 3518 prestiterit,
3233 3459 3338 3501 me
3367 3440 3601 3521 vulpet

1266 3541 1334 3582 se
1376 3541 1601 3600 gruem
1631 3522 1909 3583 subinde
1947 3522 2245 3583 fabulose
2274 3522 2684 3602 appellitans,
2714 3521 2912 3583 nichil
2944 3541 3197 3596 moror;
3241 3523 3453 3585 facilis
3480 3528 3601 3587 eni

1172 3617 1239 3669 45
1266 3622 1412 3666 sum
1441 3604 1527 3665 ad
1555 3604 1855 3666 ferendas
1882 3612 1952 3667 et
1981 3606 2415 3685 perferendas,
2444 3606 2641 3667 modo
2669 3625 2751 3666 ne
2777 3607 3029 3666 nomini
3056 3606 3294 3680 obsint,
3325 3609 3601 3672 iniurias

1348 3687 1486 3748 Nos
1529 3687 1633 3748 hic
1675 3689 1848 3749 forte
1888 3688 2162 3750 fortuna
2203 3688 2636 3761 Amerbachii,
2677 3688 2958 3749 hominis
2997 3690 3417 3769 integerrimi,
3458 3711 3601 3772 ope]

1264 3790 1345 3832 ex
1376 3772 1579 3831 animi
1612 3772 1940 3833 sententia
1967 3773 2148 3833 nacti
2174 3791 2400 3833 sumus
2430 3772 2753 3852 hospitem
2782 3778 2850 3832 et
2879 3772 3240 3834 humanum
3269 3780 3338 3834 et
3366 3774 3601 3855 hospit·

1266 3852 1413 3926 lem,
1449 3873 1491 3913 a
1525 3855 1720 3915 sectis
1757 3854 2062 3928 alieniss.,
2102 3857 2342 3915 veteris
2386 3856 2653 3934 pietatis
2695 3860 3055 3916 amatorem
3098 3863 3167 3917 et
3210 3857 3601 3920 studiosoru]

1264 3936 1750 4011 admiratorem,
1773 3957 1905 4015 quo
1933 3958 2083 3999 cum
2112 3939 2396 3999 viuimus
2425 3944 2494 3999 et
2521 3939 3052 4016 conquiescimus.
3125 3939 3430 4002 Preterea
3460 3943 3601 4005 inte

1174 4033 1241 4081 50
1266 4019 1379 4080 diu
1397 4020 1586 4081 nobis
1604 4041 1646 4081 a
1663 4020 1743 4084 D.
1765 4021 1962 4083 Petro
1985 4021 2155 4082 Rich
2178 4023 2491 4082 canonico
2512 4040 2818 4083 concessa
2838 4022 3073 4083 domus
3094 4022 3333 4102 ampla,
3357 4044 3601 4086 amoen.

1265 4102 1548 4165 fumario
1564 4110 1634 4165 et
1656 4104 1849 4165 horto
1871 4105 2067 4178 clara,
2088 4105 2290 4166 Musis
2312 4111 2382 4165 et
2402 4104 2703 4184 Apolline
2726 4105 2940 4183 digna.
3003 4104 3108 4166 Sic
3137 4107 3398 4167 interim
3420 4107 3601 4169 herih

1486 4235 1566 4286 13.
1593 4221 1843 4287 Apollini
1865 4223 1976 4288 ipsi
1997 4223 2361 4287 scripsimus:
2400 4222 2659 4287 Apolline
2683 4223 2808 4287 ipso
2828 4221 2957 4272 MS.
3029 4236 3111 4287 27.
3138 4224 3281 4275 fatie
3302 4224 3431 4275 MS.

1331 4385 1416 4435 40.
1441 4370 1808 4433 stanislaum]
1821 4372 1923 4423 See
1934 4371 2042 4438 Ep.
2056 4384 2186 4437 2545
2198 4371 2405 4422 introd.
2508 4372 2852 4436 Ephorinus,
2875 4372 2985 4422 but
3006 4372 3107 4422 the
3131 4374 3282 4438 price
3298 4389 3479 4424 seems
3496 4374 3554 4425 hi
3595 4377 3601 4425 1

1331 4451 1416 4502 43.
1452 4437 1703 4500 Dauum]
1740 4438 1979 4498 Horace,
2009 4439 2128 4490 Sat.
2162 4453 2211 4489 2.
2242 4451 2291 4501 5.
2321 4453 2408 4499 91,
2507 4454 2543 4489 a
2565 4453 2753 4489 crown
2773 4453 2809 4488 a
2830 4439 2988 4489 week
3009 4439 3148 4489 each
3170 4440 3259 4491 for
3277 4440 3471 4501 board,
3496 4390 3601 4505 1031

1267 4518 1316 4555 2.
1344 4517 1391 4567 7.
1418 4518 1466 4554 2.
2508 4507 2622 4570 ing,
2646 4504 2762 4555 and
2784 4505 3047 4572 bedding.

1399 4571 1653 4637 vulpem]
1676 4571 1762 4622 cf.
1779 4571 2088 4630 Phaedrus,
2106 4572 2238 4622 Fab.
2261 4586 2306 4622 1.
2322 4575 2406 4623 26.
2575 4586 2658 4634 50.
2695 4572 2866 4622 Petro
2922 4571 3089 4634 Rich]
3146 4589 3203 4624 v.
3264 4573 3601 4626 Richensteffi

1332 4641 1418 4701 46.
1454 4638 1836 4700 Amerbachii]
1861 4639 2028 4689 Basle
2050 4639 2165 4690 MS.
2190 4638 2250 4689 C.
2278 4639 2405 4690 VI⁸.
2509 4654 2694 4689 canon
2734 4638 2794 4689 of
2833 4639 3017 4699 Basle,
3059 4640 3187 4691 who
3226 4640 3445 4706 bought
3484 4641 3601 4693 Era

1267 4715 1351 4767 73.
1377 4717 1474 4769 234
1499 4705 1547 4755 is
1573 4705 1674 4755 the
1702 4704 2064 4770 rough-drait
2094 4707 2153 4757 of
2179 4722 2215 4757 a
2241 4707 2411 4757 letter
2510 4706 2655 4756 mus'
2683 4706 2858 4756 house
2879 4712 2945 4755 at
2968 4706 3242 4772 Freiburg
3262 4708 3322 4757 in
3345 4707 3472 4758 Oct.
3503 4723 3597 4773 153

1268 4771 1414 4821 from
1442 4771 1710 4822 Boniface
1745 4777 1809 4822 to
1842 4772 2170 4837 Ephorinus
2202 4778 2409 4838 regret·
2511 4787 2604 4823 see
2638 4771 2816 4823 Lond.
2855 4772 3031 4822 xxvii.
3069 4786 3153 4834 52,
3189 4774 3305 4824 LB.
3344 4776 3488 4836 1289.
3560 4777 3601 4826 E

1265 4838 1393 4902 ting
1408 4837 1480 4888 he
1498 4838 1602 4888 has
1623 4854 1699 4890 no
1716 4853 1873 4889 room
1891 4845 1955 4889 to
1971 4840 2108 4889 take
2122 4840 2221 4890 the
2238 4845 2411 4904 party
2510 4855 2626 4889 was
2646 4855 2682 4890 a
2704 4839 2852 4889 close
2875 4839 3061 4889 friend
3083 4841 3144 4891 oi
3166 4841 3228 4891 L.
3254 4841 3381 4891 Ber.

1267 4904 1392 4955 into
1413 4905 1501 4955 his
1524 4920 1652 4956 own
1674 4905 1881 4957 house:
1918 4906 1991 4955 he
2012 4906 2117 4955 has
2133 4904 2312 4956 found
2333 4920 2410 4956 an
2576 4919 2660 4968 51.
2696 4904 2921 4968 heriles]
2945 4907 3033 4957 i.e.
3058 4907 3206 4958 from
3229 4907 3283 4959 S.
3308 4908 3513 4960 Boner.

1266 4970 1474 5025 honest
1539 4973 1742 5023 citizen
1820 4971 1996 5038 ready
2063 4979 2126 5024 to
2196 4973 2410 5026 receive

1271 4323 1307 4330 .—
