4042 5900
509 654 571 715 aso
834 651 1032 714 narrans
1054 651 1109 714 or
1129 650 1334 714 nassnus
1611 654 1711 731 1531]

509 830 573 890 que
587 810 691 872 literis
705 810 870 871 imbutum
885 810 1169 887 commendat<is>,
1181 811 1239 889 qui
1252 829 1424 888 nunquam
1438 809 1528 890 apud
1538 829 1603 871 nos
1615 812 1711 871 visus

508 900 560 956 est
578 912 684 972 neque
701 893 808 954 adhuc
827 893 915 954 vllus
930 899 1079 973 apparet.
1122 892 1186 954 Sed
1205 895 1233 953 si
1252 899 1324 954 tum
1344 892 1388 954 ad
1402 912 1462 954 nos
1477 894 1627 954 venisset
1646 900 1710 954 aut

508 978 690 1039 etiamnum
721 978 859 1050 veniret,
889 978 935 1038 sic
964 977 1129 1038 hominem
1158 976 1385 1038 habuissemus
1414 983 1452 1037 vt
1480 977 1580 1056 plane
1611 976 1710 1038 vobis

508 1080 700 1140 cognoscere
719 1066 754 1121 et
767 1060 888 1121 sentire
905 1060 1018 1123 liceret
1037 1079 1097 1121 nos
1113 1066 1221 1121 vestre
1240 1060 1534 1121 commendationis
1548 1061 1709 1121 meritam

464 1174 495 1223 15
508 1143 661 1205 habuisse
676 1144 847 1217 rationem,
859 1162 959 1222 quam
973 1150 1008 1205 et
1022 1145 1057 1204 in
1072 1143 1144 1204 aliis
1159 1144 1254 1222 longe
1269 1143 1447 1204 maioribus
1461 1163 1523 1223 pro
1537 1150 1657 1204 nostra
1673 1144 1708 1204 in

507 1246 567 1288 vos
593 1226 822 1288 beneuolentia
846 1233 880 1288 ct
905 1226 1076 1289 affectione
1101 1227 1266 1306 singulari,
1291 1227 1420 1305 quoties
1448 1228 1576 1287 occasio
1606 1226 1707 1299 ierat,

507 1312 589 1372 inire
603 1330 671 1371 non
685 1310 920 1371 dubitabimus.

549 1393 682 1455 Italiam
693 1413 754 1455 nos
769 1392 890 1454 habere
903 1399 1066 1473 pacatam,
1081 1392 1223 1454 Galliam
1237 1394 1386 1465 amicam,
1402 1393 1550 1453 inducias
1561 1413 1582 1453 a
1595 1392 1709 1454 Turco

507 1478 631 1557 sperari
646 1496 743 1538 nemo
758 1496 825 1538 non
840 1476 983 1550 dubitat,
999 1496 1074 1537 cum
1090 1478 1139 1537 ita
1154 1496 1188 1537 se
1203 1495 1254 1537 res
1272 1476 1402 1537 habeat.
1446 1476 1639 1537 Precandus
1653 1483 1709 1537 est

461 1590 495 1626 20
507 1566 621 1621 tamen
635 1560 733 1633 Deus,
750 1567 788 1621 vt
803 1579 916 1639 pacem
935 1566 971 1621 et
987 1561 1169 1621 amiciciam
1188 1565 1222 1620 et
1237 1567 1366 1620 caetera
1381 1558 1568 1620 huiusmodi
1582 1578 1707 1638 veque-

507 1644 590 1705 adeo
604 1643 698 1704 firma
712 1650 747 1705 et
761 1663 875 1705 secura
890 1643 985 1704 nobis
999 1662 1069 1703 esse
1083 1642 1174 1716 velit,
1190 1649 1229 1703 vt
1243 1641 1383 1703 aduersa
1397 1648 1432 1703 et
1446 1643 1581 1703 sinistra
1597 1662 1707 1721 quan·

507 1727 614 1806 doque
636 1746 704 1789 non
725 1734 894 1806 emergant
915 1745 979 1805 que
1000 1732 1110 1787 totum
1132 1726 1331 1787 christianae
1353 1725 1551 1804 reipublicae
1572 1731 1707 1786 statum

507 1811 715 1884 conturbent,
738 1812 824 1871 sicut
844 1809 945 1871 latius
967 1816 1001 1871 et
1023 1809 1234 1882 confidenter,
1257 1810 1285 1869 si
1306 1828 1416 1870 coram
1441 1808 1532 1888 loqui
1554 1808 1707 1881 daretur,

506 1894 601 1955 vobis
616 1894 735 1955 referre
749 1912 926 1973 possemus.

461 2005 494 2054 25
549 1976 644 2050 Quod
668 1977 784 2038 Ecoius
807 1983 842 2037 et
866 1976 970 2038 irater
995 1976 1172 2037 Medardus
1197 1976 1232 2035 in
1255 1994 1375 2036 nomen
1400 1982 1548 2036 vestrum
1569 1974 1707 2053 publice

507 2061 704 2133 inuexeriut‚
719 2061 881 2121 affirmem
898 2078 1071 2138 possumus
1090 2078 1150 2120 nos
1168 2061 1203 2120 in
1224 2065 1298 2119 toto
1312 2058 1507 2137 Augustano
1522 2065 1705 2131 conuentu,

506 2146 560 2205 cui
582 2143 800 2217 interfuimus,
825 2143 907 2203 nihil
931 2162 1065 2222 prorsus
1088 2143 1130 2203 ab
1159 2144 1198 2202 iis
1227 2142 1393 2203 audiuisse
1416 2148 1476 2203 aut
1501 2141 1708 2202 intellexisse

507 2227 595 2305 quod
620 2226 728 2288 lamae
756 2233 791 2287 et
816 2227 932 2288 honori
957 2232 1087 2287 vestrae
1112 2224 1279 2287 ullatenus
1307 2224 1548 2286 incommodare
1577 2231 1705 2303 posset,

506 2329 610 2389 neque
630 2311 795 2389 patienter
813 2309 848 2371 id
867 2310 1054 2371 tulissemus
1073 2311 1107 2369 in
1126 2315 1239 2370 nostra
1258 2309 1442 2389 praesentia
1460 2313 1530 2368 tam
1545 2308 1625 2368 boni
1640 2309 1706 2368 viri

460 2420 494 2469 30
506 2393 651 2472 beneque
676 2393 717 2453 de
740 2399 854 2454 sancta
879 2392 942 2453 fide
966 2399 1002 2453 et
1026 2391 1178 2471 religione
1203 2397 1317 2453 nostra
1340 2392 1448 2452 meriti
1471 2391 1575 2452 offitio
1600 2390 1706 2452 aliam

507 2495 606 2555 quarn
623 2476 834 2537 honorificam
851 2476 920 2536 fieri
934 2477 1142 2548 mentionem,
1158 2482 1259 2554 atque
1279 2475 1352 2535 ideo
1367 2480 1533 2552 vtrunquo
1552 2493 1592 2534 ea
1610 2473 1654 2534 de
1669 2494 1705 2535 re

506 2559 609 2621 literis
627 2561 748 2621 nostris
766 2561 1002 2632 conueniemus,
1023 2558 1222 2619 intellecturi
1239 2577 1319 2618 num
1336 2559 1402 2618 ista
1422 2557 1647 2618 commiserint
1668 2564 1705 2618 et

507 2662 572 2722 qua
592 2662 690 2705 causa
709 2643 752 2704 ad
766 2662 805 2703 ea
819 2645 886 2704 sint
904 2642 1049 2703 adducti.
1093 2642 1138 2703 Et
1153 2642 1242 2720 quod
1256 2641 1299 2703 ab
1314 2642 1361 2702 eis
1378 2642 1607 2720 acceperimus,
1624 2659 1703 2701 con-

505 2725 616 2787 festim
631 2727 675 2788 ad
688 2746 747 2787 vos
762 2727 983 2787 rescribemus.

460 2818 492 2867 35
548 2809 649 2870 Porro
671 2810 808 2871 moleste
829 2810 963 2870 ierimus
984 2808 1078 2869 nobis
1101 2808 1212 2869 literas
1234 2814 1361 2869 vestras
1382 2807 1612 2886 tempestiuius
1634 2825 1704 2867 non

505 2911 576 2970 esse
590 2893 746 2967 redditas,
758 2893 896 2973 ideoque
911 2893 1006 2972 digne
1021 2893 1170 2954 excusati
1184 2911 1253 2953 esse
1264 2891 1413 2970 cupimus
1424 2892 1452 2952 si
1466 2908 1553 2951 nunc
1564 2889 1704 2951 tandem

506 2977 750 3056 respondemus.
788 2976 909 3050 Quodsi
924 2977 958 3037 in
972 2982 1121 3055 tempore
1136 2975 1274 3036 luissent
1289 2974 1420 3047 allatae,
1436 2974 1549 3035 iandiu
1564 2973 1599 3033 id
1610 2974 1704 3052 quod

506 3063 619 3139 petitis
641 3063 768 3121 ratione
790 3060 917 3132 domus,
940 3078 1040 3138 quam
1063 3059 1213 3137 Friburgi
1234 3058 1439 3130 inhabitatis,
1461 3064 1577 3118 nostra
1599 3075 1704 3135 opera

505 3143 622 3204 fuisset
643 3143 805 3217 effectum,
828 3145 958 3222 iamque
979 3145 1080 3203 etiam
1102 3144 1171 3202 eius
1194 3142 1327 3203 domino
1348 3141 1520 3202 scribimus
1542 3146 1581 3200 vt
1604 3140 1704 3201 vobis

459 3226 596 3303 4oillam
621 3229 795 3307 permittat
823 3227 964 3305 amplius
993 3225 1264 3298 inhabitandam
1296 3243 1394 3303 quem
1424 3243 1513 3296 sane,
1543 3225 1571 3283 si
1601 3223 1704 3284 modo

504 3317 637 3372 nostrae
652 3311 745 3371 litere
760 3311 940 3389 temporius
954 3309 1126 3388 aliquanto
1141 3308 1189 3368 illi
1203 3308 1327 3369 fuerint
1346 3307 1523 3380 exhibitae,
1538 3306 1704 3367 credimus

505 3395 611 3454 nostri
636 3400 785 3472 respectu
807 3413 877 3454 esse
902 3411 1130 3464 assensurum
1164 3411 1223 3452 vos
1245 3394 1378 3470 insuper
1402 3408 1600 3470 magnopere
1626 3389 1703 3450 hor·

505 3479 651 3554 tan<tes>
673 3484 720 3549 vt,
741 3478 769 3537 si
791 3496 856 3555 qua
877 3477 942 3537 alia
962 3477 996 3536 in
1027 3496 1061 3536 re
1084 3476 1178 3536 vobis
1200 3475 1288 3553 apud
1311 3475 1553 3535 serenissimum
1575 3472 1704 3551 Regem

505 3567 656 3621 nostrum
678 3559 883 3620 commodare
905 3562 1076 3639 possimus,
1098 3559 1195 3638 plane
1217 3559 1311 3619 nobis
1334 3559 1394 3618 hoc
1412 3559 1537 3636 aperire
1558 3561 1593 3616 et
1612 3575 1703 3616 com-

458 3666 491 3718 45
505 3645 672 3705 municare
691 3643 808 3704 velitis.
853 3643 902 3704 Eo
918 3645 1006 3703 enim
1026 3641 1195 3703 intellecto
1214 3644 1259 3701 sic
1277 3643 1380 3701 vestri
1401 3659 1533 3701 causam
1556 3657 1703 3717 agemus,

505 3733 544 3787 vt
565 3727 660 3788 facile
681 3727 775 3788 vobis
796 3733 948 3787 constare
969 3728 1073 3805 possit
1093 3745 1153 3787 nos
1173 3727 1275 3786 vestri
1294 3726 1538 3784 amantissimos
1557 3741 1703 3783 commo·

505 3810 619 3889 disque
636 3811 754 3871 vestris
771 3829 841 3871 esse
860 3812 1004 3870 intentos
1024 3816 1059 3870 et
1073 3809 1218 3880 affectos,
1235 3827 1336 3887 quum
1357 3808 1568 3867 vehementer
1587 3806 1701 3884 cupia-

504 3913 577 3954 mus
598 3894 686 3955 tanti
707 3893 769 3953 viri
793 3894 938 3953 animum
960 3900 995 3954 et
1015 3892 1125 3953 studia
1150 3892 1315 3963 demereri,
1338 3893 1432 3969 eique
1452 3896 1601 3950 nostrum
1624 3907 1704 3967 erga

505 3976 619 4038 doctos
639 3983 674 4037 et
692 3977 909 4037 benemeritos
929 3980 1039 4055 (quem
1056 3995 1115 4037 vos
1137 3994 1206 4035 esse
1229 3977 1361 4051 scimus)
1382 3974 1546 4044 affectum,
1567 3990 1703 4050 quoquo

459 4080 492 4129 50
504 4060 581 4121 licet
595 4067 702 4139 pacto,
718 4062 891 4120 insinuare.

546 4144 671 4204 Datum
697 4145 732 4203 in
755 4143 837 4204 Arce
867 4143 971 4221 Regia
996 4143 1120 4220 Pragae
1149 4142 1202 4202 die
1227 4161 1304 4202 xxv.
1335 4141 1457 4200 Mensis
1485 4139 1573 4199 Iunii
1602 4136 1703 4199 Anno

504 4225 628 4286 domini
644 4243 813 4288 mnam.

901 4309 1126 4386 B<cmardus>
1142 4308 1316 4369 cardinalis
1332 4314 1366 4368 et
1380 4307 1550 4385 episcopus
1565 4303 1656 4366 Trid.

547 4417 733 4479 Venerabili
750 4437 885 4496 synccre
901 4418 996 4478 nobis
1016 4417 1137 4478 dilecto
1156 4417 1298 4477 Domino
1316 4416 1454 4475 Erasmo
1474 4412 1703 4474 Roterodamo

459 4516 491 4568 55
505 4517 617 4562 sacrae
632 4501 828 4580 Theologiae
843 4500 1022 4561 Professori
1036 4501 1165 4562 eximio.
1210 4499 1361 4578 Friburgi
1375 4500 1409 4558 in
1424 4495 1626 4576 Brisgaudia.

537 4714 578 4766 25.
596 4699 759 4763 Medardus]
771 4701 822 4752 See
834 4700 888 4766 Ep.
901 4701 976 4765 2408.
988 4701 1034 4750 8n.
1167 4700 1208 4763 38.
1226 4699 1339 4761 domus]
1352 4699 1402 4750 See
1414 4698 1469 4763 Ep.
1481 4699 1547 4761 2462
1559 4696 1658 4746 introd
