4042 5900
534 653 575 714 86
861 648 1060 715 LETTERS
1080 649 1136 713 OF
1157 648 1363 714 ERASMUS
1638 653 1733 731 [1330

489 834 501 870 ι
505 833 520 883 3
533 830 603 873 esse
617 811 845 890 repositurum,
857 810 946 890 quod
960 830 1021 872 nec
1034 829 1122 872 nunc
1133 809 1266 889 quidem
1276 809 1449 872 inficiatur.
1479 808 1610 872 Durum
1620 815 1734 873 ιιιιιοιι

533 914 602 956 csse
621 896 738 973 inquit,
754 894 843 973 quod
863 914 904 956 ex
919 913 958 955 ea
971 896 1135 974 pensione,
1151 912 1252 972 quam
1266 893 1328 955 tibi
1347 894 1441 954 aunis
1455 894 1521 954 iam
1539 906 1589 970 15.
1604 900 1668 956 aut
1683 893 1731 956 16.

533 978 713 1039 liberaliter
741 977 865 1039 dimisit
893 996 1059 1056 quamque
1083 977 1145 1038 sibi
1174 982 1307 1056 poterat
1335 976 1519 1051 adseruare,
1548 996 1617 1038 non
1645 978 1732 1039 sium

532 1062 678 1139 aliquam
700 1061 897 1140 particulam
919 1062 952 1121 in
974 1081 1071 1122 suum
1093 1079 1189 1121 vsum
1214 1060 1336 1121 cedere.
1381 1059 1523 1139 Reliqua
1543 1058 1613 1122 duo
1637 1066 1733 1121 erant

534 1144 575 1206 de
589 1144 738 1223 Hispano
749 1144 878 1242 aliaque
889 1145 1027 1225 pecunia
1041 1163 1146 1223 nuper
1156 1149 1293 1241 accepta
1305 1142 1432 1223 abipso
1442 1143 1482 1204 D.
1495 1143 1544 1204 Ic.
1556 1142 1599 1204 de
1611 1143 1731 1217 Hond3

487 1228 575 1289 2ode
597 1226 725 1324 quibus,
748 1229 902 1306 quoniam
926 1234 1035 1289 tecum
1058 1228 1275 1307 copiosissime
1296 1227 1375 1306 agit,
1397 1225 1478 1287 nihil
1482 1227 1734 1325 impraesentia

533 1312 721 1383 meminero,
750 1330 791 1371 ne
820 1317 932 1371 ectum
960 1330 1065 1390 agam.
1110 1310 1244 1389 Ignosce
1273 1329 1404 1388 quaeso,
1434 1310 1556 1390 quippe
1585 1311 1643 1389 qui
1672 1311 1734 1371 sim

532 1396 664 1474 ignarus
692 1396 829 1456 istarum
854 1413 964 1455 rerum
990 1395 1136 1454 omnium
1159 1413 1244 1472 quae
1269 1392 1331 1454 sub
1357 1391 1511 1473 Syluagio
1536 1392 1734 1455 cancellario

532 1483 678 1539 tractata
693 1480 768 1539 sint.

575 1560 727 1622 Ceterum
748 1562 791 1621 ad
806 1567 882 1621 tuas
898 1561 1011 1621 literas
1026 1560 1132 1633 redeo,
1148 1559 1268 1639 quibus
1287 1559 1349 1621 hoc
1364 1564 1438 1620 toto
1452 1578 1541 1621 anno
1554 1559 1639 1620 nihil
1652 1559 1736 1621 mihi

488 1668 520 1717 ²5
534 1644 653 1723 obtigit
667 1644 849 1717 iucundius,
862 1664 944 1723 quas
958 1646 1071 1704 amicis
1086 1644 1292 1722 cupidissime
1306 1643 1522 1704 ostendissem
1537 1662 1599 1722 pro
1612 1644 1736 1705 eximio

534 1747 676 1800 munere,
692 1730 754 1788 nisi
775 1727 891 1788 fuisset
905 1726 1140 1788 consulendum
1159 1726 1313 1805 dignitati
1328 1727 1479 1806 proximi.
1523 1726 1620 1799 Quod
1634 1727 1673 1800 si,
1688 1727 1736 1788 mi

533 1811 677 1884 Erasme,
693 1831 714 1871 a
729 1812 869 1871 triennio
884 1817 944 1871 aut
959 1810 1174 1888 quadriennio
1188 1809 1270 1870 nihil
1284 1809 1328 1870 ad
1343 1816 1377 1870 te
1391 1810 1583 1889 scripserim,
1600 1828 1669 1871 non
1683 1815 1737 1871 est

533 1894 623 1973 quod
644 1900 818 1973 propterea
839 1913 891 1954 me
913 1895 1020 1972 ipsum
1042 1899 1102 1953 aut
1123 1891 1297 1954 obliuionis
1318 1899 1378 1954 aut
1396 1892 1614 1972 negligentiae
1632 1892 1735 1954 male-

532 1977 739 2038 uolentiaeue
753 1977 929 2049 insimules,
945 1977 1050 2054 quite
1064 1995 1166 2037 vnum
1181 1995 1222 2036 ex
1236 1975 1374 2037 eruditis
1393 1975 1544 2037 omnibus
1560 1994 1602 2037 ex
1621 1978 1738 2038 animo

487 2082 521 2132 3ο
533 2067 568 2122 et
589 2059 727 2121 candide
752 2079 868 2133 amem,
891 2059 1007 2132 colam,
1030 2058 1210 2131 obseruem,
1236 2060 1423 2138 scriptaque
1448 2066 1508 2120 tua
1533 2058 1663 2139 singula
1689 2061 1737 2121 sie

533 2144 733 2223 complectar
747 2150 786 2204 vt
800 2143 879 2203 mihi
895 2144 962 2203 sint
976 2162 1037 2222 pro
1051 2144 1187 2203 summis
1204 2142 1337 2204 deliciis.
1381 2143 1426 2203 Et
1440 2142 1617 2203 scriberem
1636 2142 1683 2203 ad
1703 2149 1738 2205 te

533 2246 599 2289 non
618 2245 701 2300 raro,
718 2227 774 2288 sed
792 2226 903 2306 pudet,
919 2225 999 2286 mihi
1017 2226 1121 2297 crede,
1140 2227 1272 2286 mittere
1289 2226 1332 2287 ad
1352 2232 1395 2299 te,
1414 2225 1515 2287 talem
1533 2231 1738 2305 tantumque

533 2310 633 2371 heroa
658 2311 825 2389 totiusque
851 2309 1021 2371 literature
1047 2309 1240 2382 antistitem,
1267 2309 1326 2369 has
1352 2328 1455 2389 nugas
1480 2308 1737 2383 incultissimss;

534 2396 664 2472 quassi
686 2394 819 2454 audiam
842 2400 876 2453 te
898 2394 975 2454 boni
999 2392 1227 2453 consulturum
1249 2411 1309 2472 pro
1332 2398 1391 2452 tua
1412 2393 1446 2452 in
1468 2410 1581 2453 omnes
1603 2411 1739 2454 summa

488 2497 520 2548 35
534 2478 752 2550 humanitate,
768 2476 855 2538 dabo
870 2496 1002 2557 operam
1019 2483 1057 2536 vt
1072 2476 1165 2536 breui
1179 2477 1342 2555 ineptiora
1356 2475 1478 2549 videas,
1494 2476 1522 2536 si
1535 2494 1603 2537 non
1617 2482 1738 2555 potero

534 2561 677 2622 meliora.
722 2561 864 2634 Morbus,
894 2579 961 2639 quo
990 2561 1155 2639 superiore
1184 2578 1294 2619 mense
1319 2558 1477 2632 laboraui,
1500 2578 1587 2619 nuno
1620 2564 1738 2621 tamen

533 2644 642 2705 iactus
664 2646 782 2718 mitior,
806 2646 839 2704 in
861 2663 960 2704 causa
982 2650 1033 2704 est
1055 2662 1095 2703 ne
1117 2644 1178 2703 sim
1200 2648 1310 2703 tecum
1330 2642 1464 2722 longior.
1509 2641 1590 2703 Vale
1610 2642 1737 2705 clariss.

533 2728 573 2789 D.
590 2729 734 2789 Erasme.

576 2812 714 2872 Tomaci
731 2811 778 2875 18.
795 2809 925 2872 Calend.
942 2810 1096 2871 Decemb.
1114 2824 1205 2886 1530.

486 2915 521 2967 40
1028 2893 1169 2955 Ioannes
1183 2913 1204 2954 a
1218 2892 1406 2955 Molendino
1420 2911 1462 2954 ex
1476 2892 1588 2954 animo
1602 2898 1693 2957 tuus.

562 3004 696 3083 <A>pud
711 3023 823 3065 omnes
838 3002 1094 3064 celebratissimo
1109 3003 1149 3064 D.
1169 3002 1307 3063 Erasmo
1322 3000 1556 3076 Roterodamo,
1572 3001 1737 3086 Friburgi.

844 3199 943 3259 2408.
992 3193 1098 3258 Facu
1115 3193 1264 3257 Ausus
1279 3191 1419 3258 Wrsuu.

571 3299 695 3371 Leipzig
707 3297 771 3353 MS.
1450 3295 1625 3367 Augsburg.

571 3375 636 3429 ΕΕ.
653 3390 716 3445 142.
1373 3375 1408 3425 16
1420 3370 1598 3427 November
1613 3385 1697 3442 1530.

568 3469 625 3529 [Αιι
637 3467 754 3533 original
766 3467 860 3527 letter,
872 3466 1033 3532 autograph
1046 3466 1232 3531 throughout.
1268 3465 1324 3515 For
1335 3464 1423 3514 Wiele
1435 3480 1482 3515 see
1493 3464 1548 3530 Ep.
1563 3479 1638 3530 1331.
1650 3468 1728 3531 atra]

576 3550 607 3612 S.
624 3552 660 3612 P.
705 3549 818 3630 Sepins
844 3551 963 3630 ineptis
989 3551 1069 3610 meis
1094 3550 1188 3627 nugis
1214 3549 1281 3608 tuis
1306 3548 1560 3627 obstrepuissem
1588 3548 1736 3624 auribus,

534 3636 597 3695 nisi
618 3654 669 3695 me
691 3633 814 3693 insulsa
835 3653 908 3693 mea
930 3633 1142 3693 deterruisset
1164 3633 1303 3692 fatuitas
1322 3637 1357 3691 et
1377 3631 1570 3692 eruditionis
1590 3637 1648 3693 tue
1669 3633 1735 3694 sin·

534 3720 652 3779 ceritas
673 3717 772 3777 nichil
794 3716 975 3777 admittens
995 3717 1058 3776 nisi
1079 3715 1168 3794 quod
1189 3714 1359 3776 excultum
1380 3720 1431 3775 est
1452 3719 1487 3774 et
1507 3712 1736 3790 elaboratum

534 3802 613 3880 quid
639 3802 725 3861 enim
751 3800 904 3879 graculus
930 3801 1109 3859 occinerem
1134 3805 1281 3879 psytaco,
1307 3799 1364 3876 qui
1386 3797 1497 3858 literae
1518 3817 1560 3858 ne
1581 3817 1602 3858 a
1622 3797 1737 3860 limine

505 3907 521 3957 3
535 3885 667 3963 quidem
688 3885 882 3945 salutarim?
918 3883 1012 3943 Facit
1029 3889 1142 3943 temen
1161 3888 1196 3942 et
1212 3900 1306 3941 amor
1323 3887 1358 3941 et
1375 3881 1586 3942 obseruantia
1603 3899 1680 3961 erga
1700 3886 1737 3943 te

534 3987 616 4041 mea,
642 3969 699 4046 qui
725 3968 864 4028 nominis
889 3968 940 4027 tui
966 3965 1073 4027 cultor
1098 3972 1133 4026 et
1156 3965 1277 4025 vindex
1303 3964 1347 4025 ad
1372 3963 1531 4025 inuidiam
1556 3982 1661 4042 vsque
1684 3963 1737 4026 fui

535 4070 725 4130 semperque
739 4050 871 4111 iuturus
887 4069 969 4122 sum,
986 4055 1025 4110 vt
1040 4048 1102 4109 tibi
1117 4047 1318 4109 subindioem
1331 4066 1395 4125 que
1409 4047 1555 4108 famosus
1565 4046 1618 4108 hic
1628 4046 1737 4109 irater

534 4134 703 4195 Metardus
726 4134 880 4194 minorita
907 4132 1137 4209 (Mostardicus
1162 4133 1315 4208 dicerem)
1338 4131 1404 4210 regi
1425 4130 1594 4209 Hungarie
1615 4149 1637 4192 ι
1658 4149 1735 4192 eon·

534 4218 681 4279 cionibus
707 4223 741 4278 et
766 4216 1001 4277 maledicentiis
1027 4222 1088 4276 etc.
1116 4217 1150 4276 in
1175 4221 1209 4276 te
1234 4235 1252 4275 e
1276 4220 1428 4294 suggesto
1457 4215 1581 4294 expuit,
1612 4219 1652 4275 vt
1680 4214 1736 4276 rel

491 4322 522 4360 ιο
535 4301 732 4362 calumniam
742 4300 803 4360 tibi
814 4299 994 4379 adtingeret
1003 4299 1055 4360 vel
1064 4305 1233 4377 vtcunque
1242 4298 1440 4359 traduceret.
1462 4296 1538 4358 Non
1547 4297 1735 4372 erasmum,

535 4384 592 4446 sed
616 4403 676 4465 pro
701 4402 760 4445 sua
788 4384 976 4444 temeritate
1001 4389 1037 4444 et
1061 4383 1240 4443 virulentia
1264 4381 1334 4442 Her
1358 4382 1487 4442 asinum
1511 4379 1736 4459 frequentiore

534 4467 689 4531 adstante
713 4466 877 4529 auditorio
902 4467 1046 4540 uocauit,
1070 4467 1163 4544 quasi
1188 4465 1410 4562 hallucinatus
1434 4482 1520 4525 esses
1545 4464 1579 4524 in
1604 4465 1736 4527 cantico

568 4583 1106 4668 2407.19.doniapano]s‹aeup24o4.
1158 4600 1229 4652 used
1249 4600 1299 4651 the
1318 4599 1487 4665 episodein
1510 4599 1560 4650 the
1582 4598 1737 4666 burlesque

534 4672 580 4721 8ιι.
1158 4668 1288 4733 colloquy
1305 4666 1406 4717 Ooncio
1425 4667 1486 4717 riae
1503 4666 1679 4728 Medeam,
1696 4668 1735 4719 οι.

567 4736 642 4787 2408.
660 4738 685 4788 8.
703 4735 1069 4798 Motardus10rhiedardus,
1078 4732 1108 4786 ol
1158 4734 1235 4799 Epp.
1247 4736 1322 4795 2366.
1336 4735 1428 4799 79-84,
1441 4735 1516 4796 2623.
1530 4747 1591 4797 13ιι.

533 4803 658 4855 Kirchen
661 4803 1109 4868 ,courtpreachertoFerdinand,
1196 4814 1237 4850 11.
1254 4800 1315 4850 Her
1325 4800 1449 4861 ιιιιιιιιιι]
1460 4799 1503 4851 ci
1516 4799 1571 4865 Ep.
1588 4802 1665 4863 21⁶9,
1681 4812 1736 4864 3311

535 4883 609 4934 1330.
645 4870 700 4921 For
719 4871 778 4922 this
798 4870 897 4920 attack
916 4885 954 4920 on
971 4870 1108 4920 Erasmus
1159 4867 1263 4929 (where
1289 4868 1340 4918 the
1365 4867 1506 4918 reference
1530 4872 1562 4918 to
1590 4867 1737 4919 Ausonius

533 4936 1108 5004 seeEpp.25o3.1-5andioradrfiarent
1158 4933 1260 4986 should
1283 4934 1319 4985 be
1344 4932 1477 4994 deleted),
1504 4933 1559 4999 Ep.
1585 4935 1663 5000 2468.
1690 4947 1735 4999 93.

534 5004 769 5069 accountseelip.
778 5016 853 5069 2304.
860 5018 910 5068 23-
911 5017 953 5068 34.
972 5004 1108 5054 Erasmus
1159 5000 1311 5064 colloquio,
1324 4999 1513 5052 OeneioLB.
1505 5016 1523 5051 1.
1536 5001 1617 5063 8311).
