4042 5900
458 665 521 727 268
785 664 984 727 LETTERS
1005 664 1061 728 OF
1081 663 1288 728 ERASMUS
1530 750 1533 759 Ι
1566 665 1659 742 [1531

457 824 556 885 huius
578 823 720 885 Basilius
745 823 841 884 suani
863 824 1007 902 quodam
1032 830 1067 886 et
1091 824 1283 885 inaffectato
1311 823 1465 884 dictionis
1489 821 1603 894 fluxu,
1627 828 1661 883 et

457 908 626 987 pietatem,
640 913 676 969 et
689 906 917 980 eruditionem,
929 914 963 969 et
973 926 1112 969 acumen
1126 907 1231 969 sicubi
1245 926 1296 967 res
1310 905 1470 986 postulat,
1484 911 1524 966 et
1537 906 1660 985 perspi-

457 992 626 1063 cuitatem,
641 996 676 1051 et
695 990 944 1063 iucunditatem,
958 997 994 1052 et
1008 992 1036 1052 si
1054 1010 1153 1070 quam
1173 990 1272 1052 aliam
1293 991 1453 1051 virtutem
1472 990 1509 1049 in
1530 995 1659 1050 oratore

411 1084 444 1145 85
457 1072 643 1136 Christiano
670 1075 844 1153 quisquam
874 1073 1056 1135 desiderare
1083 1075 1197 1153 possit,
1226 1073 1466 1153 complectitur.
1517 1072 1660 1133 Ioannes

457 1156 710 1235 chrysostomus
718 1156 840 1230 Basilii,
850 1157 1129 1236 quemadmodum
1140 1159 1175 1218 in
1184 1157 1314 1229 litteris,
1324 1157 1369 1216 sic
1378 1156 1658 1235 etiaminproies·

457 1242 547 1302 sione
565 1242 757 1319 syncerioris
776 1242 875 1314 vitae,
891 1242 997 1301 socius
1011 1248 1121 1319 atque,
1140 1247 1180 1302 vt
1194 1243 1242 1301 ita
1256 1241 1382 1318 loquar,
1397 1239 1555 1312 Achates,
1570 1240 1658 1318 quic·

456 1323 536 1402 quid
544 1323 612 1384 iere
622 1324 1010 1403 scripsit,adpopularem
1020 1323 1431 1403 captumaccommodauit,
1440 1341 1549 1400 eoque
1557 1322 1660 1383 fusior

456 1413 508 1467 est
524 1427 562 1467 ao
577 1408 762 1487 simplicior,
777 1413 812 1467 et
826 1408 861 1468 in
875 1407 955 1468 locis
968 1407 1198 1468 communibus
1212 1407 1347 1485 spatiari
1362 1405 1482 1467 maluit
1499 1425 1607 1484 quam
1626 1407 1660 1466 in

409 1513 444 1560 90
456 1490 654 1552 difficillimis
667 1492 790 1551 versari
804 1490 1060 1569 quaestionibus.
1105 1490 1175 1551 Hos
1189 1491 1380 1551 triumuiros
1395 1507 1461 1549 vna
1471 1489 1556 1551 tulit
1566 1496 1660 1550 aetas

455 1573 545 1652 apud
560 1572 709 1647 Graecos,
725 1575 849 1653 pietate
863 1593 968 1653 pares,
983 1592 1044 1635 nec
1058 1574 1204 1652 dispares
1221 1573 1415 1646 eruditione,
1430 1572 1489 1632 sed
1502 1572 1660 1635 dictionis

455 1655 642 1718 charactere
664 1657 852 1717 dissimiles:
876 1676 958 1735 quos
981 1659 1009 1717 si
1032 1677 1106 1718 cum
1129 1658 1250 1718 nostris
1271 1656 1418 1718 conferre
1438 1655 1533 1728 velis,
1556 1654 1659 1735 Chry·

455 1745 618 1801 sostomus
635 1760 702 1801 non
716 1740 880 1801 dissimilis
894 1748 946 1802 est
959 1741 1153 1820 Augustino,
1168 1738 1342 1819 Gregorius
1356 1739 1542 1811 Ambrosio,
1558 1741 1618 1818 qui
1632 1741 1661 1800 si

455 1822 577 1884 Graece
591 1825 781 1904 scripsisset,
797 1824 974 1902 plurimum
990 1826 1115 1903 negocii
1128 1824 1244 1885 fuisset
1252 1822 1459 1884 exhibiturus
1470 1823 1658 1903 interpreti.

408 1929 441 1979 95
455 1906 559 1981 Quem
574 1907 697 1969 Basilio
711 1907 877 1969 conferam
892 1908 1040 1969 nondum
1054 1909 1196 1980 inuenio,
1210 1908 1274 1967 nisi
1288 1908 1315 1967 si
1329 1907 1402 1985 quis
1417 1906 1658 1985 scripturarum

454 1991 672 2069 cognitionem
688 2010 787 2070 quam
803 1991 922 2052 hebuit
937 1991 1157 2070 Hieronymus
1171 2010 1246 2051 cum
1261 1990 1427 2051 Lactantii
1445 1988 1535 2049 felici
1552 1989 1658 2050 iacili·

454 2079 525 2134 tate
551 2074 692 2153 copulet.
737 2074 790 2135 Me
815 2081 902 2135 certe
929 2095 951 2135 a
979 2075 1139 2136 vertendo
1165 2073 1319 2153 Gregorio
1342 2091 1470 2152 semper
1492 2072 1659 2134 deterruit

454 2156 607 2218 dictionis
626 2158 765 2236 argutia,
787 2163 822 2217 et
844 2176 952 2219 rerum
972 2158 1168 2231 sublimitas,
1183 2165 1218 2220 et
1232 2157 1407 2218 allusiones
1420 2154 1656 2218 subobscurus.

454 2240 536 2301 Eam
553 2242 755 2320 prouinciam
769 2242 889 2302 eximio
903 2242 1047 2320 quodam
1062 2243 1197 2322 pietatis
1210 2241 1327 2302 ardore
1341 2240 1403 2301 sibi
1417 2239 1563 2317 sumpsit
1577 2238 1656 2300 Bili-

392 2345 441 2382 roo
453 2323 572 2384 baldus
586 2329 706 2397 noster,
721 2325 773 2384 cui
788 2329 823 2385 et
836 2325 1033 2386 immortuus
1047 2332 1107 2386 est.

495 2406 568 2467 Hoc
591 2426 674 2486 opus
702 2407 774 2481 tibi,
804 2407 960 2487 Princeps
981 2407 1207 2481 illustrissime,
1232 2427 1298 2486 quo
1323 2408 1380 2467 vix
1405 2406 1490 2468 alius
1518 2405 1656 2484 pietatis

452 2492 626 2563 ementior,
655 2492 751 2552 riuus
779 2489 972 2563 destinarat,
999 2490 1089 2568 quod
1113 2497 1173 2552 tua
1197 2491 1369 2570 singularis
1393 2488 1587 2550 humanitas
1615 2508 1656 2550 eo

452 2574 661 2653 propensiore
679 2576 778 2635 etiam
796 2572 910 2635 fauore
932 2575 1096 2653 suscipiet,
1116 2574 1206 2652 quod
1225 2575 1366 2635 moriens
1383 2577 1572 2633 extremum
1592 2571 1654 2633 hoc

451 2656 645 2736 μνημόσυνον
666 2659 716 2718 sui
736 2656 879 2735 reliquit.
923 2655 1037 2718 Solent
1059 2658 1145 2717 enim
1168 2658 1231 2718 seri
1253 2663 1370 2736 partus
1392 2655 1445 2716 vel
1465 2655 1508 2717 ob
1527 2655 1565 2715 id
1583 2674 1654 2716 esse

392 2762 438 2812 ως
451 2742 610 2819 gratiores
635 2739 724 2819 quod
748 2745 917 2819 praetcrea
944 2740 1027 2800 nihil
1056 2747 1216 2819 speratur.
1260 2740 1401 2801 Proinde
1430 2758 1533 2818 quum
1563 2739 1653 2800 hunc

451 2824 556 2885 veluti
577 2823 791 2905 posthumum
812 2823 948 2897 foetum,
971 2830 1033 2885 tua
1054 2824 1211 2903 singulari
1231 2824 1336 2884 fretus
1358 2823 1568 2883 humanitate
1589 2822 1653 2884 tibi

450 2909 591 2970 moriens
613 2909 646 2968 in
666 2908 825 2987 gremium
845 2907 917 2969 dari
936 2907 1052 2982 voluit,
1072 2926 1139 2969 non
1153 2907 1344 2970 dubitamus
1358 2907 1437 2985 quin
1452 2905 1504 2967 hic
1519 2924 1652 2986 quoque

450 2990 830 3053 sistuisimilisiuturus.
874 2991 998 3054 Eadem
1007 3000 1120 3054 autem
1132 3010 1230 3072 opera
1238 3009 1341 3069 quum
1351 2991 1448 3050 amici
1458 2992 1652 3051 memoriam

450 3074 639 3147 illustrabis,
658 3081 730 3135 tum
749 3075 901 3136 omnibus
919 3076 963 3137 ad
979 3078 1139 3156 pietatem
1160 3094 1226 3135 non
1247 3074 1408 3134 mediocre
1430 3072 1539 3133 calcar
1558 3074 1650 3134 addi·

390 3179 438 3215 110
449 3158 544 3232 deris,
560 3160 588 3219 si
602 3158 758 3219 Bilibaldi
772 3159 926 3237 reliquias
942 3166 1002 3220 tuo
1018 3159 1133 3220 fauore
1147 3157 1302 3219 studiosis
1317 3156 1470 3217 omnibus
1484 3175 1649 3218 commen·

450 3241 554 3302 dabis.
598 3241 710 3315 Porro,
739 3242 860 3321 quibus
888 3244 993 3322 pietas
1022 3243 1112 3303 cordi
1139 3248 1199 3314 est,
1230 3260 1296 3301 non
1324 3240 1535 3301 offendentur
1560 3240 1651 3319 quod

449 3325 573 3402 priscos
587 3325 739 3387 ecclesiae
758 3326 909 3388 doctores
925 3334 1084 3405 sequutus
1100 3345 1166 3387 non
1180 3325 1336 3386 abhorret
1354 3322 1522 3385 interdum
1539 3342 1560 3384 a
1578 3343 1649 3385 ver-

450 3407 499 3468 bis
524 3408 722 3487 quibusdam
744 3417 876 3471 nostrae
898 3407 1062 3488 religionis
1087 3408 1314 3488 peculiaribus,
1339 3407 1493 3486 quodque
1518 3406 1650 3469 mauult

448 3491 615 3554 interdum
634 3491 817 3554 Christiane
837 3493 926 3571 loqui
940 3511 1040 3571 quam
1057 3492 1222 3554 Romane:
1246 3510 1435 3570 quanquam
1455 3509 1521 3550 non
1541 3490 1648 3563 video,

387 3595 435 3645 115
448 3577 661 3655 quamobrem
677 3576 734 3637 illa
748 3595 814 3636 non
829 3576 971 3637 debeant
985 3575 1097 3637 haberi
1112 3594 1172 3654 pro
1183 3574 1352 3647 Romanis,
1361 3578 1534 3653 quaeante
1545 3592 1649 3634 annos

448 3659 536 3720 mille
550 3661 747 3739 quingentos
762 3679 782 3720 a
797 3658 956 3719 Romanis
970 3659 1183 3738 scriptoribus
1195 3658 1376 3719 necessario
1388 3662 1466 3717 sunt
1477 3663 1648 3736 usurpata,

447 3762 507 3804 nec
523 3744 556 3803 id
571 3745 639 3803 sine
654 3740 851 3803 Graecorum
865 3742 1026 3822 exemplo.

490 3825 580 3887 Vale.
601 3826 653 3886 Ex
662 3825 961 3904 inclytaacademia
970 3825 1186 3904 Friburgensi.
1205 3823 1255 3884 Id.
1267 3823 1354 3884 Maii.
1365 3823 1461 3883 Anno
1472 3839 1648 3885 sanun.

709 4089 868 4155 ²⁴⁸⁷2494.
915 4089 1023 4155 Facu
1038 4090 1212 4155 Eassuus
1229 4087 1377 4154 Sonans,

483 4194 577 4249 Basle
589 4194 665 4258 MS,
680 4192 784 4248 Scheti
797 4193 957 4264 Epistolae
970 4196 1017 4249 26.
1420 4193 1580 4264 Antwerp.

1387 4271 1422 4322 16
1434 4267 1510 4338 May
1525 4283 1609 4337 1531.

478 4362 537 4423 [An
550 4362 668 4427 original
680 4362 775 4422 letter,
789 4363 904 4413 written
920 4363 959 4427 by
974 4377 993 4412 a
1005 4367 1157 4426 secretary,
1174 4362 1224 4412 the
1239 4362 1395 4426 signatura,
1409 4362 1576 4426 postscript,
1588 4363 1650 4414 and

443 4429 561 4480 address
574 4431 612 4493 by
623 4429 743 4490 Sabota]

1030 4509 1057 4561 ἦ.

486 4578 517 4640 S.
542 4580 577 4640 P.
621 4577 714 4639 Circa
734 4579 928 4658 principium
952 4577 1050 4639 huius
1068 4578 1188 4638 mensis
1212 4579 1325 4656 scripsi
1351 4577 1422 4649 tibi,
1444 4577 1490 4637 mi
1513 4576 1649 4640 domine

443 4662 589 4735 Erasme‚
604 4661 704 4741 paulo
719 4668 795 4740 post
810 4663 920 4740 accepi
934 4666 1028 4723 tuam
1048 4661 1233 4741 epistolam,
1256 4667 1316 4722 tuo
1335 4659 1469 4734 Quirino
1491 4666 1526 4720 et
1543 4659 1647 4722 Vten-

443 4744 543 4807 houio
558 4746 726 4806 latoribus.

476 4845 551 4896 249³.
569 4847 610 4894 82.
629 4846 712 4897 huius
735 4864 767 4896 a:
797 4846 858 4896 eius
880 4845 917 4896 N.
1020 4859 1062 4911 97.
1080 4851 1156 4895 certe
1179 4861 1231 4896 orn.
1254 4845 1291 4894 N.
1395 4859 1451 4894 102.
1470 4859 1504 4894 eo
1521 4844 1587 4894 add.
1606 4845 1647 4898 K.

445 4913 501 4963 118.
520 4914 604 4963 Auno
614 4913 677 4962 odd.
689 4913 720 4964 J.

477 5029 552 5079 2494.
573 5042 596 5078 r.
614 5029 724 5094 scripsi]
735 5030 790 5096 Ep.
804 5043 879 5096 2491.
1103 5043 1127 5078 2.
1146 5034 1229 5079 tuam
1242 5027 1403 5093 epistolam]
1418 5028 1473 5093 Ep.
1488 5029 1563 5093 2487.
