4042 5900
526 626 585 686 110
850 621 1353 688 mrraasoraansuus
1630 631 1722 708 [1531

522 803 715 865 agnoscere;
737 785 821 846 adeo
841 781 1050 864 gestitadeo
1068 784 1131 846 sibi
1146 782 1344 864 gratulatur,
1362 786 1452 864 quod
1470 784 1641 850 Triuultio
1657 788 1723 850 dies

522 868 651 947 aliquot
664 868 729 930 frui
743 868 925 947 contigerit.

564 950 628 1013 Sed
641 951 690 1012 illi
704 971 771 1012 non
786 952 879 1012 venit
887 952 921 1012 in
929 958 1075 1012 mentem
1086 951 1185 1030 quod,
1197 970 1264 1031 quo
1273 953 1376 1031 magis
1384 952 1513 1014 attollit
1523 958 1560 1014 et
1570 953 1723 1017 fortunae

476 1065 510 1101 20
523 1040 601 1097 tuae
629 1036 835 1096 maiestatem
863 1040 898 1095 et
926 1035 1070 1114 corporis
1098 1036 1264 1114 animique
1289 1035 1402 1096 diuina
1429 1043 1636 1111 ornamenta,
1662 1039 1723 1100 hoo

521 1119 625 1197 magis
642 1138 695 1179 me
711 1117 754 1178 ab
774 1137 813 1179 ao
831 1118 975 1179 deterret
993 1117 1039 1179 ad
1060 1118 1149 1196 quod
1168 1118 1295 1180 hortari
1315 1119 1505 1193 contendit3
1526 1124 1722 1199 praesertim

522 1219 624 1279 quum
642 1203 676 1261 in
694 1201 815 1262 littaris
834 1220 965 1280 quoque
984 1201 1169 1262 doctrinam
1187 1207 1281 1263 tuam
1297 1202 1486 1263 absolutam
1505 1223 1545 1263 ac
1564 1204 1723 1267 iudicium

521 1304 694 1346 excussum
709 1283 789 1345 mihi
804 1284 1020 1364 depraedicat.
1064 1283 1151 1357 Quid
1164 1285 1254 1364 quod
1268 1286 1371 1364 exigit
1385 1286 1559 1366 epistolam
1575 1292 1610 1349 te
1624 1288 1721 1349 simul

520 1387 560 1428 ao
588 1388 640 1429 ma
665 1368 823 1447 dignam?
866 1366 938 1428 Vno
963 1372 1076 1428 tamen
1101 1367 1168 1428 telo
1193 1387 1245 1428 me
1274 1370 1448 1448 praecipue
1476 1368 1605 1444 deiecit,
1631 1372 1722 1450 quod

475 1480 507 1529 25
521 1470 623 1530 quum
643 1451 757 1512 scribit
774 1457 808 1512 te
828 1452 911 1512 miro
928 1450 1069 1511 candore
1088 1450 1199 1512 fauere
1216 1452 1341 1512 nomini
1355 1452 1538 1531 studiisque
1553 1453 1721 1533 qualibus·

521 1554 650 1613 cunque
674 1535 805 1606 nostris,
831 1534 1077 1613 ingratitudinis
1101 1533 1209 1595 dicam
1233 1536 1405 1596 minitetur
1432 1536 1495 1596 nisi
1519 1536 1642 1598 litteris
1666 1537 1721 1601 de·

520 1617 640 1678 clarem
658 1637 711 1679 me
732 1618 820 1678 tanti
838 1618 901 1678 viri
917 1636 1113 1697 propensam
1131 1618 1165 1677 in
1182 1637 1235 1678 me
1252 1617 1514 1680 beneuolentiam
1533 1638 1721 1699 agnoscere.

520 1699 607 1775 Quid
620 1701 783 1762 facerem?
825 1700 925 1761 Eram
940 1700 1114 1781 plusquam
1131 1702 1271 1762 obrutus
1289 1704 1478 1763 necessariis
1491 1701 1672 1778 laboribus,
1687 1712 1724 1767 et

520 1783 656 1846 tabellio
675 1784 761 1845 forte
780 1783 913 1845 oblatus
931 1789 991 1857 est,
1007 1785 1065 1862 qui
1084 1803 1162 1845 mox
1175 1783 1317 1864 parabat
1330 1785 1469 1847 abitum.
1514 1786 1666 1866 Denique
1678 1807 1721 1850 ex

474 1898 508 1947 30
520 1868 623 1928 Brixii
638 1870 702 1928 mei
716 1867 836 1928 litteris
849 1867 997 1947 intelligo
1012 1873 1046 1928 te
1063 1868 1160 1929 isthic
1178 1887 1244 1929 non
1264 1868 1321 1930 diu
1336 1874 1637 1944 commoraturum
1659 1891 1722 1933 nac

519 1970 646 2030 semper
660 1952 838 2030 obtingunt
852 1951 971 2031 quibus
986 1950 1115 2011 litteras
1132 1953 1386 2013 committamus.
1431 1952 1551 2032 ltaque
1564 1954 1723 2034 perfricui

519 2034 672 2107 frontem,
702 2040 738 2096 et
765 2036 1012 2096 ornatissimum
1037 2034 1222 2114 Principem
1246 2035 1414 2115 incompta
1442 2036 1585 2116 epistola
1612 2040 1723 2101 statui

518 2137 539 2178 a
604 2117 692 2179 llare.

538 2137 707 2262 p{dimum
724 2202 838 2280 itaque
857 2201 918 2262 hoc
938 2202 973 2261 in
992 2202 1167 2280 praecipua
1186 2201 1352 2262 felicitatis
1370 2203 1515 2276 meae,si
1533 2207 1648 2265 tamen
1667 2211 1721 2267 est

473 2314 505 2364 3⁵
519 2284 595 2358 vlla,
612 2291 706 2364 parte
720 2304 865 2357 numero,
882 2284 971 2363 quod
990 2284 1081 2345 heroi
1099 2286 1243 2345 numeris
1262 2286 1414 2346 omnibus
1434 2285 1588 2347 absoluto
1605 2306 1718 2350 meum

519 2369 684 2446 ingenium
714 2387 869 2447 meaeque
895 2369 1026 2428 litterae
1046 2387 1113 2428 non
1134 2369 1267 2428 omnino
1289 2368 1481 2447 displicent;
1503 2370 1597 2430 ouius
1618 2372 1719 2433 vnius

518 2451 674 2512 iudicium
704 2452 783 2512 mihi
811 2470 871 2530 pro
899 2451 1137 2512 confertissimo
1166 2450 1298 2511 theatro
1331 2452 1520 2513 habendum
1551 2454 1717 2517 existimo.

518 2534 604 2608 Quid
630 2536 719 2632 quod
742 2535 896 2595 similium
922 2536 1066 2595 virorum
1095 2533 1190 2594 fauor
1218 2534 1298 2595 mihi
1326 2553 1386 2614 pro
1411 2536 1529 2597 baculo
1557 2542 1620 2609 est,
1648 2556 1718 2617 quo

517 2620 663 2680 animum
687 2620 721 2679 in
743 2619 804 2678 hac
828 2622 940 2678 aetate
962 2637 1000 2677 ao
1024 2617 1254 2690 valetudines
1245 2637 1280 2677 ιιι
1301 2618 1352 2678 his
1373 2618 1513 2680 assiduis
1533 2639 1573 2680 ao
1594 2620 1718 2700 iniquis

471 2734 505 2785 40
518 2701 693 2774 laboribus,
723 2702 895 2781 denique'
886 2721 919 2762 m
944 2701 1042 2762 huius
1066 2701 1275 2780 ingratissimi
1300 2702 1401 2762 seculi
1425 2702 1522 2763 ediis
1546 2703 1717 2767 interdum

518 2785 749 2846 fathiscantem
773 2804 812 2845 ac
840 2784 1064 2845 subsidentem
1094 2783 1237 2845 fulciam.
1281 2782 1314 2845 Si
1343 2804 1411 2846 non
1439 2785 1539 2847 datur
1567 2788 1716 2850 omnium

517 2868 849 3014 {tibitibi}
861 2867 1717 3032 tilietihistniitliititltiltit

517 3035 703 3108 clarissime,
719 3037 745 3096 si
767 3036 828 3096 tibi
845 3036 943 3097 modo
963 3054 1002 3096 aa
1020 3035 1218 3114 possideres:
1240 3055 1327 3096 nuno
1341 3055 1444 3115 quum
1459 3037 1616 3117 quicquid
1628 3039 1664 3100 in
1679 3045 1716 3101 te

469 3148 503 3199 4⁵
517 3118 606 3180 Deus
616 3121 694 3198 opti.
706 3119 805 3179 Maxi.
815 3119 958 3180 contulit
969 3119 1001 3179 id
1014 3120 1048 3178 in
1058 3119 1204 3179 omnium
1214 3118 1394 3181 utilitatem
1404 3119 1534 3198 publice
1542 3121 1714 3200 priuatim·

516 3221 580 3279 que
589 3202 770 3281 dispertias,
778 3203 880 3281 magis
889 3202 1037 3280 gratulor
1045 3202 1198 3262 ecclesiae
1206 3207 1348 3274 sanctae,
1355 3201 1715 3280 gratulorOhristianae

516 3287 642 3365 pietati,
658 3285 805 3364 gratulor
820 3286 953 3364 optimis
968 3285 1085 3346 studiis
1102 3284 1202 3346 talem
1221 3291 1407 3364 patronum,
1422 3292 1714 3366 propugnatorem,

514 3369 653 3429 altorem
668 3376 702 3429 et
716 3371 867 3430 amioum.

558 3452 638 3513 Post
668 3453 829 3513 diutinam
859 3457 1090 3531 tempestatem
1116 3451 1234 3512 Italiae
1262 3452 1398 3512 tandem
1427 3453 1565 3531 contigit
1593 3459 1714 3533 optata

468 3567 502 3615 50
515 3536 748 3615 tranquillitas,
764 3533 889 3596 Galliae
907 3542 984 3614 post
1001 3535 1146 3596 discussa
1165 3534 1279 3595 nubila
1298 3535 1396 3596 rediit
1417 3537 1584 3597 serenitas.
1628 3536 1713 3600 Feli·

515 3620 596 3679 citer
619 3619 740 3698 vbique
762 3619 975 3680 reflorescunt
997 3619 1102 3679 bonae
1130 3617 1269 3690 litterae,
1294 3617 1372 3679 licet
1396 3637 1559 3697 nusquam
1585 3619 1714 3684 felicius

515 3720 615 3780 quam
641 3704 675 3763 in
697 3700 814 3776 Gallia,
838 3704 955 3781 optimi
977 3702 1077 3781 Regis
1096 3701 1245 3762 felicibus
1273 3703 1435 3781 auspiciis.
1479 3701 1514 3763 Si
1535 3701 1714 3767 Germania

514 3785 631 3847 febrim
646 3786 730 3846 hano
744 3787 849 3865 possit
861 3792 1025 3858 excutere,
1040 3804 1203 3865 sperarem
1217 3804 1353 3845 aureum
1373 3785 1540 3864 quoddam
1555 3786 1712 3862 seculum,

514 3868 658 3965 mihique
671 3868 809 3942 luberet,
825 3871 852 3930 si
866 3869 987 3941 liceret,
999 3870 1100 3929 etiam
1114 3868 1334 3947 repubescere.
1365 3867 1468 3931 Video
1482 3869 1712 3949 labyrinthum

470 3982 502 4032 55
515 3952 571 4011 vix
586 3951 822 4030 explicabilem,
832 3952 979 4013 nondum
994 3959 1106 4012 tamen
1121 3970 1251 4013 omnem
1265 3951 1369 4012 abieci
1383 3972 1494 4032 spem;
1517 3955 1711 4033 praesertim

515 4052 617 4112 quum
646 4034 774 4114 aliquot
803 4037 853 4096 tui
882 4035 1002 4096 similes
1034 4035 1128 4095 velut
1158 4054 1237 4095 aues
1265 4034 1354 4095 laeta
1383 4035 1576 4114 pollicentes
1608 4057 1710 4118 appa·

514 4123 619 4190 teani,
635 4137 694 4178 nec
711 4119 823 4179 sinant
840 4119 1041 4198 despondere
1057 4117 1213 4179 animum.
1259 4118 1376 4179 Precor
1393 4125 1434 4180 vt
1454 4117 1604 4181 Christus
1625 4119 1711 4201 Regi

514 4198 789 4263 christianissimo
809 4201 1085 4280 tranquillitatem
1103 4201 1187 4262 hanc
1202 4208 1395 4281 perpetuam
1411 4221 1480 4263 esse
1494 4203 1585 4276 velit,
1599 4222 1710 4266 suam·

515 4303 579 4363 que
596 4285 630 4345 in
652 4290 686 4345 te
703 4285 959 4346 munificentiam
979 4304 1106 4364 semper
1121 4303 1240 4363 augere
1259 4284 1421 4363 dignetur.
1466 4284 1575 4348 Vnum
1591 4287 1652 4348 abs
1673 4294 1711 4351 te

467 4386 501 4436 ⁶0
514 4374 636 4447 petam,
666 4374 704 4428 vt
732 4368 819 4429 huno
847 4367 1028 4430 seniculum
1056 4369 1090 4429 in
1119 4374 1252 4429 tuorum
1280 4367 1511 4430 clientulorum
1542 4370 1710 4433 adscribes

513 4470 704 4512 nnmerum:
728 4453 819 4513 cuius
841 4471 941 4532 opera
961 4453 989 4512 si
1010 4451 1091 4530 quid
1111 4450 1245 4531 putabis
1267 4452 1350 4512 effici
1369 4471 1473 4531 posse,
1496 4454 1648 4515 connitar
1668 4461 1710 4517 vt

514 4533 677 4614 intelligas
696 4537 805 4597 omnia
824 4535 904 4597 mihi
925 4535 1066 4596 defuisse
1083 4535 1194 4614 potius
1213 4553 1312 4613 quam
1333 4534 1539 4616 gratificandi
1559 4537 1708 4599 studium

513 4637 552 4679 ao
573 4637 768 4698 propensam
792 4618 1010 4680 voluntatem.

555 4700 681 4764 Datum
701 4702 790 4781 apud
808 4701 1004 4781 Friburgum
1026 4701 1191 4782 Brisgciac
1210 4717 1260 4762 111.
1279 4700 1410 4764 Calend.
1427 4702 1598 4766 Februarii
1618 4721 1708 4766 anno

466 4803 500 4865 ⁶5
514 4799 684 4846 M.D.XXXI.

721 4997 763 5044 ²9·
780 4980 907 5044 tabellio]
918 4979 1062 5047 Probably
1072 4981 1123 5032 the
1134 4995 1293 5048 messenger
1303 4983 1334 5033 of
1344 4982 1399 5048 Ep.
1412 4996 1488 5049 2420.
