4042 5900
313 669 408 749 2629]
648 669 772 733 FROM
791 670 909 734 JOHN
930 670 1173 734 CAMPENSIS
1444 674 1504 733 471

312 828 407 900 foret,
422 848 456 889 se
471 829 532 890 tibi
543 830 701 891 daturum
712 830 861 903 libenter,
872 830 960 909 quod
971 851 1005 892 re
1017 832 1088 911 ipsa
1099 850 1214 892 verum
1222 850 1291 892 esse
1302 836 1506 909 reperturum

312 920 346 973 te
361 910 558 986 adfirmauit,
573 914 601 973 si
615 913 696 992 quid
710 932 855 992 vnquam
870 912 938 974 vlla
952 916 986 974 in
1000 934 1034 975 re
1049 933 1115 992 qua
1129 914 1191 975 tibi
1205 914 1279 974 vsui
1297 933 1366 975 esse
1386 914 1507 992 poterit

311 995 354 1055 ab
383 994 440 1056 illo
468 997 662 1074 requisieris,
705 997 795 1058 Haec
821 999 911 1058 iussu
941 997 1216 1058 Reuerendissimi
1245 997 1296 1059 .Ι).
1325 995 1507 1058 Cardinalis

310 1078 465 1140 libentius
483 1079 526 1141 ad
548 1085 582 1140 te
604 1080 710 1142 scribo
728 1079 816 1159 quod
834 1080 903 1142 fore
924 1080 1055 1141 credam
1072 1100 1113 1141 ea
1128 1081 1415 1160 quamgratissima
1434 1079 1505 1142 tibi.
1520 1099 1553 1149 30

311 1162 401 1225 Vale.

353 1247 512 1325 Curingae
526 1258 561 1326 9⁰
575 1247 687 1308 Martii
703 1262 793 1324 1532.

353 1332 405 1392 Tn
423 1331 562 1403 interim,
583 1337 746 1408 quantum
766 1330 865 1402 voles,
886 1330 987 1391 crede.
1032 1330 1100 1409 Ipsi
1119 1331 1168 1391 .Ι).
1191 1330 1350 1392 Dantisco
1368 1336 1404 1392 et
1426 1330 1506 1391 mihi

311 1413 400 1494 loqui
415 1416 504 1474 visus
518 1419 569 1474 est
583 1415 674 1475 serio.
718 1414 844 1475 Iterum
859 1413 941 1475 vale.

352 1497 603 1559 Franoofordiae
619 1513 656 1557 21
673 1497 794 1558 Martii.
1520 1523 1552 1574 35

724 1579 814 1641 Tuus
828 1580 933 1641 modis
948 1580 1100 1641 omnibus
1114 1580 1253 1641 Ioannes
1266 1579 1463 1659 Campensis.

353 1683 392 1743 D.
409 1682 545 1743 Eraamo
561 1678 783 1741 Roterodamo
800 1679 849 1743 .Ι).
866 1699 934 1741 suo.
1125 1679 1282 1760 ffribnrgi.

532 1963 678 2047 ²⁶3⁰cn1
726 1957 832 2022 Fron
855 1958 1044 2024 Bennios
1067 1960 1286 2025 Aunssncn.

348 2096 440 2151 Basle
452 2095 516 2151 Ma.
530 2097 563 2151 C.
579 2096 648 2151 Vlt.
664 2108 710 2164 73.
726 2111 771 2149 22.
1233 2097 1368 2165 (Baelo.)

347 2174 418 2226 Am.
432 2172 469 2225 E.
486 2172 532 2226 86.
1140 2181 1181 2238 (c.
1197 2189 1231 2228 22
1244 2172 1353 2227 March
1369 2182 1467 2242 1532.)

342 2298 400 2359 [An
416 2298 577 2363 uutogrsph
594 2297 784 2363 rengis-dreit,
805 2298 889 2348 much
910 2299 1062 2350 corrected.
1098 2301 1144 2350 An
1166 2300 1366 2365 approximate
1390 2300 1458 2350 date
1480 2301 1504 2350 is

308 2365 392 2429 given
403 2365 443 2429 by
455 2366 495 2424 (ο)
511 2365 561 2414 the
574 2380 644 2414 near
658 2365 802 2430 approach
819 2365 850 2415 of
865 2365 915 2415 the
931 2367 1032 2432 expiry
1046 2365 1076 2416 of
1091 2367 1142 2416 the
1159 2370 1290 2431 ‘tempus
1300 2366 1477 2417 indutiarum
1485 2368 1503 2426 ⁹,

308 2432 335 2481 ll.
347 2445 443 2491 19-203
462 2431 500 2491 (t)
512 2431 552 2495 by
560 2430 704 2481 Erasmns'
716 2432 873 2497 snswering
884 2433 978 2489 letter,
991 2433 1046 2498 Ep.
1055 2435 1118 2495 2631
1130 2451 1137 2492 ;
1156 2432 1192 2493 (ο)
1203 2434 1253 2483 the
1265 2432 1404 2483 reference
1416 2435 1504 2484 tothe

307 2497 378 2549 offer
388 2498 419 2547 of
430 2499 479 2547 the
491 2497 697 2564 professorship
708 2504 740 2549 ut
749 2498 827 2557 Dola,
839 2514 885 2549 aee
897 2499 952 2564 Ep.
965 2502 1040 2562 2631.
1051 2512 1127 2562 53-7.
1151 2499 1206 2550 For
1213 2500 1262 2550 the
1269 2500 1407 2565 difficulty
1415 2501 1505 2552 about

306 2564 480 2615 attendance
491 2570 523 2615 at
534 2565 584 2615 the
596 2566 747 2616 Eucharist
758 2580 804 2615 see
816 2566 870 2630 Ep.
883 2578 950 2627 2519
960 2565 1078 2627 introd]

348 2680 403 2740 Dn
417 2680 625 2743 Eucharistia
640 2682 674 2741 in
688 2700 727 2742 ea
741 2687 775 2742 et
786 2680 834 2741 fui
848 2687 883 2741 et
897 2700 971 2742 sum
985 2682 1160 2754 sententia,
1172 2681 1348 2744 clarissime
1359 2683 1503 2757 Eraame,

307 2770 345 2824 vt
371 2764 656 2826 manducationem
680 2763 883 2844 spiritualem
912 2765 983 2825 sola
1005 2764 1070 2826 fide
1094 2766 1128 2825 in
1152 2763 1328 2839 Christum,
1354 2784 1421 2844 qua
1444 2786 1505 2846 pro

306 2847 401 2908 nobis
415 2853 584 2908 mortuum
596 2853 631 2909 et
640 2866 699 2927 pro
710 2848 852 2926 peccatis
866 2849 986 2908 nostris
1000 2847 1195 2909 satisfecisse
1208 2848 1379 2922 credimus,
1394 2852 1504 2930 peragi

306 2951 373 2993 non
395 2930 553 2994 dubitem.
596 2929 748 2992 Ceterum
769 2937 1010 2993 sacramentum
1032 2952 1152 2994 coenae
1173 2951 1239 2994 non
1261 2930 1367 2994 solum
1389 2937 1503 2994 notam

306 3034 376 3075 esse
395 3021 430 3076 et
449 3016 578 3094 signnm
593 3013 801 3093 professionis
816 3020 948 3075 nostrae
965 3015 1023 3076 sed
1041 3021 1075 3076 et
1092 3015 1260 3095 augendae
1277 3014 1353 3077 fidei
1372 3021 1532 3098 nostrae5

307 3104 407 3177 atque
421 3096 504 3159 adeo
518 3097 711 3159 excitandae
725 3097 886 3160 relictum
930 3098 969 3159 In
989 3117 1055 3177 quo
1074 3099 1168 3159 nobis
1185 3097 1251 3158 duo
1270 3099 1454 3178 praecipua,
1469 3101 1504 3161 ni

306 3180 413 3254 fallar,
435 3180 588 3241 habenda
609 3187 698 3254 sunt,
718 3180 859 3241 alterum
873 3186 913 3242 vt
927 3182 960 3241 in
979 3182 1168 3242 memoriam
1190 3180 1323 3242 Domini
1344 3180 1503 3243 faciamus

306 3281 367 3343 pro
380 3263 537 3325 ineffabili
551 3265 585 3324 in
599 3283 659 3324 nos
673 3263 834 3325 collocato
853 3263 1008 3325 beneficio
1026 3264 1285 3343 εὐχαριστοῦντες,
1303 3264 1444 3326 alterum
1465 3273 1503 3327 vt

307 3346 415 3407 verbis
430 3347 497 3407 suis
512 3347 609 3408 fidem
620 3347 809 3408 habeamus.
853 3346 935 3408 Cum
946 3348 1034 3408 enim
1044 3348 1250 3427 omnipotens
1259 3349 1312 3420 sit,
1323 3367 1399 3408 eum
1409 3348 1503 3429 longe

307 3431 432 3491 maiora
446 3448 546 3508 quam
560 3447 624 3510 que
638 3429 738 3491 verba
752 3432 952 3510 promittuut
966 3448 1060 3510 posse
1074 3432 1131 3490 vix
1144 3437 1196 3491 est
1212 3450 1270 3492 our
1288 3431 1502 3509 ambigamus,
1517 3464 1549 3500 10

306 3513 441 3593 nequid
459 3515 584 3573 interea
603 3514 643 3575 de
663 3515 810 3574 unanimi
829 3514 945 3575 horum
965 3514 1139 3575 verborum
1159 3515 1430 3593 interpretatione
1448 3521 1503 3576 tot

306 3596 423 3658 seculis
445 3602 576 3676 recepta
596 3596 714 3658 dicam.
758 3597 864 3659 Verba
884 3616 982 3677 porro
1002 3617 1078 3659 cnm
1099 3598 1144 3658 sic
1165 3596 1319 3670 habeant,
1342 3596 1431 3657 ‘Hoc
1451 3603 1502 3658 est

306 3699 424 3759 corpus
439 3700 559 3754 meum,
574 3680 626 3742 hic
640 3687 692 3742 est
709 3682 839 3761 sanguis
853 3700 944 3742 meus
954 3681 972 3754 ’,
987 3680 1143 3754 adducor,
1158 3681 1258 3741 immo
1275 3679 1444 3760 perpellor,
1463 3686 1501 3741 vt

306 3765 438 3825 interim
460 3783 577 3843 eorpus
596 3770 631 3826 et
648 3765 838 3843 sanguinem
852 3762 973 3825 Christi
991 3783 1066 3825 vere
1085 3762 1197 3824 adesse
1211 3769 1246 3824 et
1262 3764 1297 3824 in
1316 3782 1416 3825 coena
1436 3763 1500 3825 dis·

306 3846 410 3909 tribui
434 3846 584 3920 credem3
617 3848 674 3924 qni
696 3851 808 3906 autem
830 3846 865 3907 id
889 3847 1027 3919 accidat,
1050 3851 1089 3907 vt
1117 3847 1238 3907 rationi
1263 3847 1425 3908 humanae
1449 3854 1546 3930 est15

305 3931 512 4010 imperuinm,
527 3931 576 3991 ita
590 3928 664 3990 fidei
679 3947 719 3989 ex
734 3929 837 3991 verbo
850 3930 982 3991 Domini
996 3935 1113 3990 notum
1128 3929 1264 3993 affirmo.

350 4013 402 4074 Ab
431 4013 492 4074 hac
521 4013 685 4073 sententia
709 4031 785 4073 cum
814 4012 1030 4074 Ecclesiastae
1058 4014 1162 4074 nostri
1186 4013 1335 4075 nonnihil
1359 4014 1499 4088 varient,

305 4095 464 4158 hactenus
485 4096 586 4157 etiam
608 4096 745 4157 moleste
762 4095 990 4176 interpellatus
1008 4095 1183 4175 ἀσύμβολος
1197 4097 1335 4177 perstiti.
1379 4097 1500 4158 Verum

304 4179 463 4258 quamdiu
478 4179 542 4240 mei
556 4180 635 4240 iuris
649 4180 813 4259 relinquar
828 4181 949 4259 ignoro,
964 4199 1043 4242 nem
1057 4187 1188 4261 tempus
1202 4180 1405 4241 indutiarum
1419 4181 1499 4241 mihi

305 4281 438 4324 cauum
451 4267 602 4342 presente
617 4270 735 4324 senatu
749 4263 871 4324 dicenti
881 4263 1035 4325 datarum
1050 4269 1184 4325 tantum
1198 4282 1264 4324 non
1278 4264 1427 4343 elapsum
1437 4270 1499 4326 est.
1512 4297 1545 4334 20

305 4344 392 4419 Quid
412 4349 486 4406 tum
507 4347 614 4407 acturi
634 4347 807 4409 incertum.
849 4346 925 4408 Non
949 4347 1067 4409 dubito
1089 4345 1304 4408 Ecclesiastas
1325 4346 1421 4409 facile
1442 4346 1498 4407 ad·

305 4430 461 4490 missuros
476 4434 514 4489 vt
529 4448 619 4491 meae
633 4431 815 4491 sententiaa
829 4429 1001 4508 relinquar,
1017 4429 1116 4491 modo
1129 4430 1292 4493 accedam.
1335 4430 1398 4491 Hic
1412 4448 1499 4490 nunc

304 4512 411 4586 hereo,
426 4513 473 4573 mi
488 4513 633 4587 Erasme,
647 4520 683 4575 et
701 4515 787 4574 inter
805 4532 934 4574 sacrum
954 4518 989 4574 et
1003 4532 1119 4574 saxum
1139 4519 1201 4575 sto.
1244 4513 1332 4575 Nam
1346 4514 1374 4574 si
1391 4512 1499 4574 denuo

304 4595 501 4676 interpeller,
530 4615 570 4658 ne
597 4597 751 4658 accedere
778 4596 915 4657 debeam
940 4595 1107 4657 dehortari
1135 4596 1276 4670 videtur,
1301 4596 1390 4675 qnod
1418 4595 1499 4658 mihi

303 4698 380 4742 cum
405 4679 456 4740 his
477 4696 544 4741 non
566 4681 730 4742 conuenit.
773 4679 918 4741 Econtra
942 4699 1018 4741 cum
1042 4678 1124 4740 nihil
1152 4681 1231 4740 iuris
1253 4681 1287 4740 in
1308 4679 1370 4741 hoc
1392 4698 1497 4741 sacra·
1510 4714 1544 4763 25

304 4769 454 4825 mentum
474 4763 660 4825 sacerdotes
681 4782 739 4824 seu
765 4762 982 4825 Ecclesiastae
1011 4763 1164 4836 habeant,
1190 4763 1445 4841 necquicquam
1467 4764 1499 4825 ei

304 4845 424 4908 addere
439 4852 499 4907 aut
510 4845 684 4908 detrahere
695 4845 865 4925 valea[n]t,
877 4853 916 4908 vt
924 4846 1014 4926 quod
1022 4867 1043 4908 a
1053 4845 1175 4908 Christi
1186 4846 1294 4907 verbis
1304 4852 1405 4924 atque
1416 4845 1499 4908 adeo

304 4931 461 4991 instituto
474 4929 658 5009 pende[n]t,
668 4930 786 4992 fiducia
795 4930 939 5009 quadam
949 4931 1054 5010 erigor
1067 4928 1255 4991 illabefacta
1268 4949 1321 4991 me
1335 4930 1496 4991 eonscien-

301 5014 350 5074 tia
365 5012 516 5075 accedere
531 5032 635 5093 posse.
679 5013 796 5092 Itaque
811 5014 892 5075 dum
906 5015 1008 5076 animi
1025 5013 1160 5092 pendeo,
1175 5014 1203 5074 si
1217 5012 1404 5093 interpeller
1417 5013 1497 5093 quid
