4042 5900
430 605 491 667 aas
776 602 975 667 narrares
996 602 1052 666 or
1073 602 1281 668 nsssnns
1563 611 1637 689 [1531

656 816 862 905 ²⁶⁸⁰2561m
907 816 961 882 'l'o
975 816 1163 883 Boumsoa
1179 818 1418 886 Annasscn.
1532 861 1535 866 -

468 954 561 1010 Basle
573 952 637 1009 MS.
652 954 719 1009 AN.
734 954 795 1009 III.
813 968 857 1021 15.
871 968 918 1024 35.
1354 957 1572 1032 (Freiburg.)

467 1031 504 1095 Q.
518 1033 565 1095 69.
1308 1047 1348 1103 24
1363 1032 1523 1090 October
1538 1049 1615 1105 1531.

464 1158 521 1275 [ιὲὲι
533 1157 651 1285 fffffl
661 1156 755 1215 letter,
768 1156 929 1222 autograph
941 1156 1128 1222 throughout.
1163 1157 1223 1207 The
1234 1157 1302 1209 date
1315 1158 1343 1209 is
1358 1161 1538 1213 confirmed
1553 1163 1592 1230 by
1604 1164 1645 1215 ue

429 1239 482 1274 eon
514 1240 533 1273 n
565 1261 571 1273 .

471 1313 503 1377 S.
533 1314 568 1375 P.
612 1311 808 1376 Stomachus
838 1320 891 1375 sat
921 1313 1061 1375 feliciter
1091 1315 1222 1389 reuixit,
1251 1321 1286 1376 et
1317 1314 1504 1381 hactenus
1537 1322 1574 1383 in
1604 1321 1646 1383 h'n

429 1397 659 1459 affectionibus
673 1404 743 1458 tam
761 1397 930 1459 commode
950 1416 984 1458 se
1001 1398 1103 1476 gessit
1121 1405 1243 1460 natura
1260 1403 1299 1459 vt
1316 1402 1435 1481 magis
1457 1422 1525 1466 nec
1541 1411 1646 1486 optare

430 1482 562 1561 possim.
606 1480 707 1542 Deest
721 1482 892 1542 conuictor
905 1480 1043 1560 lepidus,
1058 1488 1094 1542 et
1107 1482 1237 1543 animus
1253 1482 1342 1543 curis
1364 1504 1519 1549 vacuus.
1565 1487 1646 1550 Beda

431 1584 498 1627 non
512 1565 729 1644 conquiescet.
772 1562 836 1625 Sed
850 1563 983 1642 quando
997 1565 1170 1626 incidimus
1184 1567 1219 1626 in
1229 1565 1290 1626 hoc
1300 1565 1482 1630 furiosum
1494 1571 1646 1644 seculum,

401 1672 417 1721 5
430 1649 474 1709 ad
488 1649 598 1710 omnia
612 1647 837 1709 obfirmandus
851 1655 902 1708 est
913 1649 1052 1708 animus.
1097 1647 1218 1710 Vereor
1231 1668 1272 1710 ne
1287 1650 1445 1713 scintilla
1459 1652 1547 1716 belli
1557 1656 1646 1716 istius

429 1731 548 1811 gliscat
568 1732 602 1792 in
624 1749 779 1810 magnum
801 1731 996 1792 incendium.
1040 1731 1208 1811 Zuinglius
1229 1731 1331 1794 habet
1353 1734 1534 1799 iudicium
1555 1758 1646 1800 suum

430 1815 521 1895 apud
534 1814 691 1886 homines,
707 1815 835 1875 vtinam
850 1815 999 1875 inueniat
1013 1816 1127 1875 mitius
1142 1815 1231 1894 apud
1245 1816 1363 1877 Deum.

472 1897 751 1977 Quandocumque
773 1898 894 1970 venies,
916 1898 1028 1958 venies
1049 1898 1130 1959 mihi
1152 1900 1367 1978 gratissimus,
1392 1903 1506 1965 modo
1532 1905 1570 1967 id
1592 1905 1646 1967 fiat

431 1989 490 2043 tuo
504 1981 686 2054 commodo,
701 2000 816 2042 verum
830 2000 869 2041 eo
888 1980 1047 2042 admonui
1065 2002 1106 2042 ne
1126 2000 1326 2062 properares,
1341 2002 1395 2056 ne,
1411 1991 1456 2046 vt
1471 2006 1513 2047 es
1534 1988 1647 2051 sedulo

387 2087 418 2124 ιο
431 2066 601 2138 officiosus,
630 2083 706 2125 cum
734 2072 794 2126 tuo
822 2065 933 2144 aliquo
961 2065 1169 2127 incommodo
1199 2066 1263 2127 huc
1295 2072 1328 2127 te
1359 2068 1555 2133 conferres.
1599 2072 1646 2134 llx

430 2148 577 2210 Anselmi
590 2147 710 2209 litteris
725 2147 881 2227 intelligo,
897 2148 990 2209 illum
1006 2148 1047 2210 de
1063 2149 1241 2228 repetendo
1254 2156 1369 2211 nostro
1388 2154 1563 2216 conuictu
1584 2176 1647 2218 non

430 2233 583 2310 cogitare.
628 2231 847 2311 Recipiendus
861 2237 913 2292 est
926 2233 1027 2309 igitur
1041 2234 1211 2294 conuictos
1224 2233 1351 2312 aliquis,
1366 2236 1428 2312 qui
1445 2237 1648 2301 solitudin'n

430 2316 556 2377 tedium
572 2314 732 2375 subleuet.
776 2314 847 2375 Hec
861 2315 979 2375 domus
994 2320 1028 2376 te
1042 2322 1175 2395 caperet
1188 2335 1263 2378 eum
1278 2321 1352 2378 tota
1365 2316 1515 2382 familia.

472 2398 602 2459 Nudius
637 2399 757 2458 tertius
794 2397 958 2459 Antonius
999 2398 1166 2478 Fuggerus
1205 2401 1296 2461 misit
1335 2399 1424 2461 hunc
1464 2407 1648 2485 proprium

386 2503 418 2552 15
430 2482 596 2554 nuncium,
623 2480 817 2560 significans,
841 2488 876 2542 et
899 2482 1034 2542 domum
1059 2489 1094 2543 et
1118 2482 1261 2544 fumaria
1284 2502 1355 2544 esse
1378 2493 1522 2563 parata,
1549 2489 1649 2552 offert

431 2583 544 2626 omnes
553 2564 705 2626 fortunas
719 2584 805 2637 suas,
817 2567 845 2625 si
859 2564 958 2625 velim
972 2566 1094 2639 venire,
1109 2565 1207 2645 idque
1221 2568 1305 2628 miro
1318 2566 1454 2629 affectu.
1504 2570 1649 2635 Vtinam

432 2649 513 2709 talia
536 2648 770 2728 scripsisse[n]t
792 2654 870 2709 ante
893 2653 1023 2727 emptas
1046 2648 1105 2709 has
1128 2650 1214 2712 edes.
1258 2650 1369 2711 Reieci
1391 2654 1582 2731 negocium
1606 2658 1650 2720 ad

431 2733 570 2812 primam
595 2731 813 2792 hirundinem.
857 2730 925 2793 Nec
950 2732 1038 2792 enim
1062 2733 1152 2794 aliud
1174 2735 1278 2813 potui.
1322 2733 1426 2814 Vrget
1449 2734 1592 2816 hyems,
1615 2748 1651 2802 et

431 2835 489 2896 per
504 2820 611 2876 totam
625 2813 834 2876 Germaniam
849 2815 981 2876 seruent
995 2818 1169 2895 vaporaria
1184 2817 1265 2878 mihi
1280 2818 1421 2879 inimica.

385 2920 418 2957 20
472 2898 549 2962 Non
563 2904 615 2961 est
629 2899 718 2979 quod
733 2899 796 2960 tibi
809 2898 988 2972 consulam,
1000 2899 1052 2960 vir
1066 2900 1207 2979 optime:
1230 2900 1331 2961 habes
1345 2899 1524 2966 Palladem
1541 2908 1650 2984 domi,

431 3001 515 3062 quae
530 2989 692 3064 suggerat,
707 2984 786 3063 quid
802 2984 847 3045 sit
859 2984 952 3044 factu
967 2984 1139 3064 optimum.
1183 2983 1272 3044 Bene
1286 2983 1368 3045 vale.

474 3083 514 3146 24
529 3067 580 3128 die
595 3065 711 3129 Octob.
730 3081 819 3144 1531.

1232 3150 1389 3212 Erasmus
1404 3150 1486 3214 Rot.
1503 3159 1606 3220 tuus.

472 3248 601 3313 Clariss.
618 3249 680 3312 LL.
697 3249 833 3323 doctori,
848 3250 888 3310 D.
905 3249 1075 3311 Boniiacio
1088 3248 1315 3312 Amerbachio.
1357 3250 1521 3315 Basileae.

707 3453 807 3513 2562.
855 3448 962 3513 Fson
978 3449 1149 3514 Aaronso
1166 3449 1346 3515 Fonsncs.

468 3561 593 3616 Munich
606 3560 670 3616 MS.
684 3561 785 3615 Heine
797 3579 849 3615 xv.
919 3584 925 3593 ·
1367 3561 1487 3617 Alcala.

1308 3652 1341 3706 31
1358 3635 1494 3693 October
1510 3655 1604 3711 1531.

464 3739 501 3800 [A
513 3739 599 3790 letter
610 3740 639 3789 in
651 3740 700 3790 the
713 3739 804 3789 Heine
816 3738 963 3789 collection
976 3739 1033 3798 (see
1045 3739 1122 3804 App.
1137 3740 1195 3802 15);
1213 3739 1328 3790 written
1340 3740 1370 3790 in
1378 3741 1429 3790 the
1438 3741 1534 3792 xviiia
1545 3744 1646 3799 hand.

430 3805 569 3938 {liriorglsslte
580 3807 605 3856 is
615 3805 768 3857 confirmed
780 3806 819 3870 by
830 3806 879 3856 the
895 3806 1037 3856 reference
1052 3812 1084 3856 to
1100 3807 1149 3857 the
1165 3813 1389 3872 postponement
1403 3807 1434 3856 ol
1449 3807 1501 3858 the
1517 3809 1595 3863 Diet
1611 3816 1647 3866 of

472 3979 642 4025 Annonsvs
656 3979 817 4036 Fonsncs,
833 3979 1118 4026 sncmaplscorvs
1131 3981 1336 4037 ronnrsNVS,
1351 3980 1596 4030 HISPANIARVM

549 4062 683 4120 rumas,
700 4063 782 4120 Em,
798 4063 995 4108 DESYDEBIO
1010 4064 1145 4109 ERASMO
1159 4064 1391 4109 BOTEBODAMO
1406 4064 1469 4109 SVO
1483 4064 1511 4109 S.

472 4155 539 4216 IAM
560 4155 617 4216 diu
638 4156 721 4217 nihil
742 4175 763 4216 a
784 4162 818 4216 te
839 4155 1004 4217 redditum
1024 4156 1219 4230 litterarum,
1240 4156 1297 4217 sed
1317 4176 1414 4217 neca
1431 4156 1527 4218 nobis
1547 4160 1638 4235 tibi;

430 4258 531 4319 quare
551 4245 703 4300 mutuam
724 4240 956 4319 negligentiam
975 4245 1093 4300 mutuo
1112 4239 1335 4302 condonemus
1353 4246 1493 4320 oportet.
1539 4241 1638 4307 Illud

430 4323 529 4384 velim
554 4323 617 4383 tibi
641 4342 843 4402 persuasum,
867 4323 949 4383 nihil
972 4328 1146 4402 propterea
1170 4343 1211 4384 ex
1236 4325 1375 4403 pristino
1398 4329 1512 4386 nostro
1535 4326 1571 4385 in
1598 4333 1637 4390 te

431 4407 541 4469 animo
562 4408 774 4468 imminutum
796 4407 1051 4468 immutatumue
1072 4426 1160 4480 esse;
1186 4406 1220 4467 id
1241 4415 1359 4470 mutuo
1379 4407 1502 4469 etheri
1521 4427 1634 4488 spero.

400 4496 417 4546 5
430 4490 476 4552 Vt
490 4510 578 4551 nunc
593 4491 807 4552 scriberemus
821 4491 980 4551 inuitauit
993 4491 1120 4552 occasio
1134 4490 1346 4569 profectionis
1360 4490 1438 4551 Dilfi
1453 4490 1513 4563 tui,
1528 4510 1634 4569 quern

463 4626 538 4674 2561.
557 4640 582 4689 3.
601 4624 691 4686 Beda]
704 4625 755 4676 See
766 4625 821 4689 Ep.
834 4638 908 4686 2552·
924 4626 983 4675 18n.
1054 4627 1120 4687 1663
1143 4623 1269 4684 introd.).
1306 4624 1337 4674 It
1358 4639 1480 4690 appears
1501 4625 1569 4676 that
1591 4627 1633 4679 he

465 4706 504 4741 11.
523 4691 702 4757 litteris1l3p.
716 4705 791 4754 2559.
1052 4707 1110 4742 was
1125 4705 1189 4741 now
1203 4691 1294 4742 about
1309 4697 1342 4741 ιο
1357 4692 1425 4742 visit
1440 4692 1490 4743 the
1505 4692 1630 4744 Nether·

465 4772 506 4823 14.
524 4759 679 4824 Fuggerus]
691 4758 752 4809 The
763 4758 848 4809 letter
858 4759 882 4808 is
890 4764 943 4810 not
953 4774 1000 4809 ex·
1052 4758 1134 4808 lands
1148 4758 1207 4808 and
1223 4757 1359 4809 intended
1370 4764 1403 4809 to
1412 4759 1497 4809 make
1508 4758 1552 4809 his
1562 4775 1631 4826 way

430 4830 505 4875 tent.
1052 4830 1084 4874 to
1104 4824 1241 4890 Freiburg
1260 4824 1317 4886 (see
1339 4826 1394 4890 Ep.
1418 4826 1505 4888 2563).
1540 4825 1630 4877 From

463 4892 538 4941 2562.
557 4903 581 4954 5.
599 4891 677 4953 Dilfl]
684 4891 869 4957 Hehadgone
876 4898 907 4943 to
914 4891 1000 4955 Spain
1052 4891 1102 4942 the
1113 4891 1170 4942 last
1181 4891 1342 4957 paragraph
1352 4893 1376 4943 it
1388 4892 1413 4942 is
1424 4892 1498 4942 clear
1511 4891 1578 4942 thet
1589 4893 1629 4943 he

430 4957 474 5008 ior
485 4958 535 5008 the
547 4959 650 5010 second
662 4959 731 5008 time
742 4960 772 5009 in
780 4959 846 5009 Jan.
862 4957 999 5022 153offlp.
1051 4972 1110 5008 was
1121 4958 1260 5023 expected
1271 4964 1303 5010 to
1313 4963 1413 5010 return
1422 4963 1454 5008 to
1466 4957 1561 5023 Spain.

1677 374 1681 458 l
