4042 5900
507 650 567 712 126
831 645 1031 711 LETTERS
1052 646 1109 709 OF
1129 644 1335 712 ERASMUS
1614 651 1712 731 [1531

503 808 530 875 β,
543 809 639 861 others
651 808 680 859 in
691 828 718 872 γ.
755 810 795 859 At
807 808 864 859 line
876 821 923 871 105
935 808 994 860 and
1004 808 1090 874 again
1101 813 1134 859 at
1144 808 1200 860 line
1214 822 1261 873 174
1273 823 1360 860 00011
1367 814 1500 860 00010000
1509 808 1636 861 isaddcd
1643 811 1675 862 in
1683 830 1712 874 γ,

505 876 597 926 which
608 875 668 926 also
679 874 806 940 supplies
816 890 835 926 a
845 874 936 926 whole
949 890 1013 925 0011
1024 875 1185 941 paragraph
1196 880 1229 926 at
1240 875 1296 926 1100
1310 877 1367 940 184.
1390 876 1450 926 The
1461 876 1574 927 Froben
1585 877 1713 929 editions

505 943 536 993 01
551 956 615 1005 1545
629 942 687 991 and
704 955 769 1004 1550
783 942 888 1007 merely
899 958 930 992 10
985 947 1037 1004 1γ.
1066 960 1083 992 n
1094 942 1245 993 contained
1257 942 1301 992 six
1313 942 1403 992 boolrs
1417 943 1448 993 ol
1459 943 1712 1009 Apepbthcpmoto.

506 1009 541 1059 In
549 1008 734 1074 publishingss
742 1008 921 1059 Erasmusad
941 1009 976 1059 ed
983 1015 1041 1059 two
1049 1024 1112 1059 11011
1118 1009 1209 1059 boolrs
1217 1009 1349 1074 together
1354 1009 1425 1060 with
1432 1024 1451 1060 a
1458 1009 1563 1060 second
1570 1010 1712 1073 Proitou]

569 1157 822 1202 muvsmssmo
836 1157 989 1203 ramum
1003 1158 1140 1203 Ivulom
1154 1158 1363 1215 cumanam,
1379 1158 1461 1203 1)ch
1475 1158 1645 1217 eumcum,

690 1241 893 1298 lvuuouuffl,
908 1240 1094 1298 Mortuum,
1110 1240 1227 1286 comus
1241 1242 1418 1286 mauman
1434 1242 1476 1287 ΕΤ
1489 1242 1528 1287 IN

799 1324 1056 1382 BAVENSPVRGQ
1073 1325 1144 1369 ΕἸὉ.
1161 1325 1234 1369 Due.
1251 1325 1405 1370 EBASMVS

934 1408 1184 1454 Rouusonsrtvs
1199 1408 1226 1453 S.
1242 1409 1275 1453 D.

548 1498 710 1573 Qvomau
729 1500 852 1579 priores
872 1498 998 1560 libellos
1020 1517 1102 1577 quos
1122 1499 1185 1559 mei
1199 1517 1276 1577 erga
1291 1504 1325 1558 te
1339 1498 1440 1559 animi
1455 1497 1560 1559 veluti
1574 1499 1709 1561 arrabo-

506 1580 1710 1745 1111111111111111111111111111

506 1756 657 1830 parentes
676 1749 750 1821 tui),
772 1750 880 1810 visum
899 1755 950 1809 001
965 1748 1091 1827 aliquid
1108 1754 1143 1808 et
1161 1754 1221 1809 tua
1240 1748 1415 1809 nobilitate
1435 1747 1573 1828 dignius,
1588 1754 1624 1809 01
1639 1750 1708 1810 tuis

478 1833 634 1907 5011111110,
656 1833 690 1893 01
712 1831 818 1904 101101,
841 1832 955 1892 vtilius
974 1832 1158 1910 adiungere.
1193 1831 1292 1892 Proin
1313 1851 1354 1891 ex
1374 1833 1507 1911 optimis
1522 1832 1708 1911 quibusque

506 1915 678 1977 autoribus
702 1915 815 1994 collegi
839 1934 923 1994 quae
948 1914 1062 1975 Graeci
1085 1920 1207 1975 vocant
1231 1913 1531 1995 Apophthegmata,
1557 1915 1618 1976 hoe
1643 1921 1705 1988 est,

505 2000 629 2078 egregie
644 2000 743 2072 diota,
759 1998 849 2077 quod
864 1998 1008 2060 viderem
1031 2015 1097 2059 non
1115 1998 1205 2059 aliud
1227 1999 1412 2077 argumenti
1431 2017 1532 2077 genus
1552 1998 1705 2079 Principi,

506 2083 698 2161 praesertim
713 2083 832 2155 iuueni,
853 2083 955 2161 magis
977 2080 1235 2142 accommodum.
1280 2079 1365 2142 Sunt
1386 2081 1444 2142 illa
1464 2080 1598 2160 quidem
1619 2083 1706 2142 scitu

506 2166 694 2245 dignissima
704 2184 788 2243 quae
797 2165 981 2245 philosophi
991 2165 1032 2225 de
1040 2163 1196 2236 moribus,
1206 2164 1246 2224 de
1255 2163 1422 2244 republica
1432 2164 1705 2238 administranda,

461 2274 494 2310 10
507 2249 613 2327 deque
642 2248 729 2309 bello
751 2248 892 2327 gerendo
915 2247 1018 2309 literis
1041 2247 1265 2327 prodiderunt.
1318 2246 1382 2309 Sed
1404 2249 1626 2327 quotocuique
1652 2247 1706 2309 vel

506 2334 639 2411 priuato
661 2337 793 2392 tantum
814 2337 866 2392 001
887 2332 949 2393 ocii
968 2338 1007 2392 vt
1022 2331 1112 2411 apud
1132 2331 1303 2392 Platonem
1319 2329 1559 2393 Socraticorum
1572 2337 1705 2411 arguta·

507 2416 643 2488 tionum‚
659 2416 836 2476 ironiarum
851 2422 886 2475 01
896 2416 1100 2495 isagogarum
1115 2413 1269 2493 ambages
1283 2433 1321 2475 ao
1333 2413 1539 2493 labyrinthos
1551 2414 1707 2477 euoluere

507 2504 625 2560 vacet?
677 2497 871 2558 Aristoteles
894 2504 1006 2559 autem
1030 2499 1159 2577 copiose
1182 2497 1314 2576 quidem
1337 2499 1467 2578 scripsit
1488 2497 1528 2558 de
1549 2498 1706 2571 moribus,

506 2582 563 2643 sed
579 2582 780 2662 philosophis
795 2583 958 2660 scripsisse
972 2581 1114 2654 videtur,
1132 2600 1198 2642 non
1214 2581 1365 2661 Principi.
1410 2580 1612 2642 Dilucidiora
1626 2587 1706 2643 sunt

462 2686 493 2736 15
506 2684 590 2744 quae
599 2665 738 2726 tradidit
748 2665 788 2725 ds
798 2684 832 2726 re
843 2664 1057 2725 Oeconomica
1066 2670 1101 2725 et
1111 2664 1258 2725 Politica.
1295 2663 1628 2743 Sedisvirnusquam
1637 2683 1705 2727 non

506 2750 642 2827 requirit
664 2748 817 2809 lectorem
842 2753 877 2809 01
898 2754 1065 2809 attentum
1089 2753 1123 2808 01
1145 2749 1300 2808 ociosum.
1348 2746 1401 2808 Ad
1430 2747 1519 2820 haec,
1549 2750 1705 2827 quoniam

505 2832 679 2893 affectibus
703 2838 802 2905 00101,
823 2851 889 2892 000
908 2831 1042 2911 perinde
1060 2832 1180 2891 retinet
1199 2833 1344 2892 animum
1364 2830 1598 2910 Principalibus
1617 2833 1705 2893 curis

505 2918 680 2977 intentum.
725 2915 797 2977 Iam
813 2917 846 2976 in
862 2914 1093 2995 philosophicis
1108 2921 1143 2976 01
1158 2913 1201 2975 M.
1218 2914 1316 2976 Tullii
1334 2913 1376 2976 de
1393 2913 1599 2995 philosophia
1613 2914 1705 2977 libris

505 3000 660 3080 pleraque
675 3005 753 3059 sunt
766 3000 836 3060 eius
850 3001 975 3078 generis
990 3005 1029 3060 vt
1047 3018 1113 3059 non
1132 2998 1311 3059 admodum
1331 2998 1452 3059 referat
1467 2999 1650 3079 Principem
1664 3019 1705 3061 ea

461 3103 494 3139 20
506 3085 605 3144 seire:
629 3083 717 3162 quod
731 3102 832 3161 genus
847 3089 925 3143 sunt
940 3102 1025 3162 quae
1040 3083 1253 3161 disputantur
1267 3081 1310 3142 ab
1324 3081 1389 3142 illis
1403 3081 1453 3142 De
1467 3081 1587 3143 finibus
1602 3082 1704 3144 bono·

506 3186 578 3227 rum
601 3186 638 3226 ae
659 3165 828 3238 malorum,
852 3168 973 3227 maiore
995 3166 1181 3227 subtilitate
1206 3184 1306 3243 quam
1329 3164 1451 3225 11110111.
1495 3164 1705 3227 Conueniunt

506 3250 585 3310 11000
596 3249 726 3310 illorum
741 3251 896 3310 instituto
911 3251 968 3329 qui
982 3250 1024 3310 de
1038 3249 1176 3309 honesto
1187 3267 1245 3329 per
1259 3267 1388 3309 omnem
1400 3249 1504 3309 vitam
1519 3248 1599 3309 nihil
1614 3248 1706 3310 aliud

506 3353 605 3413 quam
627 3333 810 3413 disputant.
854 3333 901 3394 At
925 3335 955 3394 ei
979 3334 1036 3412 qui
1058 3332 1176 3393 ditioni
1196 3333 1350 3403 nascitur,
1369 3333 1483 3392 statim
1501 3331 1705 3411 expedienda

506 3418 612 3477 virtus
634 3423 694 3488 est,
719 3436 785 3477 non
809 3437 866 3496 per
895 3418 1001 3478 ocium
1031 3415 1240 3496 disputanda.
1294 3415 1414 3476 Restat
1442 3414 1588 3488 historia,
1618 3434 1706 3494 quae

460 3517 492 3567 25
506 3501 659 3579 quoniam
682 3520 732 3560 res
755 3500 918 3579 praeclare
940 3519 1075 3560 secusne
1096 3505 1205 3577 gestas
1220 3498 1361 3559 velutin
1376 3498 1493 3559 tabula
1507 3498 1705 3579 spectandas

505 3589 740 3663 repraesentat,
764 3603 822 3643 000
849 3584 882 3643 id
902 3583 1027 3661 absque
1053 3583 1237 3663 voluptate,
1260 3582 1471 3660 magnatibus
1493 3583 1571 3643 viris
1594 3583 1704 3662 aptior

505 3685 574 3727 esse
589 3667 738 3727 videtur:
771 3667 827 3727 sed
842 3667 894 3727 hie
909 3673 948 3727 vt
967 3666 1132 3727 infinitam
1147 3665 1351 3726 voluminum
1366 3666 1433 3726 vim
1449 3665 1591 3745 Principi
1606 3673 1705 3727 vacet

503 3749 663 3822 euoluere,
679 3751 752 3829 quis
766 3751 870 3829 possit
884 3751 1091 3811 meminisse?

546 3832 650 3911 Atqui
672 3832 948 3911 quemadmodum
970 3835 992 3893 ii
1013 3834 1068 3912 qui
1089 3837 1219 3893 certant
1240 3833 1274 3893 in
1294 3832 1457 3913 palaestra
1479 3837 1585 3893 certos
1606 3851 1703 3911 quos·

459 3931 492 3982 30
505 3916 582 3976 dam
602 3916 824 3996 prehendendi
843 3916 1059 3994 elabendique
1078 3916 1193 3977 modos
1210 3916 1253 3976 ad
1268 3934 1401 3976 manum
1417 3914 1559 3976 habent:
1583 3916 1631 3976 ita
1646 3917 1705 3994 qui

504 4000 538 4059 in
560 4001 650 4078 pacis
677 4000 818 4079 bellique
833 4001 973 4078 negociis
994 4005 1169 4060 versantur
1194 4006 1301 4060 certas
1322 3999 1467 4059 rationes
1489 3999 1523 4058 in
1545 4007 1704 4079 promptu

505 4082 624 4143 habere
644 4085 806 4156 conuenit,
827 4083 947 4161 quibus
968 4082 1210 4144 admoneantur
1224 4082 1304 4161 quid
1325 4101 1385 4160 pro
1404 4101 1438 4142 re
1456 4088 1537 4142 nata
1554 4083 1598 4142 sit
1612 4081 1704 4143 iacto

504 4184 596 4246 opus,
613 4166 693 4244 quid
710 4186 784 4227 non.
822 4167 893 4226 Hac
909 4168 942 4226 in
958 4173 1053 4247 parte
1065 4166 1213 4226 videmus
1227 4165 1463 4226 eruditissimos
1478 4166 1566 4225 viros
1581 4166 1702 4227 Princi-

504 4268 583 4329 pum
598 4268 693 4310 curas
707 4269 767 4310 sua
781 4249 950 4329 diligentia
964 4249 1137 4311 subleuars
1157 4255 1302 4322 conatos,
1322 4267 1462 4327 quorum
1477 4247 1534 4309 alii
1547 4250 1703 4328 scripsere

457 4346 490 4396 3⁵
503 4334 693 4405 sententias,
713 4333 818 4394 veluti
841 4333 1002 4413 Theognis
1023 4339 1058 4393 et
1080 4334 1259 4404 Isocrates;
1283 4331 1338 4392 alii
1360 4330 1535 4393 celebrium
1557 4333 1702 4393 virorum

503 4422 742 4495 strategemata
770 4423 805 4477 et
832 4415 1132 4496 Apophthegmata,
1162 4416 1256 4477 velut
1285 4416 1433 4477 Valerius
1464 4414 1638 4488 Maximus,
1667 4420 1703 4477 et

502 4498 622 4561 Sextus
636 4499 741 4561 Iulius
756 4499 942 4573 Frontinus,
958 4502 1016 4578 qui
1035 4500 1160 4560 indicat
1175 4499 1261 4560 idem
1277 4498 1320 4559 ab
1334 4499 1406 4559 aliis
1421 4498 1586 4560 nonnullis
1606 4498 1701 4560 facti·

502 4586 622 4643 tatum.
667 4583 742 4644 Non
764 4584 936 4644 mediocris
956 4585 1018 4644 ocii
1040 4602 1091 4644 res
1112 4590 1163 4644 est
1184 4602 1302 4644 aurum
1323 4583 1461 4643 scrutari
1476 4583 1510 4643 in
1525 4583 1626 4656 venis,
1640 4587 1702 4643 aut

604 4747 627 4784 1.
646 4734 736 4786 veluti
748 4752 780 4785 o:
798 4732 915 4797 1011111.
983 4749 1026 4798 3²·
1045 4734 1083 4785 sit
1094 4734 1157 4785 odd.
1169 4732 1195 4797 β.
1270 4736 1312 4798 36.
1331 4733 1412 4784 velut
1423 4752 1455 4784 e:
1472 4731 1600 4798 10111111.

507 4928 688 5047 *zamma
705 4927 824 4990 libellos]
844 4927 905 4978 Tha
922 4926 964 4978 De
978 4926 1076 4992 pueris
1160 4941 1185 4993 4.
1204 4925 1348 4992 parentes]
1362 4925 1413 4978 See
1423 4926 1479 4994 Ep.
1492 4940 1568 4994 2413.
1582 4941 1645 4992 39n.

501 5011 513 5046 1
655 5011 690 5047 u.
