4042 5900
387 695 482 772 2579]
724 691 780 754 ro
802 690 1005 755 maauzo
1027 690 1250 755 ornarem
1523 691 1582 753 aar

429 853 516 913 Ante
538 871 641 913 annos
663 852 773 913 decem
794 857 900 924 erant,
920 852 978 931 qui
996 851 1144 913 Caesaris
1163 853 1309 913 animum
1329 852 1477 913 nonnihil
1495 871 1515 912 a
1532 871 1584 913 me

386 935 530 997 alienare
555 942 740 1014 coeperant.
784 933 819 995 Si
842 937 915 1014 quis
943 936 1093 996 extiterit
1120 936 1178 1015 qui
1205 954 1292 996 nuno
1321 954 1451 1014 quoque
1479 935 1584 996 simile

386 1020 558 1099 quippiam
573 1018 738 1091 moliatur,
754 1038 832 1097 rogo
846 1025 886 1078 vt
906 1017 943 1079 Τ.
961 1018 1002 1080 R.
1019 1018 1059 1079 D.
1076 1019 1214 1079 Erasmo
1233 1025 1359 1098 prestet
1378 1039 1453 1080 eum
1472 1023 1583 1097 patro·

387 1122 477 1174 num,
504 1121 601 1180 quem
626 1102 785 1163 hactenus
810 1121 938 1181 semper
966 1102 1199 1163 humanissime
1224 1103 1379 1180 prestitit.
1423 1100 1584 1164 Grauabit
1598 1118 1630 1168 55

387 1206 439 1246 me
453 1187 584 1246 nomine
599 1185 812 1265 Theologicae
826 1185 1005 1258 facultatis,
1021 1186 1096 1257 scio,
1112 1184 1169 1245 sed
1182 1203 1285 1263 queso
1299 1204 1341 1245 ne
1357 1186 1467 1264 pigeat
1486 1185 1583 1264 inspi-

387 1288 458 1330 cere
476 1268 711 1330 declarationes
731 1288 829 1340 meas,
845 1287 930 1346 quae
949 1287 1037 1329 nune
1056 1275 1135 1329 sunt
1156 1269 1191 1328 in
1213 1269 1365 1329 manibus
1386 1268 1584 1348 typographi

387 1352 576 1432 propediem
603 1354 762 1414 exiturae.
805 1351 966 1413 Dominus
995 1351 1036 1412 R.
1066 1350 1327 1431 Amplitudinem
1355 1356 1449 1413 tuam
1475 1358 1584 1413 seruet

386 1436 590 1496 incolumem.

429 1519 554 1580 Datum
570 1518 719 1598 Friburgi
734 1517 898 1598 Brisgoiae
912 1518 1050 1599 postrid.
1065 1517 1133 1579 Cal.
1149 1518 1302 1579 Decemb.
1320 1530 1410 1593 1531.
1596 1525 1631 1573 60

999 1601 1038 1662 E.
1054 1601 1095 1662 R.
1111 1602 1151 1662 A.
1167 1602 1203 1663 T.
1219 1601 1429 1681 Mancipium.

887 1684 1043 1746 Erasmus
1059 1685 1136 1746 Rot.
1153 1704 1226 1745 mea
1240 1703 1340 1745 manu
1355 1684 1541 1764 subscripsi.

431 1792 715 1854 Reuerendissimo
730 1793 769 1853 D.
787 1792 826 1853 D.
842 1792 1021 1854 Laurentio
1036 1791 1210 1873 Campegio
1225 1790 1255 1853 S.
1273 1792 1314 1854 R.
1331 1790 1362 1854 S.
1375 1793 1463 1855 eard.
1476 1793 1584 1872 legato

389 1876 569 1957 apostolico
583 1877 673 1956 apud
687 1876 867 1938 Caesarem.

610 2140 769 2204 ²⁸⁷52580.
817 2138 924 2204 Facu
940 2138 1126 2204 Boumscu
1143 2138 1361 2204 Auaaason.

427 2268 519 2322 Basle
531 2268 595 2323 MS.
610 2269 643 2322 C.
658 2267 729 2321 VI⁸.
745 2279 791 2336 73.
807 2269 872 2334 256.
1345 2266 1446 2321 Basle.

939 2376 943 2384 ·
1247 2358 1266 2408 9
1278 2342 1449 2396 December
1464 2356 1546 2410 1531.

423 2472 477 2531 [An
489 2470 649 2534 autograph
661 2468 850 2533 roughdrait,
864 2468 979 2519 written
990 2469 1048 2519 and
1061 2468 1156 2520 lolded
1167 2485 1199 2519 aa
1209 2469 1318 2534 though
1328 2468 1371 2518 ior
1379 2468 1521 2533 dispatoh,
1530 2453 1586 2519 but

388 2538 555 2588 afterwards
566 2536 710 2586 corrected
722 2536 780 2585 and
791 2551 823 2585 so
834 2542 887 2585 not
898 2536 985 2597 sent]

431 2652 461 2713 S.
489 2654 525 2714 P.
570 2653 672 2713 Recte
701 2652 823 2725 scribis,
849 2652 984 2712 Erasme
1009 2651 1194 2713 clarissime.
1238 2652 1328 2713 Nihil
1353 2657 1424 2712 tam
1448 2650 1586 2712 candide

389 2744 423 2797 et
437 2738 668 2815 circumspecte
683 2735 747 2795 dici
766 2754 851 2796 nunc
866 2740 977 2814 potest
990 2734 1080 2813 quod
1093 2737 1127 2795 in
1142 2735 1338 2795 calumniam
1350 2734 1584 2815 propemodum

389 2840 454 2881 non
468 2821 625 2898 rapiatur.
669 2817 744 2880 Siue
758 2825 869 2879 autem
888 2818 923 2878 id
937 2824 1123 2897 temporum
1142 2818 1317 2897 iniquitate
1331 2820 1399 2880 siue
1416 2818 1584 2879 hominum

389 2905 499 2984 potius
524 2902 593 2976 fiat,
619 2903 695 2964 boni
723 2901 930 2964 consulamus
958 2907 1099 2981 oportet.
1143 2901 1215 2963 Tua
1243 2921 1320 2964 sane
1345 2903 1451 2963 virtus
1475 2902 1523 2962 ita
1551 2902 1585 2963 in

389 2989 588 3067 optimorum
609 3005 877 3065 quorumcunque
895 2986 1082 3066 pectoribus
1102 2986 1226 3047 radices
1244 2987 1320 3065 egit,
1335 2991 1375 3046 vt
1391 2984 1482 3046 nulla
1503 2991 1614 3053 tem-5

389 3090 505 3150 porum
535 3071 652 3130 iniuria
677 3074 783 3147 (taceo
812 3070 993 3142 Eociorum,
1022 3068 1189 3142 Betarum,
1219 3068 1460 3130 Cacandrorum
1488 3074 1523 3129 et
1551 3069 1585 3129 id

389 3174 490 3232 genus
519 3154 672 3214 similium
697 3151 955 3230 virulentia<m>)
980 3152 1078 3213 euelli
1106 3154 1219 3232 possit.
1263 3152 1402 3213 Virtutis
1431 3153 1584 3212 comitem

389 3238 547 3297 inuidiam
564 3243 690 3298 veteres
704 3235 926 3315 prodiderunt.
971 3234 1062 3309 Quae
1079 3255 1177 3315 porro
1190 3255 1336 3315 vnquam
1355 3235 1494 3296 felicitas
1514 3240 1584 3295 tam

390 3340 508 3399 magna
541 3320 615 3392 luit,
644 3338 743 3398 quam
778 3318 1005 3396 ἐξαγγελτικῶν
1032 3319 1329 3398 maledicorumque
1360 3319 1488 3397 linguae
1518 3337 1586 3380 non

390 3404 612 3465 attentarint?
655 3402 839 3462 Memineris
857 3401 986 3463 Christo
1000 3401 1166 3463 Seruatori
1182 3402 1329 3463 Rabinos
1345 3409 1380 3463 et
1395 3402 1585 3462 Pharisaeos
1600 3421 1631 3457 ιο

389 3488 558 3565 negocium
591 3486 714 3547 iecisse.
769 3483 844 3545 Non
872 3492 923 3546 est
954 3485 1132 3565 discipulus
1161 3505 1259 3564 supra
1291 3486 1493 3564 magistrum,
1525 3504 1584 3546 neo

390 3589 503 3631 seruus
528 3588 627 3648 supra
651 3568 819 3628 dominum
848 3587 953 3630 suum.
997 3566 1049 3629 Sio
1078 3570 1146 3629 itur
1173 3569 1216 3629 ad
1244 3575 1344 3628 astra.
1389 3568 1583 3646 Ringantur,

390 3659 594 3733 rumpantur,
620 3658 655 3712 et
680 3651 785 3712 celum
811 3657 916 3712 terrae
940 3653 1108 3724 misceant,
1134 3652 1261 3712 Erasmi
1285 3670 1404 3713 nomen
1428 3650 1471 3711 ab
1496 3652 1585 3712 omni

390 3738 507 3797 iniuria
528 3736 723 3795 inuiolatum
745 3734 980 3814 plausibileque
1005 3736 1144 3814 posteris
1169 3736 1423 3807 transmittetur,
1446 3734 1525 3794 dum
1551 3734 1584 3794 hi

389 3838 534 3898 nugones
556 3821 595 3894 (si
616 3818 715 3879 modo
737 3817 804 3879 vlla
825 3837 937 3879 eorum
954 3818 1164 3897 superfutura
1182 3824 1233 3878 est
1250 3819 1416 3892 memoria)
1436 3836 1503 3878 non
1523 3818 1631 3883 nisi15

389 3905 423 3963 in
437 3922 575 3982 poenam
590 3908 624 3963 ct
639 3901 869 3962 contumeliam
884 3902 1006 3963 viuent.
1042 3901 1163 3962 Verum
1177 3901 1297 3978 γλαῦκα
1312 3900 1356 3965 εἰς
1370 3900 1512 3979 Ἀθήνας,
1528 3901 1585 3979 qui

390 3986 433 4046 ad
458 3993 491 4047 te
516 3986 605 4058 haee,
632 3986 684 4046 cui
710 3985 819 4046 Pallas
842 3990 876 4045 et
904 3986 1155 4063 magnanimitas
1177 3985 1265 4046 domi
1286 4004 1306 4045 a
1331 3984 1471 4045 consiliis
1496 3990 1583 4044 sunt.

390 4069 540 4148 Grynaeo
559 4088 688 4130 ornnem
705 4074 889 4146 conceptae,
905 4075 945 4129 vt
962 4068 1105 4129 humana
1122 4074 1209 4142 sunt,
1224 4068 1412 4147 suspitionis
1430 4067 1584 4127 nebulam

390 4153 563 4231 depulisti;
586 4153 635 4212 vti
654 4153 720 4212 suis
741 4151 784 4212 ed
802 4157 837 4211 te
852 4151 971 4212 litteris
988 4151 1118 4211 abunde
1136 4151 1320 4213 edocebere.
1364 4149 1458 4224 Quod
1473 4156 1584 4211 autem

389 4237 553 4314 ingenium
573 4241 642 4297 tam
662 4235 768 4296 lerum
789 4240 848 4307 est,
865 4234 953 4313 quod
974 4241 1044 4296 tam
1064 4254 1179 4295 amans
1197 4236 1262 4296 ista
1283 4241 1343 4295 tua
1363 4233 1502 4312 epistola
1518 4251 1585 4293 non
1598 4253 1632 4289 20

389 4321 571 4379 cicuraret?
623 4319 703 4378 Mihi
728 4323 816 4378 certe
841 4317 1048 4378 iureiurando
1072 4317 1152 4378 nihil
1180 4317 1270 4379 aliud
1298 4318 1460 4398 persuasit
1485 4335 1584 4395 quam

484 4453 558 4503 2579.
578 4468 619 4516 53.
637 4453 760 4503 alienare
772 4453 883 4517 scripsit
895 4453 928 4503 P.
940 4452 971 4503 S.
985 4453 1082 4503 Allan:
1101 4453 1240 4503 alternare
1252 4452 1341 4503 Gatol.
1354 4451 1483 4503 Graecast.

422 4589 497 4638 2579.
516 4602 557 4651 57.
574 4587 789 4648 declarationes]
833 4587 960 4637 Daiara-
1010 4586 1121 4638 Caesar

387 4656 476 4706 tiones
492 4655 673 4705 adoraruros
686 4655 809 4705 hiuttae
825 4655 960 4718 culpatur,
1045 4654 1121 4704 2580.
1142 4657 1167 4705 ⁶.
1191 4652 1411 4713 Ceosndrorum]
1441 4652 1485 4702 ie.
1520 4651 1583 4701 Ale·

388 4722 481 4779 Basle,
505 4722 627 4779 Froben,
652 4735 725 4784 ¹53²·
765 4721 825 4771 The
847 4722 961 4772 month-
1011 4721 1176 4771 andrcmm:
1199 4720 1235 4770 ci.
1257 4719 1381 4771 Geretae
1402 4719 1447 4769 lor
1468 4719 1586 4770 Iacobus

388 4790 456 4839 date
472 4791 496 4838 is
511 4795 564 4838 not
576 4790 670 4852 given,
685 4788 740 4839 but
751 4787 886 4838 Erasmus
898 4794 964 4839 sent
1013 4787 1068 4852 Ep.
1081 4791 1146 4849 2652
1159 4787 1204 4849 (Q.
1217 4789 1270 4851 35).

388 4873 407 4906 a
417 4872 492 4920 copy
503 4856 533 4905 ol
544 4856 568 4905 it
580 4861 611 4905 to
623 4855 654 4904 P.
667 4855 809 4904 Tomiczki
818 4870 855 4904 on
865 4871 880 4918 4
892 4855 961 4906 Feb.
1045 4869 1071 4916 9.
1089 4851 1285 4916 ἕξαγγελτικῶν]
1301 4851 1537 4912 ‘Tale-bearers',
1552 4867 1585 4903 as

391 4937 464 4985 1532,
477 4922 513 4971 ol.
522 4922 576 4986 Ep.
587 4924 662 4971 2600.
697 4921 808 4971 Froben
816 4922 963 4986 reprinted
1013 4922 1101 4972 Arist.
1112 4921 1190 4972 Rae.
1202 4935 1228 4972 2.
1240 4925 1266 4971 6.
1276 4935 1317 4970 20.

390 4990 460 5039 itin
478 4989 556 5054 Sept.
597 4990 644 5039 An
660 4989 768 5038 edition
785 4988 873 5039 dated
891 4990 961 5054 Apr.
1048 5002 1139 5039 11-12.
1157 4988 1237 5040 Non.
1249 4987 1380 5048 ..suuml
1398 4986 1483 5037 Matt.
1493 4999 1583 5052 1044.

391 5070 520 5119 1532was
527 5054 961 5122 printedatAntwerpbyMart.
1047 5069 1087 5118 19.
1104 5055 1164 5108 suis
1176 5092 1184 5107 .
1197 5092 1205 5107 .
1218 5054 1352 5116 .litteris]
1363 5054 1422 5105 Not
1432 5058 1545 5104 extant.
