4042 5900
433 616 495 678 aas
780 614 1287 680 murensornnasnus
1570 620 1636 697 [1531

432 775 562 837 litteras
576 780 652 836 tuas
667 774 828 854 simulque
842 775 931 855 apud
945 794 998 838 me
1012 777 1144 837 instetit
1157 780 1196 837 vt
1209 793 1245 836 se
1261 777 1524 840 serenissimae
1538 779 1638 858 regim

431 858 703 920 commendarem.
746 858 816 937 Ego
827 878 905 920 vero
915 860 972 938 qui
982 858 1187 921 authoritate
1201 858 1288 920 nihil
1303 878 1476 939 poesim,
1489 861 1639 941 requesl'a

431 941 522 1003 nulla
543 961 616 1003 sum
637 941 685 1002 illi
705 947 804 1002 notus
824 961 924 1021 quam
943 943 1086 1003 seruitiis
1100 942 1226 1021 aliquot
1244 941 1297 1003 illi
1312 946 1521 1023 praestitis,
1536 947 1640 1007 tantan

402 1050 418 1100 5
432 1025 522 1105 apud
536 1024 708 1086 Nicolaum
723 1025 919 1098 Holachum,
933 1026 961 1086 si
976 1025 1057 1104 quid
1070 1027 1140 1106 spei
1153 1031 1239 1087 esset
1253 1045 1317 1106 pro
1336 1026 1443 1090 bono
1462 1029 1592 1103 iuuene,
1604 1029 1640 1090 cri

432 1109 577 1187 impense
592 1108 751 1169 hactenus
764 1108 833 1169 faui
852 1114 887 1170 et
905 1110 1066 1188 imprimis
1085 1109 1168 1169 bene
1186 1110 1369 1188 prouisum
1392 1130 1476 1173 esse
1499 1131 1640 1193 cuperem

431 1190 518 1252 Nam
532 1199 632 1272 prout
646 1211 722 1253 vere
736 1192 860 1265 scribis,
876 1192 958 1253 nihil
975 1191 1067 1253 aliud
1085 1211 1185 1272 quam
1204 1194 1397 1255 motoriam
1420 1215 1493 1276 ago
1513 1195 1640 1258 fabulam

431 1280 466 1335 et
480 1294 585 1353 neque
599 1274 679 1336 mihi
693 1295 798 1355 neque
813 1277 926 1336 amicis
940 1274 1094 1355 prodesse
1108 1294 1250 1356 possm.
1296 1275 1404 1338 Haec
1417 1297 1503 1341 mea
1515 1298 1585 1341 sors
1595 1286 1641 1341 aa

430 1357 600 1420 Holaehus
619 1364 741 1432 autem,
756 1378 831 1420 cum
851 1365 910 1420 tuo
928 1359 1061 1420 nomine
1080 1359 1231 1439 plurima,
1251 1378 1327 1421 meo
1350 1362 1474 1423 etiam
1497 1362 1642 1435 nunniti,

388 1448 598 1521 repraestare
613 1461 647 1503 se
661 1442 745 1503 velle
760 1441 891 1515 diceret,
907 1441 1090 1504 arbitratus
1104 1448 1156 1503 est
1175 1448 1296 1515 tamen,
1312 1443 1342 1502 si
1367 1449 1441 1506 tua
1462 1446 1561 1527 apud
1578 1448 1642 1526 regi·

431 1544 508 1585 nam
535 1525 750 1587 intercederet
775 1525 1026 1599 commendatio,
1052 1526 1202 1587 futurum
1227 1531 1266 1585 vt
1291 1524 1386 1587 bene
1415 1530 1643 1608 prouideretur

431 1608 564 1670 Ieuino.
607 1608 748 1671 Proinde
763 1610 797 1670 in
812 1615 846 1669 te
860 1609 962 1670 situm
976 1615 1028 1670 eet
1042 1609 1083 1671 de
1097 1610 1216 1671 iuuene
1229 1608 1314 1669 bene
1327 1615 1399 1671 aut
1415 1613 1517 1676 male
1531 1614 1643 1676 menri

431 1691 540 1752 Tanta
565 1693 653 1753 enim
677 1712 712 1753 es
737 1693 888 1772 opinione
911 1692 1046 1754 virtutis
1070 1697 1105 1753 et
1129 1692 1318 1754 litterarum
1343 1699 1392 1755 vt
1420 1695 1532 1759 facile
1555 1698 1644 1778 poaa'a

430 1774 562 1853 quiduis
576 1777 761 1856 impetrare.
804 1775 885 1837 Mihi
899 1795 1012 1837 rursus
1026 1774 1293 1856 proficiscendum
1312 1782 1369 1836 est
1389 1778 1432 1839 in
1452 1779 1645 1861 legationen

386 1881 417 1933 1⁵
430 1857 628 1920 laboriosam
651 1866 686 1921 et
711 1878 826 1939 parum
852 1858 1041 1939 proficuam,
1066 1858 1179 1937 quales
1202 1860 1292 1920 fuere
1316 1878 1447 1924 omnes
1472 1882 1584 1927 meae.
1620 1861 1646 1925 ᾖ

430 1941 511 2020 quid
534 1948 648 2003 tamen
672 1941 972 2004 commendationes
1001 1948 1093 2004 meae
1120 1942 1276 2022 poterint,
1301 1942 1482 2022 perquam
1514 1946 1647 2009 libenter

430 2025 691 2105 interponentur.
734 2024 935 2087 Commendo
958 2045 1010 2087 me
1033 2025 1210 2106 plurimum
1233 2025 1397 2104 dignitati
1428 2035 1531 2105 tuae,
1558 2049 1647 2111 quan

430 2113 485 2170 tot
511 2109 652 2188 negociis
679 2110 872 2189 impeditam
899 2109 976 2171 nolo
1004 2108 1141 2189 vulgato
1165 2108 1328 2171 scribendi
1357 2129 1495 2189 genere
1527 2114 1648 2196 longius

431 2191 648 2272 interpellare.
692 2193 781 2253 Bene
802 2193 884 2266 vale,
907 2199 1100 2272 praeceptor
1122 2192 1422 2257 honorandissime.

385 2297 419 2334 20
473 2275 525 2336 Ex
539 2276 616 2337 aula
630 2282 776 2355 quaeest
791 2275 955 2337 Bruxellis
969 2276 1172 2338 Brabantiae
1187 2276 1271 2337 xvii·
1284 2274 1505 2343 Nouembris
1521 2281 1581 2345 ΑΟ.
1596 2293 1650 2344 xv·

431 2374 528 2420 xxxa

926 2443 978 2503 Ex
993 2443 1104 2504 animo
1118 2449 1197 2503 tuus
1212 2440 1385 2504 Cornelius
1400 2442 1615 2529 Scepperus

472 2540 657 2686 Οὲατίεείωο
671 2543 742 2603 viro
757 2541 797 2603 D.
812 2541 950 2603 Erasmo
968 2541 1192 2604 Roterodamo
1211 2545 1423 2621 praeceptori
1446 2566 1534 2611 meo
1554 2548 1651 2611 hono

431 2643 492 2687 ran
516 2644 545 2686 o.

674 2803 820 2887 ²5⁶⁸200a
867 2799 973 2865 Fnou
989 2798 1142 2865 Vromus
1158 2798 1384 2864 chnuuns

469 2909 573 2966 Ghent
586 2910 650 2968 MS.
664 2924 729 2983 479.
745 2926 782 2967 20
795 2915 845 2983 (α).
1367 2910 1504 2972 Pedua.

469 2986 559 3042 VZE.
577 3002 610 3056 13
625 2992 675 3059 (γ).
1266 2988 1300 3041 18
1311 2985 1510 3046 November
1527 3008 1616 3064 1531.

465 3114 532 3176 [For
543 3115 593 3164 the
604 3114 699 3165 Ghent
710 3128 757 3165 us.
770 3130 816 3165 see
828 3115 882 3180 Ep.
896 3129 959 3165 2101
972 3114 1077 3165 introd.
1113 3115 1173 3165 The
1185 3114 1261 3173 date,
1274 3113 1364 3164 which
1377 3115 1403 3164 is
1415 3115 1521 3170 found
1534 3121 1613 3172 both
1624 3123 1651 3172 in

431 3182 481 3232 the
489 3194 535 3231 us.
544 3181 601 3230 and
608 3182 638 3231 in
645 3181 726 3232 VZE.
739 3196 777 3244 13,
788 3182 812 3232 is
820 3181 973 3232 confirmed
983 3183 1022 3245 by
1030 3181 1147 3246 Viglius’
1156 3197 1220 3231 own
1229 3185 1350 3231 account
1358 3181 1389 3231 oi
1398 3182 1446 3232 his
1456 3194 1652 3239 movements

431 3249 460 3298 in
472 3248 595 3312 Hoynck
607 3261 626 3297 1.
642 3263 664 3297 1.
679 3263 719 3307 11,
732 3249 824 3298 where
836 3249 872 3298 he
882 3254 973 3299 states
984 3249 1051 3299 that
1066 3249 1102 3298 he
1115 3248 1168 3299 leit
1183 3248 1287 3297 Venice
1301 3247 1345 3296 ior
1359 3247 1467 3299 Padua
1482 3267 1528 3303 on
1542 3268 1562 3314 9
1577 3255 1650 3306 Now.

433 3329 505 3378 1531.
541 3314 685 3364 Erasmus'
698 3315 788 3380 reply,
800 3316 855 3380 Ep.
868 3318 943 3379 2604,
956 3331 1046 3365 seems
1059 3321 1090 3365 to
1102 3316 1179 3365 show
1194 3315 1261 3364 that
1278 3315 1322 3364 ior
1336 3314 1505 3369 December
1524 3320 1565 3371 ho
1582 3321 1650 3372 read

431 3381 605 3447 September,
614 3381 786 3432 aeoniusion
794 3383 885 3431 which
891 3398 958 3446 may
964 3382 1038 3432 have
1045 3383 1137 3432 ariaen
1145 3381 1218 3430 irem
1224 3381 1379 3445 mistaking
1389 3375 1475 3430 ,flere
1486 3385 1537 3436 ior
1545 3381 1650 3450 viimi

834 3506 968 3551 musmo
983 3505 1222 3551 ROTEBODAMO.

474 3597 621 3668 Rumovl
642 3597 810 3677 Augustae
829 3598 918 3677 apud
937 3598 1016 3659 Ant.
1033 3598 1215 3676 Fuggerum
1234 3597 1363 3658 litteras
1376 3614 1462 3673 quas
1482 3601 1534 3662 ad
1555 3609 1595 3664 te
1615 3605 1649 3665 in

431 3680 564 3742 Italiam
579 3680 786 3761 proficiscens
803 3683 926 3761 scripsi,
946 3683 1056 3759 eisque
1076 3687 1109 3741 te
1131 3681 1303 3742 certiorem
1325 3678 1454 3740 reddidi
1478 3682 1526 3744 de
1551 3684 1647 3748 beni·

430 3765 585 3843 gnissima
599 3765 701 3843 ipsius
716 3767 751 3825 in
766 3771 799 3825 te
814 3764 876 3825 sibi
886 3764 1082 3825 demerendo
1093 3764 1276 3837 voluntate,
1287 3770 1322 3825 et
1333 3763 1515 3842 quamtibi
1527 3772 1649 3832 omnia

430 3850 465 3908 in
485 3848 573 3908 illius
594 3847 729 3909 aedibus
750 3848 922 3909 commoda
942 3867 1012 3910 esse
1033 3849 1170 3928 possint,
1193 3847 1340 3908 simodo
1359 3847 1515 3908 animum
1540 3853 1590 3913 ad
1612 3854 1647 3915 id

401 3939 526 3995 §tuum
548 3931 701 3992 inducere
722 3931 831 3993 velles.
875 3931 944 3992 Iter
966 3941 1077 3992 autem
1099 3930 1253 3992 Italicum
1275 3950 1316 3991 ex
1340 3929 1442 3990 animi
1463 3938 1648 3998 sententia

429 4015 566 4076 absolui.
610 4014 755 4076 Venetiis
770 4015 868 4076 inuisi
883 4014 1069 4094 Baptistam
1085 4014 1272 4094 Egnatium,
1284 4032 1393 4075 senem
1404 4012 1507 4074 valde
1519 4016 1645 4081 iacun·

430 4098 510 4159 dum
534 4104 570 4159 et
591 4098 738 4171 hilarem,
765 4117 831 4159 non
855 4098 952 4159 modo
974 4099 1009 4158 in
1034 4098 1166 4177 priuata
1190 4096 1425 4158 consuetudine
1451 4097 1514 4158 sed
1542 4107 1581 4162 et
1608 4105 1645 4164 in

429 4180 561 4261 publica
575 4181 784 4261 professione.
822 4181 872 4242 De
886 4187 919 4242 te
934 4182 961 4241 is
975 4180 1073 4242 valde
1083 4186 1234 4242 amanter
1249 4180 1378 4259 rogauit
1387 4178 1644 4264 honorificeque

429 4264 559 4326 locutus
581 4270 649 4326 est:
680 4265 924 4345 propterquod
945 4265 1053 4344 ipsum
1066 4271 1110 4325 et
1130 4264 1233 4344 pluris
1254 4263 1340 4324 facio
1360 4268 1394 4323 et
1414 4280 1491 4322 amo
1516 4270 1642 4347 magis.

385 4360 417 4396 10
429 4345 461 4407 N
462 4366 515 4408 am
531 4349 650 4408 caeteri
664 4349 722 4426 qui
732 4348 784 4408 hic
795 4348 919 4426 aliquid
931 4349 1012 4409 scire
1024 4347 1151 4420 volunt,
1163 4367 1204 4408 ex
1215 4366 1254 4408 eo
1264 4347 1331 4407 fere
1342 4350 1480 4425 captant
1490 4346 1642 4424 gloriam

429 4430 518 4509 quod
546 4430 720 4491 Erasmum
753 4431 1051 4511 Transalpinosque
1083 4431 1215 4491 fortiter
1248 4434 1494 4507 contempnent,
1527 4449 1640 4495 vnum

429 4512 630 4575 admirantes
647 4513 844 4588 Ciceronem,
860 4533 979 4593 eosque
999 4514 1086 4575 solos
1105 4514 1201 4575 laude
1221 4513 1394 4592 dignantes
1414 4512 1472 4590 qui
1493 4513 1541 4574 ad
1564 4517 1640 4578 eius

429 4597 648 4658 imitationem
670 4599 815 4659 studiose
836 4617 871 4658 se
892 4603 1105 4677 componunt,
1127 4616 1202 4658 cum
1224 4595 1343 4676 quibus
1365 4596 1429 4656 iam
1441 4594 1639 4674 'aliquoties

430 4679 587 4741 velitatus
602 4700 684 4754 sum,
700 4681 758 4742 sed
771 4680 895 4760 absque
910 4681 1065 4742 conuitio.
1108 4680 1161 4741 Ad
1178 4680 1267 4760 quod
1285 4687 1396 4742 tamen
1416 4697 1467 4739 me
1487 4679 1638 4745 subinde

428 4806 430 4810 ’
524 4789 600 4841 2568.
617 4805 643 4851 9.
662 4796 692 4841 et
704 4791 798 4856 ipsum
809 4809 836 4854 γ.
908 4805 947 4842 12.
965 4790 1144 4842 admirantur
1155 4809 1181 4853 γ.
1253 4805 1292 4855 14.
1310 4787 1431 4840 subinde
1441 4803 1487 4838 me
1499 4807 1525 4851 γ.

462 4974 537 5026 2507.
557 4989 581 5025 2.
600 4975 721 5038 litteras]
733 4975 792 5026 Not
803 4980 914 5027 extant.
1086 4974 1161 5024 2568.
1182 4988 1204 5024 1.
1222 4973 1346 5036 litteras]
1357 4972 1416 5024 Not
1427 4977 1539 5024 extant.
