4042 5900
515 652 576 719 152
838 658 1037 721 LETTERS
1058 657 1114 721 ΟΕ·
1134 656 1339 722 ERASMUS
1614 663 1711 740 [1531

513 835 532 871 a
545 819 656 869 further
672 833 789 878 answer,
803 819 879 869 since
891 819 942 870 the
959 820 1056 885 points
1070 819 1161 870 which
1174 820 1199 870 it
1215 820 1299 870 takes
1316 835 1356 885 up
1373 820 1411 871 do
1427 824 1480 871 not
1494 834 1602 885 appear
1617 821 1648 871 in
1660 822 1711 872 tha

514 886 605 951 Epist.
624 885 706 949 Apol.
741 885 770 935 It
787 885 880 936 would
897 886 970 936 have
987 886 1060 937 been
1076 901 1154 937 more
1172 886 1287 937 natural
1303 886 1370 937 that
1392 902 1449 951 any
1466 887 1577 937 further
1599 903 1711 939 answer

513 952 615 1003 should
626 953 699 1002 have
710 951 782 1002 been
793 952 944 1017 appended
955 958 987 1003 to
997 953 1048 1003 the
1058 952 1211 1017 Responsio
1222 953 1259 1004 ad
1268 953 1351 1018 sratr.
1365 952 1452 1003 Genu.
1464 954 1528 1017 ins„
1541 954 1595 1005 but
1606 955 1637 1005 of
1651 955 1711 1005 this
1738 960 1740 963 ’

514 1019 570 1080 (for
586 1019 731 1069 whatever
746 1020 857 1080 reason)
874 1019 1010 1070 Erasmus
1027 1019 1178 1085 published
1193 1036 1232 1070 no
1245 1020 1350 1070 second
1362 1020 1479 1070 edition.
1514 1020 1570 1084 Ep.
1585 1023 1662 1083 2615,
1678 1023 1710 1071 in

513 1085 613 1144 which,
625 1085 738 1149 writing
748 1091 780 1135 to
788 1086 888 1144 Bucar,
898 1085 1034 1136 Erasmus
1043 1087 1159 1137 reviews
1167 1086 1212 1136 his
1219 1086 1353 1137 relations
1362 1087 1432 1136 with
1443 1086 1494 1137 the
1502 1087 1708 1149 Evangelicala

512 1151 1191 1204 makesnorefereneetothelettertoGrunnins.
1215 1152 1711 1219 ApartfromBueertheonlyother

513 1219 633 1270 obvious
644 1233 747 1284 person
757 1219 828 1269 with
839 1220 933 1269 whom
946 1225 978 1269 to
992 1219 1115 1284 identify
1126 1220 1271 1270 Grunnius
1284 1221 1309 1270 is
1323 1220 1447 1285 perhaps
1458 1220 1569 1285 Capito.
1616 1220 1709 1271 lond.

513 1285 557 1336 for
567 1285 712 1337 Grunnius
723 1286 753 1335 in
761 1286 810 1335 the
819 1286 941 1351 heading
949 1287 1027 1351 gives
1033 1286 1202 1337 lambertus
1209 1285 1362 1345 Grunnius,
1372 1287 1528 1352 supposing
1536 1287 1710 1353 apparently

512 1352 578 1402 that
589 1351 808 1402 Geldenhauer's
819 1353 970 1417 champion
981 1352 1127 1404 horrowed
1138 1353 1182 1403 his
1193 1353 1370 1418 pseudonym
1382 1352 1455 1403 from
1467 1353 1522 1418 Ep.
1534 1354 1606 1418 447.]

732 1476 886 1521 ERASMVS
900 1476 1150 1522 ROTERODAMVS
1164 1477 1321 1523 eamme
1335 1476 1398 1521 SVO
1413 1477 1440 1522 S.
1456 1477 1489 1522 D.

554 1566 643 1641 va
667 1570 724 1640 aia,
747 1570 983 1648 sapientissime
1008 1568 1158 1631 Grunnil
1184 1567 1344 1630 ‘Strinxit
1367 1567 1523 1630 Erasmus
1542 1568 1707 1631 calamum

512 1652 547 1711 in
568 1671 680 1712 omnes
705 1652 920 1731 Euangelioac
944 1654 1078 1732 pietatis
1099 1653 1314 1732 professores:
1344 1653 1379 1713 in
1408 1653 1577 1714 vniuersos
1605 1653 1708 1733 igitur

512 1732 731 1796 Christianos!
764 1733 959 1814 Quanquam
974 1755 1033 1796 neo
1044 1737 1078 1797 in
1094 1755 1153 1796 vos
1167 1736 1294 1809 strinxi,
1310 1735 1368 1797 sed
1382 1742 1533 1797 amanter
1548 1735 1707 1797 admonui

511 1836 553 1878 ne
567 1819 772 1897 quorundam
787 1819 971 1879 inconsulta
986 1821 1173 1880 temeritate
1189 1818 1250 1879 hoo
1264 1820 1396 1880 eueniat
1411 1819 1603 1881 ciuitatibus
1614 1819 1706 1897 quod

483 1903 623 1973 seuenit
646 1902 804 1981 agricolis.
847 1901 968 1963 Verum
996 1902 1095 1963 multi
1123 1907 1203 1963 aunt
1229 1902 1264 1961 in
1292 1907 1403 1963 vestra
1432 1902 1609 1963 sodalitate
1633 1909 1706 1963 tam

512 1985 650 2046 sinistris
664 1987 780 2046 animis
795 1989 833 2045 vt
847 1985 982 2046 fallendi
996 1987 1063 2047 sint
1078 1986 1105 2046 si
1119 1986 1192 2064 quis
1206 1986 1252 2046 eis
1267 1984 1350 2045 velit
1365 1985 1564 2047 benefacere.
1587 1984 1622 2047 Si
1632 1992 1706 2047 tam

512 2086 615 2129 essem
637 2068 775 2148 cupidus
800 2067 976 2130 vlciscendi
1001 2088 1101 2147 quam
1126 2088 1186 2130 vos
1208 2088 1277 2129 esse
1303 2067 1408 2141 video,
1432 2069 1598 2130 sentiretis
1623 2069 1706 2148 quid

511 2152 642 2231 possim.
680 2149 744 2212 Sed
765 2152 854 2230 quod
875 2151 1033 2213 hactenns
1054 2154 1114 2232 egi,
1130 2172 1196 2214 non
1217 2152 1363 2212 desinam
1388 2171 1493 2230 agere,
1508 2158 1548 2213 vt
1572 2153 1611 2227 (si
1634 2151 1706 2213 fieri

511 2235 627 2314 possit)
653 2235 696 2295 ad
719 2255 811 2296 arma
835 2255 902 2296 non
931 2238 1094 2309 veniatur,
1118 2235 1176 2297 sed
1204 2237 1375 2313 vtriuaque
1403 2236 1508 2315 partis
1536 2235 1704 2314 obsequio,

468 2342 499 2378 ιο
511 2317 609 2462 quoq:
615 2318 747 2397 quidem
762 2318 860 2380 liceat
874 2319 1029 2380 incolumi
1048 2321 1182 2399 pietate,
1198 2338 1275 2380 suaa
1294 2319 1532 2397 tranquillitati
1549 2319 1704 2380 restitua-

511 2406 568 2462 tur
611 2402 733 2463 eclesia.

553 2484 628 2546 Non
655 2486 834 2547 efferantur
862 2486 1045 2566 principum
1074 2486 1175 2546 animi
1203 2485 1323 2564 quibus
1347 2504 1539 2565 persuasum
1564 2491 1615 2546 ast
1643 2504 1704 2546 vos

510 2587 579 2629 esse
604 2568 778 2649 plusquam
800 2569 1114 2647 haereticosqunm
1135 2569 1284 2642 audiunt,
1307 2567 1419 2630 Nolite
1441 2568 1586 2630 occidere
1610 2569 1702 2630 inno·

511 2657 630 2726 centes,
656 2652 767 2714 Nolite
792 2652 949 2714 obsistere
970 2653 1172 2732 Euangeliol
1201 2650 1264 2713 Sed
1289 2652 1380 2725 nihil,
1402 2653 1519 2730 inquis,
1541 2652 1705 2713 deterruit

467 2757 497 2806 15
511 2733 624 2796 Mosen
649 2736 787 2809 Pharao,
813 2738 915 2814 magis
940 2755 978 2796 ao
1002 2737 1106 2815 magis
1130 2736 1258 2796 seuiens
1285 2737 1320 2795 in
1348 2735 1507 2814 populum
1536 2734 1606 2807 Dei,
1636 2754 1704 2813 quo

511 2820 620 2879 minus
634 2818 824 2897 loqueretur
839 2838 923 2897 quae
940 2824 1153 2899 praeceperat
1171 2819 1270 2879 Deus.
1315 2818 1451 2898 Ignosce
1468 2818 1558 2891 mihi,
1574 2817 1704 2879 Grunni

510 2902 707 2976 charissime,
729 2902 888 2964 hactenus
909 2922 978 2964 non
1000 2903 1123 2965 credidi
1144 2902 1333 2965 Vulturium
1358 2901 1502 2964 fabulari
1526 2921 1600 2963 cum
1621 2902 1702 2964 Deo.

511 2985 605 3060 Quod
620 2988 647 3046 si
662 2986 746 3047 Mosi
764 2987 980 3048 conferendus
994 2993 1054 3060 est,
1069 2987 1148 3047 edat
1166 2986 1334 3060 miracula,
1349 2992 1384 3047 et
1403 2986 1462 3047 has
1486 2984 1702 3058 calamitates,

511 3068 606 3143 bella,
622 3071 802 3149 penuriam,
818 3071 1041 3150 pestilentiam
1058 3072 1124 3130 suis
1140 3069 1290 3150 precibus
1304 3090 1325 3130 a
1339 3068 1434 3130 nobis
1449 3068 1603 3148 depellat.
1624 3068 1702 3130 Non

465 3174 498 3211 20
510 3171 571 3214 vos
585 3153 688 3232 pudet
703 3153 798 3214 istius
811 3154 1137 3233 magniloquentiae?
1158 3152 1267 3226 Quid?
1289 3151 1417 3232 Optant
1431 3152 1553 3213 fratres
1566 3157 1606 3212 vt
1620 3152 1702 3212 mihi

510 3235 682 3297 Vulturius
697 3238 830 3297 resistat
845 3237 1034 3299 infaciem?
1055 3237 1108 3297 An
1123 3237 1184 3298 hoc
1200 3243 1251 3296 est
1270 3238 1430 3308 resistere,
1449 3237 1590 3297 scurrari
1608 3236 1701 3297 scho-

509 3319 585 3380 liisl
606 3319 661 3380 Ita
676 3320 807 3381 demum
822 3320 959 3382 feliciter
974 3322 1113 3393 resistet,
1129 3322 1157 3380 si
1172 3338 1248 3381 suos
1263 3318 1391 3380 sodales
1406 3326 1539 3381 reuocet
1560 3319 1603 3379 ad
1616 3320 1700 3380 eius·

509 3402 599 3464 modi
626 3422 742 3476 mores,
772 3410 811 3463 vt
839 3404 920 3464 nihil
948 3423 1062 3465 eorum
1091 3422 1175 3481 quae
1203 3403 1269 3463 illio
1298 3403 1433 3482 deploro
1464 3409 1632 3482 competat
1665 3403 1702 3463 in

509 3505 696 3565 quenquam
720 3487 862 3548 illorum.
899 3487 999 3560 Nihil,
1017 3488 1136 3565 inquis,
1157 3485 1357 3547 moliendum
1379 3487 1449 3547 sine
1470 3486 1533 3546 Dei
1553 3485 1699 3548 oonsilio.

463 3590 495 3640 25
509 3569 605 3630 Itane
621 3570 744 3631 scholia
757 3570 815 3630 illa
830 3571 943 3631 diuino
964 3570 1079 3632 afflatu
1098 3570 1229 3650 prodita
1251 3575 1352 3632 sunt?

551 3652 622 3713 Iam
632 3673 675 3713 an
685 3653 758 3714 ideo
768 3655 844 3714 sitio
855 3655 1036 3733 pecuniam,
1046 3654 1135 3732 quod
1144 3655 1243 3714 homo
1252 3672 1351 3714 senex
1360 3672 1563 3732 quassaeque
1572 3651 1699 3713 valetu-

508 3736 595 3797 dinis
604 3736 741 3797 habeam
748 3756 814 3815 quo
820 3737 1003 3817 corpusculi
1009 3737 1260 3798 necessitatibus
1270 3741 1477 3798 succurram?
1491 3735 1560 3797 Neo
1566 3736 1699 3796 interim

508 3819 560 3881 vel
575 3825 667 3881 aetas
682 3820 735 3880 vel
749 3820 906 3882 valetudo
921 3840 941 3881 a
956 3840 1007 3881 me
1021 3821 1179 3900 impetrat
1193 3826 1232 3880 vt
1246 3821 1357 3880 vinam
1373 3821 1406 3879 in
1420 3820 1500 3892 ocio,
1513 3819 1571 3881 sed
1584 3818 1700 3880 laboro

507 3903 669 3976 manibus,
682 3923 723 3964 ne
734 3905 787 3964 cui
798 3904 859 3964 sim
870 3904 979 3983 grauis
989 3911 1024 3964 et
1036 3903 1174 3964 habeam
1186 3903 1273 3963 vnde
1288 3904 1408 3982 largiar
1422 3902 1547 3981 aliquid
1561 3903 1698 3963 necessi·

462 4007 496 4057 30
508 3993 612 4048 tatem
622 3988 780 4067 patienti;
803 4006 895 4047 secus
910 4006 1008 4065 quam
1024 3987 1121 4048 multi
1131 3987 1259 4047 faciunt
1269 4006 1310 4047 ex
1321 3993 1432 4047 vestro
1444 3985 1606 4047 sodalitio.
1635 3984 1700 4047 Sed

507 4070 620 4132 desino
631 4071 674 4132 ad
685 4075 761 4131 tuas
772 4072 906 4131 naenias
917 4070 1122 4150 respondere.
1165 4068 1253 4149 Opto
1265 4069 1358 4130 vobis
1369 4075 1513 4131 mentem
1525 4068 1698 4147 aliquanto

507 4154 678 4226 saniorem,
693 4160 754 4214 aut
768 4160 855 4215 certe
869 4153 1049 4233 Euangelio
1062 4153 1251 4232 digniorem.

548 4237 698 4317 Friburgi
715 4238 768 4298 iii.
783 4236 869 4299 Non.
882 4237 1028 4298 Martias.
1044 4252 1214 4298 mnam.

539 4436 564 4486 5.
581 4422 719 4489 agricolis]
730 4423 781 4473 the
794 4423 934 4473 reference
946 4422 970 4472 is
983 4428 1015 4472 to
1026 4422 1076 4473 the
1161 4434 1201 4484 17.
1218 4419 1395 4482 Vulturium]
1418 4418 1629 4470 Geldenhauer:
1652 4433 1699 4469 see

505 4489 652 4542 Peasants’
688 4489 809 4548 Revolt3
843 4505 889 4539 see
923 4489 1014 4552 lllpe’at.
1052 4504 1075 4539 c.
1126 4486 1698 4553 Epp.2219.11n,2238.3n,2358.13-

505 4555 1077 4621 Paaaaaaa.,1.a.x.1577c‚aesp.ac
1128 4568 1188 4619 14n.
1351 4550 1361 4563 '

500 4624 583 4689 fratr.
596 4623 682 4675 Gom.
695 4623 759 4688 ins,
771 4623 828 4674 LB.
841 4638 869 4672 x.
884 4625 976 4686 roo3s.
1159 4635 1234 4672 21-2.
1252 4619 1374 4681 scholiis]
1394 4617 1538 4669 Erasmus*
1559 4618 1650 4682 Epist.
1673 4633 1696 4669 c.

540 4705 580 4742 12.
592 4690 658 4742 Non
666 4690 837 4742 efferantur.
851 4725 858 4738 .
873 4726 879 4738 .
894 4703 933 4753 13.
946 4689 1075 4754 Euange·
1128 4687 1325 4751 Pacudeaanp,
1346 4687 1477 4751 together
1492 4685 1563 4736 with
1582 4684 1699 4735 Bucer's

504 4756 553 4820 lio]
576 4758 618 4809 cf.
641 4758 732 4823 Epist.
758 4773 780 4808 c.
803 4756 999 4819 Peeudcuonp„
1018 4756 1075 4807 LB.
1127 4751 1697 4819 lipict.Apol.,wasreprintedbyGelden·

504 4841 533 4875 x.
564 4837 655 4887 15750.
701 4824 837 4875 Erasmus
865 4839 955 4873 seems
982 4830 1014 4873 to
1040 4823 1076 4873 be
1126 4819 1699 4885 haueratStrasburg‘cumscholiis,hoo

503 4892 719 4957 paraphrasing,
729 4898 781 4943 not
789 4892 909 4957 quoting
919 4890 969 4940 the
981 4889 1076 4940 actual
1125 4893 1170 4939 est
1192 4888 1355 4938 scurrilibus
1371 4885 1518 4937 conuiciis·
1537 4885 1697 4951 (Ep.2321.

504 4973 548 5009 wo
1126 4956 1213 5017 25·⁶)·
1248 4954 1289 5005 cf.
1302 4955 1378 5019 Epp.
1391 4955 1456 5017 2238
1468 4951 1583 5012 introd,
1595 4965 1671 5016 2293.
