4042 5900
289 675 385 754 2615]
678 676 734 740 ΤΟ
756 677 931 740 MARTIN
953 675 1101 740 BUCER
1420 675 1482 737 453

289 854 424 896 suasum
448 841 534 896 esset
561 837 682 915 (sepius
706 837 793 897 enim
822 836 884 898 hcc
913 837 994 898 mihi
1019 835 1241 912 clamandum)
1266 854 1337 896 esse
1361 832 1483 896 Christi

231 948 233 958 >
289 920 459 997 negocium
484 918 573 998 quod
595 920 702 999 agitis,
724 926 759 981 et
779 939 801 981 a
822 921 916 982 vobis
938 939 978 981 ea
1003 920 1204 999 synceritate
1225 919 1292 998 geri
1317 936 1418 998 quam
1443 923 1482 979 tu
1495 938 1544 989 315

231 1033 234 1072 ι
289 1003 388 1063 toties
417 1003 564 1063 omnium
592 1003 723 1064 nomine
751 1002 923 1065 confirmas
951 1022 990 1064 ac
1019 1002 1154 1076 deieras,
1179 1021 1246 1063 non
1272 1005 1481 1081 expectarem

288 1085 436 1146 triduum
456 1086 537 1164 quin
551 1086 585 1145 iu
600 1090 710 1146 vestra
724 1092 833 1147 castra
852 1086 1070 1148 concederem.
1114 1084 1199 1159 Quid
1217 1086 1305 1147 enim
1321 1090 1374 1145 est
1392 1084 1481 1163 quod

289 1187 341 1229 me
365 1169 409 1229 ab
431 1187 470 1229 eo
488 1169 656 1248 proposito
681 1169 867 1231 deterreat?
909 1170 985 1231 Vixi
1010 1169 1087 1230 diu:
1120 1168 1210 1248 quod
1230 1173 1388 1248 superest,
1410 1187 1481 1248 per-

288 1253 396 1331 petuis
423 1252 684 1330 egrotationibus
711 1252 900 1327 obnoxium,
928 1272 994 1314 non
1018 1258 1070 1313 est
1092 1253 1164 1313 vita
1188 1251 1245 1313 sed
1267 1251 1358 1312 lenta
1382 1269 1480 1312 mors.

287 1334 356 1396 Nec
381 1335 424 1396 ad
451 1334 648 1415 dignitatem
677 1355 736 1397 nec
760 1336 804 1397 ad
829 1335 930 1397 vllam
954 1335 1158 1415 magnificam
1182 1335 1385 1396 functionem
1408 1353 1481 1395 sum
1494 1357 1545 1406 320

287 1418 433 1479 idoneus.
476 1418 671 1498 Voluptates
691 1439 742 1480 me
763 1420 829 1480 iam
846 1419 923 1481 olim
942 1419 1165 1492 deseruerunt,
1183 1417 1307 1497 siquid
1324 1417 1480 1479 talecon·

287 1501 626 1663 tlttfftuffiil
641 1499 1481 1683 rtqttmlffflt‘tlttsttltltss

287 1668 372 1728 Eam
392 1666 466 1747 plus
486 1669 566 1729 satis
589 1675 760 1730 oneratam
781 1668 978 1731 intolerabili
1003 1670 1130 1729 sarcina
1150 1686 1333 1747 grauarem‚
1355 1668 1383 1727 si
1406 1686 1480 1746 pro·

286 1750 397 1812 literar
411 1750 500 1829 quod
514 1770 574 1812 vos
588 1752 795 1831 profitemini.
839 1753 952 1814 Iam
926 1772 954 1813 αι
969 1753 1078 1813 minus
1094 1751 1305 1812 abhorrerem
1324 1770 1345 1811 α
1363 1750 1481 1812 vestris
1494 1771 1543 1823 325

286 1833 507 1913 dogmatibus,
532 1840 583 1895 est
610 1836 700 1896 aliud
725 1836 814 1915 quod
837 1836 1017 1897 deterreret
1039 1855 1060 1896 α
1082 1834 1193 1896 dando
1217 1836 1357 1896 nomine
1400 1833 1481 1895 Mihi

287 1917 386 1977 semel
414 1919 575 1997 asscripto
603 1919 638 1979 in
663 1924 809 1979 vestram
835 1919 987 1980 militiam
1012 1937 1182 1997 nunquam
1206 1923 1293 1979 esset
1317 1919 1480 1997 integrum

286 2000 605 2063 avobisdesciscere.
642 2001 807 2063 Nrmrrum
818 2002 932 2064 obstat
941 2002 1041 2075 fama,
1053 2021 1120 2081 qua
1130 2002 1299 2080 degrauor.
1335 2000 1480 2080 Atapud

286 2102 346 2144 vos
360 2084 498 2145 subinde
511 2086 676 2164 prodeunt
690 2105 777 2148 noua
790 2085 966 2165 dogmata;
984 2085 1104 2164 quibus
1119 2084 1217 2146 velim
1228 2084 1329 2145 nolim
1339 2082 1479 2145 subscri-

286 2166 430 2228 bendum
443 2176 540 2241 esset,
555 2170 583 2229 si
597 2168 698 2230 semel
712 2168 873 2230 dedissem
888 2187 1017 2230 nomen.
1054 2168 1196 2229 Luterus
1210 2166 1297 2228 vnde
1308 2185 1401 2228 orsus
1414 2186 1480 2246 quo
1493 2188 1544 2239 33ο

285 2269 476 2330 progressus
497 2257 572 2313 est?
615 2252 681 2314 Vos
699 2258 862 2331 quantum
882 2251 969 2313 illius
988 2251 1198 2331 dogmatibus
1218 2250 1406 2312 adiecistis?
1435 2250 1481 2311 Et

285 2340 482 2412 premuntur
495 2335 603 2396 adhuc
618 2335 759 2414 quedam
774 2355 838 2414 que
857 2335 1062 2397 meditantur
1081 2337 1115 2396 in
1134 2335 1240 2396 lucem
1259 2352 1393 2413 prorum
1436 2354 1478 2395 re.

286 2414 356 2478 Scis
373 2417 453 2496 quid
471 2417 587 2479 libellis
606 2438 707 2480 manu
726 2420 857 2498 scriptis
873 2424 987 2480 actum
1003 2420 1049 2480 sit
1065 2420 1151 2480 inter
1170 2418 1311 2479 Marium
1330 2423 1365 2478 et
1446 2436 1479 2478 o·

283 2498 497 2579 lampadium,
525 2507 561 2562 et
583 2508 747 2580 quantum
775 2501 1047 2581 Oecolampadius
1074 2501 1177 2563 distet
1204 2521 1226 2561 a
1249 2500 1422 2562 Iouiniano
1445 2506 1480 2561 et

286 2583 523 2662 Anabaptistis.
567 2584 680 2664 Nuper
707 2584 837 2647 libellus
861 2585 903 2646 de
928 2586 1036 2647 tribus
1063 2585 1210 2665 personis
1238 2584 1359 2645 dicitur
1383 2583 1480 2645 isthic
1492 2603 1542 2655 ³35

285 2686 435 2740 excusus,
453 2667 552 2745 idque
569 2687 627 2747 per
648 2669 760 2729 omnia
780 2669 987 2748 approbante
1008 2667 1177 2748 Capitone.
1222 2667 1359 2728 Addunt
1380 2665 1478 2728 Oeco-

286 2749 488 2829 lampadium
504 2753 737 2830 permissurum
756 2752 856 2813 luisse
870 2758 910 2813 vt
927 2752 1034 2813 denuo
1049 2751 1196 2813 Basileae
1210 2750 1436 2824 excuderetur,
1451 2751 1479 2810 si

286 2852 392 2912 pauca
420 2833 562 2913 quedam
590 2836 749 2915 corrigere
775 2835 942 2897 voluisset.
986 2835 1082 2896 Dices
1110 2834 1227 2896 audita
1254 2853 1388 2895 narrare
1416 2852 1477 2895 me.

286 2916 415 2991 Fateor,
431 2917 488 2980 sed
503 2917 620 2979 audita
634 2924 707 2980 tum
721 2938 742 2980 a
757 2918 958 2981 vestratibus
970 2924 1043 2981 tum
1058 2918 1101 2980 ab
1116 2918 1167 2980 his
1181 2936 1264 2998 quos
1276 2935 1335 2979 vos
1349 2935 1479 2997 quoque

286 3000 407 3061 ducitis
421 3002 548 3081 optima
561 3000 625 3062 fide
639 3002 786 3082 preditos
799 3022 878 3064 esse.
913 3002 1059 3076 Licebat,
1074 3003 1192 3082 inquis,
1207 3001 1280 3062 aliis
1294 3007 1328 3063 te
1343 3001 1478 3062 rationi·
1491 3023 1543 3073 34ο

286 3083 348 3145 bus
362 3084 505 3145 alienum
520 3105 541 3145 a
556 3092 670 3146 nostra
684 3086 826 3148 factione
841 3085 1014 3148 declarare.
1048 3086 1122 3147 Imo
1135 3085 1295 3146 hactenus
1308 3104 1368 3146 nec
1382 3083 1479 3146 vobis

286 3167 465 3247 persuadeo
485 3186 544 3229 nec
566 3170 655 3248 parti
676 3170 834 3233 diuersae.
877 3168 941 3230 Sed
958 3170 1091 3230 interim
1113 3168 1196 3230 falso
1218 3167 1405 3229 subindicas
1426 3187 1478 3228 me

286 3270 351 3311 non
377 3250 419 3311 ob
444 3250 534 3312 aliud
560 3252 745 3332 improbare
770 3259 881 3314 vestra
903 3253 966 3314 nisi
991 3259 1030 3314 vt
1056 3272 1107 3313 me
1132 3251 1295 3313 declarem
1323 3270 1344 3311 a
1369 3255 1479 3311 vestra

285 3334 428 3395 factione
443 3333 596 3398 alienum.
639 3336 753 3416 Adigit
768 3337 832 3398 huc
847 3356 899 3397 me
914 3337 1014 3398 timor
1028 3334 1212 3398 Gehennae

327 3416 390 3478 Hic
405 3417 557 3479 videlicet
570 3419 697 3481 accedis
710 3420 754 3481 ad
767 3419 942 3500 epistolam
956 3419 1108 3499 Capitoni
1124 3419 1290 3499 scriptam,
1305 3416 1389 3478 sed'
1379 3436 1412 3477 m
1433 3423 1477 3479 te.
1492 3437 1541 3489 345

284 3501 367 3561 Eam
383 3502 598 3581 suspitionem
612 3508 652 3563 vt
665 3504 867 3583 conciperem
881 3502 1032 3583 apologia
1047 3508 1108 3563 tua
1126 3501 1217 3563 fuit
1208 3521 1243 3562 ιιι
1259 3520 1367 3562 causa.
1410 3499 1478 3561 Neo

285 3590 397 3645 tamen
411 3584 603 3664 suspicabar
617 3585 738 3646 librum
751 3585 863 3648 abste
881 3588 1041 3666 scriptum
1058 3585 1115 3647 sed
1134 3591 1169 3647 te
1188 3585 1321 3646 fauente
1340 3584 1477 3646 editum.

284 3667 418 3729 Librum
436 3668 582 3729 nondum
602 3669 759 3742 videram,
773 3669 831 3731 sed
846 3688 916 3730 esse
935 3668 1215 3730 seditiosissimum
1232 3667 1376 3747 mihique
1395 3668 1477 3746 peri·

284 3750 431 3812 culosum
459 3751 580 3812 litteris
615 3754 681 3813 suis
709 3752 907 3832 significarat
939 3749 1010 3813 Car
1042 3752 1261 3814 Tridentinus.
1316 3751 1361 3812 At
1389 3750 1479 3829 quod

283 3833 434 3915 Capitoni
449 3835 572 3915 scripsi,
588 3853 703 3897 nocere
721 3835 808 3897 fame
827 3841 905 3897 tuae
925 3854 992 3896 non
1011 3837 1131 3916 potuit
1175 3835 1236 3896 Est
1255 3835 1340 3896 alter
1356 3839 1405 3895 tu.
1448 3832 1478 3895 A
1490 3854 1541 3906 35⁰

282 3923 399 3978 senatu
417 3919 495 3997 petii
509 3918 606 3979 huius
619 3919 737 3980 erroris
752 3919 892 3992 veniam,
906 3925 941 3980 et
955 3938 1042 3980 nunc
1054 3920 1133 3980 item
1144 3918 1204 3979 abs
1215 3924 1249 3980 te
1259 3924 1346 3998 peto.
1380 3915 1478 3978 Senes

282 4000 363 4061 mihi
377 4019 443 4062 non
454 4007 523 4062 tam
534 4002 634 4062 etatis
646 4003 731 4064 vicio
739 4001 894 4063 videntur
904 4003 1072 4082 suspitiosi
1086 4021 1186 4080 quam
1197 4000 1305 4063 multa
1315 4000 1477 4062 malorum

281 4085 493 4164 experientia,
509 4104 573 4163 que
587 4105 757 4165 nunquam
774 4085 980 4147 crediderant
993 4091 1163 4146 euentura.
1207 4084 1262 4145 Ita
1278 4084 1318 4145 lit
1332 4089 1382 4157 vt,
1397 4083 1476 4144 dum

281 4173 405 4248 putant
427 4166 488 4228 sub
513 4170 602 4230 omni
623 4168 732 4266 lapide
757 4168 898 4231 dormire
924 4170 1098 4249 scorpium,
1119 4167 1280 4229 fallantur
1300 4165 1476 4228 interdum

282 4250 379 4312 Hunc
394 4251 584 4331 scrupulum
599 4253 776 4315 iniecerant
789 4253 869 4314 mihi
885 4252 1016 4315 litterae
1029 4251 1221 4326 Cardinalis,
1236 4252 1293 4330 qui
1307 4269 1373 4312 uon
1393 4248 1478 4310 solet
1491 4269 1540 4321 3⁵5

280 4335 457 4413 quicquam
471 4340 592 4397 temere
605 4335 753 4398 scribere

483 4457 541 4507 352.
560 4445 706 4511 suspitiosi
718 4446 875 4511 scripsitP.
887 4445 918 4497 S.
931 4446 1029 4496 Alica:
1047 4445 1199 4512 suspitioni
1210 4443 1274 4494 MS.

315 4591 373 4642 333.
382 4577 854 4656 libellis1'l'hereterenceprobebly
903 4579 1014 4644 though
1029 4578 1165 4631 Erasmus
1178 4595 1233 4645 sup
1333 4581 1384 4631 the
1401 4577 1477 4630 book

280 4645 305 4696 is
320 4650 352 4695 to
369 4646 420 4695 the
433 4646 548 4695 written
565 4650 738 4695 statementa
754 4644 852 4706 (atter-
903 4652 935 4696 to
952 4646 1026 4696 have
1042 4646 1115 4697 been
1132 4647 1197 4712 prin
1265 4652 1297 4697 at
1313 4646 1476 4708 strasburg,

279 4712 373 4762 wards
391 4711 554 4777 pubhshed)
594 4711 725 4762 resented
748 4717 780 4762 to
802 4712 853 4763 the
902 4713 953 4763 the
975 4713 1086 4777 printar
1108 4714 1160 4764 has
1182 4714 1254 4764 been
1277 4712 1424 4765 identified
1444 4725 1478 4764 aa

279 4778 363 4828 Baelo
380 4778 495 4830 Council
512 4779 551 4844 by
640 4794 674 4829 us
690 4778 749 4829 and
766 4777 851 4829 Oeco-
902 4778 1029 4830 Sacer-ius
1039 4779 1097 4830 and
1108 4780 1158 4831 the
1168 4780 1249 4845 place
1259 4779 1290 4831 ol
1306 4781 1477 4846 printingae

278 4844 470 4910 lampadius
462 4862 492 4896 m
518 4859 597 4910 1527;
625 4861 673 4896 see
695 4845 851 4896 OeaBe‘bl.
902 4845 1475 4912 Hagenau.1twasrepnntedsl.1532

278 4928 330 4977 pp.
343 4926 384 4975 70,
397 4926 439 4975 71,
451 4927 511 4963 220.
935 4913 1127 4977 347.librum]
1139 4913 1430 4965 Franck‘sCtrcm‘oc.

313 4992 371 5041 335
389 4978 511 5041 libellus]
531 4979 674 5030 Servetus'
694 4979 736 5030 De
757 4977 851 5030 l'rim'·
935 4979 1475 5044 349.litteris]Notextant:1immus

277 5046 345 5096 tatia
359 5046 496 5097 moritus
510 5045 575 5096 libri
588 5053 698 5111 reptem,
713 5045 755 5097 sl.
770 5058 850 5110 1531:
901 5046 1030 5098 received
1039 5048 1108 5099 iton
1118 5061 1150 5112 ι4
1160 5046 1228 5098 Dec.
1239 5060 1302 5111 ¹531
1311 5047 1474 5114 (Epasty).
