4042 5900
429 655 494 715 444
778 651 1297 719 narrassorssasuus
1567 658 1629 735 [1532

430 812 598 877 inscription
613 813 642 863 in
655 812 914 864 Widmanstetter’s
928 813 1106 879 autograph=
1124 814 1194 880 ‘qui
1204 814 1282 865 olim
1300 815 1346 865 ab
1358 816 1472 867 amicis
1488 831 1540 881 440
1553 816 1630 867 Vidua

430 880 524 931 stadio
536 878 689 930 Oesiander
701 879 742 930 1441
755 880 949 945 (appellatus)
957 881 975 930 ¹.

464 946 629 1011 Alphcnsus
641 946 802 1011 Henriquea
814 946 909 1009 (†Jan.
925 948 1000 1012 4577)
1012 962 1070 998 4444
1081 946 1111 997 01
1122 963 1140 997 4
1151 947 1239 998 noble
1256 947 1404 1014 Spanish
1421 949 1508 1001 1444411
1529 952 1631 1016 ,napta

430 1012 521 1063 014144
536 1012 655 1062 admiral
670 1012 701 1063 01
717 1012 877 1071 04441141).
891 1013 1032 1079 Fadrique
1048 1014 1199 1078 Enriquea,
1220 1020 1254 1065 to
1272 1016 1384 1066 44140444
1399 1017 1443 1067 144
1522 1018 1528 1027 ’
1606 1018 1632 1066 14

431 1079 478 1130 Aa
489 1095 630 1130 commane
641 1080 679 1130 ait
692 1080 837 1130 intellectui
848 1080 957 1140 diuino,
970 1081 1091 1144 nepetino
1102 1088 1126 1130 a
1137 1082 1266 1131 hamone
1284 1084 1399 1133 04444410
1410 1084 1565 1148 insciliam
1572 1099 1632 1149 4444

431 1145 537 1204 Α10414,
556 1147 590 1196 Α.
602 1145 636 1196 G.
649 1146 685 1196 de
701 1146 815 1206 Brocar,
835 1160 908 1210 1523,
923 1162 941 1197 a
957 1146 1138 1212 disputation
1155 1146 1202 1197 104
1219 1148 1276 1198 4144
1295 1148 1416 1214 degree
1435 1151 1472 1201 oi
1489 1151 1632 1201 bachelcr‘a

431 1212 573 1277 theology.
609 1212 644 1262 ln
659 1216 724 1276 1526
735 1213 770 1263 he
781 1214 881 1263 400144
892 1214 991 1278 higher
1005 1213 1106 1279 degree
1121 1215 1151 1264 in
1166 1214 1326 1279 theology,
1340 1216 1412 1268 also
1428 1224 1466 1268 at
1478 1218 1581 1268 Alcala
1605 1217 1633 1267 114

430 1294 489 1329 was
500 1279 540 1344 by
551 1279 609 1329 this
623 1280 692 1329 time
706 1279 795 1329 abbnt
808 1280 839 1329 oi
855 1279 1024 1339 Valladolid,
1036 1295 1054 1330 a
1069 1280 1133 1331 title
1148 1281 1235 1345 given
1251 1288 1289 1331 to
1310 1283 1370 1334 the
1384 1284 1558 1336 chancellcr
1566 1284 1592 1335 cl
1602 1286 1633 1334 414

430 1347 589 1410 university
605 1346 695 1396 414444.
729 1347 765 1396 In
783 1347 848 1396 that
865 1348 996 1411 capacity
1016 1348 1052 1396 he
1071 1362 1130 1397 4444
1150 1362 1168 1397 a
1186 1348 1330 1399 member
1351 1349 1388 1400 01
1408 1352 1468 1403 4144
1486 1353 1634 1402 commi-³1«

430 1413 588 1477 appointed
604 1413 643 1477 by
655 1413 801 1477 Maurique
812 1413 903 1463 which
915 1420 961 1464 sat
971 1419 1004 1464 at
1020 1413 1179 1464 Valladolid
1190 1415 1222 1463 in
1236 1426 1309 1479 1527
1323 1421 1361 1466 40
1375 1432 1556 1481 pronounce
1564 1418 1634 1469 044414

430 1479 573 1529 orthodcx
588 1481 733 1529 character
746 1479 776 1529 01
789 1480 934 1530 Erasmus’
950 1481 1053 1539 works,
1066 1495 1112 1530 444
1128 1480 1183 1545 Ep.
1197 1493 1262 1544 1791
1281 1482 1407 1534 introd.
1449 1485 1490 1535 In
1505 1484 1635 1537 11441444

430 1545 572 1602 Arabicas,
590 1547 628 1605 vi,
649 1560 722 1607 1902,
740 1562 790 1611 pp.
809 1548 884 1605 64-8,
904 1547 949 1596 1414
969 1562 1053 1597 name
1074 1562 1197 1611 appears
1217 1549 1340 1599 several
1361 1551 1461 1602 times
1487 1568 1589 1617 among
1603 1551 1635 1601 4144

430 1614 597 1677 signatories
610 1619 642 1662 40
657 1613 707 1662 4144
722 1612 891 1663 resolutioris
902 1613 932 1663 01
946 1615 996 1665 4144
1009 1614 1202 1663 commission:
1222 1629 1261 1664 on
1274 1630 1310 1679 p.
1324 1618 1365 1666 68
1378 1618 1420 1669 144
1438 1620 1467 1669 is
1480 1618 1579 1678 found,
1589 1619 1635 1668 v'al

431 1679 548 1729 Alionso
559 1679 595 1729 dc
605 1679 714 1736 Virves‚
721 1679 874 1745 delending
885 1695 903 1730 a
914 1681 1092 1746 proposition
1103 1680 1133 1731 01
1143 1681 1293 1731 Erasmus.
1335 1683 1378 1734 In
1394 1699 1506 1750 1531—2
1518 1688 1554 1737 144
1563 1686 1636 1735 mii

430 1746 531 1803 Rome,
549 1746 664 1811 Naples‚
682 1745 740 1795 and
758 1746 850 1811 Sicily.
885 1747 921 1796 In
940 1748 1004 1812 1548
1022 1747 1058 1796 144
1075 1748 1240 1812 attempted
1257 1749 1372 1815 vainly
1390 1767 1428 1802 aa
1447 1753 1636 1803 014440411044

430 1813 567 1863 4440404014
578 1828 616 1862 on
628 1814 677 1863 4144
691 1813 869 1876 jurisdiction
880 1813 910 1863 01
924 1814 973 1864 4144
985 1819 1078 1864 444404
1090 1813 1121 1864 01
1132 1813 1295 1864 Valladolid
1314 1818 1509 1885 university.
1544 1820 1578 1869 In
1592 1831 1636 1880 4554

430 1895 468 1929 an
485 1894 662 1944 anonymous
679 1880 833 1930 translator
850 1880 965 1945 printed
981 1886 1014 1931 44
1029 1881 1165 1945 4144444444
1182 1896 1201 1931 4
1212 1881 1404 1935 translation
1423 1885 1460 1937 01
1479 1884 1636 1937 Helicdcru'

431 1945 558 1996 Historia
575 1947 711 2009 ethiopica
727 1946 802 1996 alter
818 1947 868 1997 the
886 1947 995 1997 French
1009 1946 1040 1997 01
1057 1948 1174 2012 Amyct,
1189 1947 1368 2015 dedicating
1386 1952 1414 2002 it
1429 1959 1468 2004 4ο
1486 1954 1637 2018 flentque

432 2013 530 2063 About
544 2016 607 2074 4565
622 2014 657 2062 144
672 2028 794 2077 appears
808 2014 838 2063 in
853 2014 978 2063 4114401
995 2028 1114 2078 persons
1129 2014 1310 2079 imprisoned
1331 2017 1377 2082 by
1394 2020 1453 2071 the
1474 2020 1637 2086 Inqu‘uitics

431 2079 491 2129 The
512 2080 587 2129 book
604 2079 677 2128 140444
694 2080 785 2129 which
802 2080 861 2130 thia
879 2080 966 2130 144444
982 2095 1077 2130 comes
1093 2095 1151 2129 was
1172 2087 1227 2145 put
1244 2096 1331 2145 upon
1352 2085 1410 2136 the
1431 2087 1535 2138 Index
1554 2088 1590 2152 by
1603 2086 1637 2136 444

431 2146 546 2197 Council
565 2146 596 2196 01
613 2147 710 2196 Trent.
745 2146 796 2195 We
813 2162 873 2196 owe
890 2153 965 2198 444044
981 2146 1012 2197 01
1029 2162 1082 2198 our
1099 2147 1284 2198 information
1304 2150 1411 2203 about
1434 2154 1602 2220 Henriqnaa
1616 2158 1638 2202 44

374 2236 378 2242 ’
431 2213 576 2264 Professor
587 2213 689 2263 Marcel
701 2212 866 2275 8444111044]

523 2346 544 2389 1.
568 2344 753 2389 tveasmvs
774 2345 968 2389 ossmmmt
989 2346 1022 2391 D.
1046 2345 1180 2391 sessim
1201 2345 1454 2396 semitonium
1480 2353 1510 2398 S.
1532 2354 1566 2399 Ι).

473 2436 570 2510 Qvon
585 2442 661 2515 4044
680 2456 789 2496 meum
808 2456 826 2497 e
845 2437 995 2498 Taurinis
1013 2437 1190 2499 discessm
1207 2438 1251 2498 ad
1271 2445 1306 2500 te
1324 2442 1488 2505 scribere
1509 2445 1638 2507 intermi-

431 2521 538 2593 serim,
560 2520 694 2580 Erasme
714 2520 908 2593 doctissime,
930 2522 965 2580 in
983 2520 1190 2601 deprecanda
1212 2521 1311 2602 culpa
1335 2542 1412 2586 non
1435 2528 1640 2591 vehementer

431 2603 554 2675 laboro,
577 2622 676 2682 quam
697 2605 731 2664 in
753 2603 848 2664 huius
869 2605 1026 2683 temporis
1049 2605 1256 2683 iniquitatem
1275 2607 1398 2685 potius
1419 2628 1534 2688 quam
1553 2614 1586 2673 in
1602 2629 1640 2671 nc

431 2686 574 2747 arbitror
595 2686 733 2747 conferri
750 2686 876 2748 debere.
920 2687 1010 2748 Nihil
1029 2688 1116 2749 enim
1135 2694 1207 2748 erat
1228 2689 1384 2751 omnium
1408 2712 1507 2771 quaa
1527 2695 1641 2776 44441104

402 2771 651 2850 §priuatimque
676 2770 868 2848 agebantur,
891 2770 980 2849 quod
1001 2776 1037 2831 44
1058 2790 1253 2851 magnopere
1273 2771 1453 2837 delectare
1479 2781 1641 2858 potuim,

431 2872 506 2914 cum
521 2853 563 2913 ob
579 2854 751 2914 continuos
770 2853 929 2915 bellorum
944 2860 1056 2915 motus
1076 2856 1109 2914 in
1132 2855 1232 2915 ltalia
1246 2860 1280 2915 44
1298 2858 1397 2934 44014
1413 2879 1512 2938 quae
1530 2863 1591 2924 1404
1605 2880 1641 2923 st·

431 2942 537 3017 quuta
545 2943 597 2998 est
605 2957 694 3016 spem
702 2936 974 3011 dubiam,tumob
983 2958 1107 2999 nouum
1117 2943 1328 2999 externorum
1337 2938 1507 3006 hostium
1516 2955 1642 3017 metum,
1680 2941 1681 2945 ’

431 3040 527 3099 quem
548 3021 642 3081 nobis
662 3020 841 3082 multorum
860 3040 1024 3083 sermones
1044 3029 1080 3082 44
1101 3021 1214 3083 literae
1236 3042 1321 3101 quae
1341 3042 1389 3084 ex
1414 3026 1573 3092 Thracia
1591 3031 1643 3092 hnc

431 3104 614 3164 afferuntur
642 3104 847 3166 confirmant.
891 3104 1017 3178 Quibus
1042 3105 1193 3166 omnibus
1217 3105 1343 3167 iactum
1371 3117 1431 3170 est
1458 3119 1506 3173 vt
1533 3114 1643 3175 nemini

387 3187 498 3248 rotare
520 3187 661 3247 iucunda
681 3187 792 3259 fuerit,
807 3194 842 3248 et
862 3208 903 3249 ne
925 3189 986 3249 hoc
1008 3188 1140 3266 quidem
1163 3194 1310 3268 tempore
1332 3191 1391 3264 414,
1413 3211 1565 3258 suorum
1586 3205 1642 3258 stu·

431 3271 561 3331 diorum
575 3272 741 3331 tractatio.
778 3271 875 3332 Nunc
890 3291 968 3332 vero
978 3273 1105 3350 gaudeo
1116 3271 1262 3333 oblatam
1277 3272 1359 3333 mihi
1371 3275 1422 3336 ad
1434 3283 1472 3339 te
1485 3281 1644 3342 scribendi

431 3355 633 3415 occasionem
648 3354 901 3431 pulcherrimam
916 3356 1041 3434 tibique
1056 3356 1321 3416 iucundissimam
1335 3355 1515 3436 futuram,
1533 3366 1570 3425 in
1589 3383 1645 3443 qua

431 3445 466 3498 et
481 3438 548 3517 ipse
563 3439 694 3511 sentias,
704 3444 739 3498 et
753 3437 869 3517 reliqui
884 3458 1005 3513 omnes,
1018 3458 1070 3499 me
1079 3440 1176 3500 officii
1190 3440 1263 3511 mei,
1278 3444 1317 3499 44
1331 3438 1451 3517 debui,
1465 3450 1645 3510 rectissime

431 3540 623 3581 memimsse.

387 3621 418 3670 15
473 3604 670 3665 Existimaui
695 3605 782 3665 enim
804 3624 856 3665 me
881 3605 943 3665 tibi
964 3625 1033 3666 rem
1055 3605 1149 3685 longe
1169 3606 1395 3685 gratissimam
1420 3609 1605 3676 facturum
1624 3615 1646 3675 si

431 3686 556 3765 aliquid
581 3688 622 3748 de
646 3686 817 3767 Alphonso
838 3687 1033 3767 Henriquez,
1056 3691 1111 3768 qui
1133 3709 1184 3749 me
1207 3688 1249 3749 ob
1271 3689 1468 3754 studiorum
1492 3700 1645 3759 similitu·

432 3771 542 3831 dinem
560 3770 743 3831 incredibili
763 3771 990 3832 beneuolentia
1008 3779 1061 3832 est
1080 3777 1309 3851 prosequutus,
1324 3773 1369 3832 ad
1389 3780 1429 3836 44
1451 3777 1647 3843 breuissime

431 3854 671 3933 perscriberem,
697 3859 737 3913 44
762 3874 819 3933 per
843 3855 903 3914 has
929 3854 1041 3915 literas
1066 3854 1258 3915 familiarius
1284 3874 1508 3935 cognosceres
1542 3885 1647 3926 rarum

432 3948 564 3998 tuarum
580 3937 785 3998 laudatorem
799 3938 1075 3998 studiosissimum
1090 3946 1125 3998 et
1140 3937 1277 3998 laudum
1292 3944 1433 4001 tuarum
1456 3949 1648 4010 maximum

386 4038 418 4074 20
432 4020 604 4093 fautorem,
620 4019 878 4099 intelligeresque
892 4041 968 4082 eum
982 4040 1049 4081 non
1063 4021 1170 4082 solum
1185 4022 1313 4101 ingenio
1330 4027 1366 4082 et
1386 4022 1568 4106 doctrina,
1583 4034 1649 4112 qui.

432 4104 494 4164 bus
503 4110 665 4182 quantum
675 4103 786 4165 valeat
795 4106 998 4184 apertissime
1009 4124 1089 4185 prae
1100 4124 1133 4165 se
1145 4104 1233 4177 tulit,
1246 4105 1415 4166 sedetiam
1428 4112 1650 4177 authoritate

431 4192 466 4247 et
481 4187 598 4266 opibus
612 4193 646 4247 te
661 4205 754 4266 posse
769 4187 950 4249 defendere.
994 4189 1056 4249 Est
1070 4190 1157 4249 enim
1171 4189 1290 4261 4444414,
1307 4194 1344 4248 44
1359 4188 1513 4256 Flaccus
1533 4200 1650 4261 scribit

432 4270 472 4331 de
487 4289 546 4332 suo
561 4270 759 4344 Mecoenate,
770 4270 878 4332 editus
887 4272 1027 4352 regibus,
1039 4278 1139 4351 atque
1148 4274 1183 4332 in
1193 4271 1476 4338 summaiortuna
1487 4282 1651 4345 meandi

432 4355 527 4413 initio
552 4355 753 4415 constitutus
779 4356 1098 4435 praestantissimum
1121 4356 1286 4435 ingenium
1306 4373 1373 4416 non
1394 4357 1516 4424 solum
1540 4367 1590 4429 ad
1615 4386 1651 4428 aa

386 4455 418 4503 25
433 4436 574 4497 contulit
596 4438 714 4516 quibus
737 4438 1014 4499 nobilissimorum
1039 4438 1208 4499 hominum
1233 4438 1332 4499 libere
1355 4437 1473 4504 solent
1501 4449 1651 4523 institui,

432 4520 489 4580 sed
498 4520 822 4582 etiamadsummam
831 4541 939 4582 rerum
948 4521 1134 4583 diuinarum
1145 4522 1432 4600 humanarumque
1442 4530 1651 4607 scientiam

432 4604 465 4663 in
487 4622 553 4681 qua
573 4605 622 4664 ita
643 4606 765 4666 eminet
786 4611 825 4665 vt
845 4624 976 4666 omnem
997 4610 1142 4666 aetatem
1163 4606 1252 4666 intra
1273 4605 1479 4671 domesticos
1503 4618 1652 4694 pariata

432 4686 601 4747 doctrinae
626 4688 788 4761 tribuisse,
814 4695 849 4749 et
873 4707 1043 4767 nunquam
1063 4708 1085 4749 a
1109 4688 1294 4768 philosophi
1319 4688 1426 4750 144444
1450 4693 1653 4763 discessis„

432 4769 598 4844 videatur;
617 4771 1165 4852 inaliisveroquaeinprincipibus
1176 4773 1255 4833 viris
1263 4777 1412 4833 nontam
1421 4782 1653 4858 requirimug3

386 4870 419 4920 50
432 4872 533 4931 quam
547 4853 731 4928 laudamus,
741 4857 769 4916 si
782 4874 911 4916 summa
925 4855 1060 4928 41444144
1074 4873 1108 4916 se
1122 4857 1269 4917 exercuit
1279 4861 1318 4916 vt
1328 4873 1367 4916 44
1378 4862 1503 4924 omnia
1514 4884 1654 4950 quoquo

849 5020 892 5057 22.
910 5005 1038 5070 Flaccus]
1048 5005 1099 5058 Od.
1113 5019 1137 5058 1.
1151 5021 1174 5058 1.
1188 5020 1213 5059 1.
