<?xml version="1.0" encoding="UTF-8"?>
<!DOCTYPE html PUBLIC "-//W3C//DTD XHTML 1.0 Transitional//EN"
    "http://www.w3.org/TR/xhtml1/DTD/xhtml1-transitional.dtd">
<html xmlns="http://www.w3.org/1999/xhtml" xml:lang="en" lang="en">
 <head>
  <title>
</title>
<meta http-equiv="Content-Type" content="text/html;charset=utf-8" />
  <meta name='ocr-system' content='tesseract 3.04.00' />
  <meta name='ocr-capabilities' content='ocr_page ocr_carea ocr_par ocr_line ocrx_word'/>
</head>
<body>
  <div class='ocr_page' id='page_1' title='image "./opusepistolarum02garrgoog_0455.png"; bbox 0 0 4042 5900; ppageno 0'>
   <div class='ocr_carea' id='block_1_1' title="bbox 279 699 1475 784">
    <p class='ocr_par' dir='ltr' id='par_1_1' title="bbox 279 699 1475 784">
     <span class='ocr_line' id='line_1_1' title="bbox 279 699 1475 784; baseline -0.004 -18"><span class='ocrx_word' id='word_1_1' title='bbox 279 708 375 784; x_wconf 80' lang='lat'>2599]</span> <span class='ocrx_word' id='word_1_2' title='bbox 613 702 670 765; x_wconf 84' lang='lat' dir='ltr'>ro</span> <span class='ocrx_word' id='word_1_3' title='bbox 690 700 934 765; x_wconf 70' lang='lat' dir='ltr'>cabuanus</span> <span class='ocrx_word' id='word_1_4' title='bbox 955 699 1144 764; x_wconf 74' lang='lat' dir='ltr'>sarnus</span> <span class='ocrx_word' id='word_1_5' title='bbox 1412 699 1475 762; x_wconf 82' lang='lat'>419</span> 
     </span>
    </p>
   </div>
   <div class='ocr_carea' id='block_1_2' title="bbox 231 860 1523 1442">
    <p class='ocr_par' dir='ltr' id='par_1_2' title="bbox 231 860 1521 1026">
     <span class='ocr_line' id='line_1_2' title="bbox 231 860 1521 941; baseline 0.002 -18"><span class='ocrx_word' id='word_1_6' title='bbox 231 861 252 923; x_wconf 72' lang='lat' dir='ltr'><strong>i</strong></span> <span class='ocrx_word' id='word_1_7' title='bbox 278 869 360 925; x_wconf 89' lang='lat' dir='ltr'>runt</span> <span class='ocrx_word' id='word_1_8' title='bbox 377 864 531 941; x_wconf 82' lang='lat' dir='ltr'>religioni.</span> <span class='ocrx_word' id='word_1_9' title='bbox 576 863 674 941; x_wconf 87' lang='lat' dir='ltr'><strong>Apud</strong></span> <span class='ocrx_word' id='word_1_10' title='bbox 694 861 798 923; x_wconf 91' lang='lat' dir='ltr'>Italos</span> <span class='ocrx_word' id='word_1_11' title='bbox 818 862 925 923; x_wconf 90' lang='lat' dir='ltr'>feruet</span> <span class='ocrx_word' id='word_1_12' title='bbox 942 860 1223 922; x_wconf 83' lang='lat' dir='ltr'>Ciceronianorum</span> <span class='ocrx_word' id='word_1_13' title='bbox 1243 860 1353 933; x_wconf 88' lang='lat' dir='ltr'>factio,</span> <span class='ocrx_word' id='word_1_14' title='bbox 1372 880 1474 940; x_wconf 91' lang='lat' dir='ltr'>quum</span> <span class='ocrx_word' id='word_1_15' title='bbox 1488 877 1521 937; x_wconf 80' lang='lat'>65</span> 
     </span>
     <span class='ocr_line' id='line_1_3' title="bbox 231 944 1475 1026; baseline -0.004 -18"><span class='ocrx_word' id='word_1_16' title='bbox 231 949 252 1026; x_wconf 55' lang='lat'>⁸¹.</span> <span class='ocrx_word' id='word_1_17' title='bbox 279 947 363 1008; x_wconf 90' lang='lat' dir='ltr'>nulli</span> <span class='ocrx_word' id='word_1_18' title='bbox 384 949 450 1008; x_wconf 90' lang='lat' dir='ltr'>sint</span> <span class='ocrx_word' id='word_1_19' title='bbox 464 949 572 1007; x_wconf 88' lang='lat' dir='ltr'>minus</span> <span class='ocrx_word' id='word_1_20' title='bbox 587 965 687 1024; x_wconf 90' lang='lat' dir='ltr'>quam</span> <span class='ocrx_word' id='word_1_21' title='bbox 703 947 760 1024; x_wconf 93' lang='lat' dir='ltr'>qui</span> <span class='ocrx_word' id='word_1_22' title='bbox 775 944 998 1006; x_wconf 89' lang='lat' dir='ltr'>vociferantur</span> <span class='ocrx_word' id='word_1_23' title='bbox 1012 945 1164 1005; x_wconf 88' lang='lat' dir='ltr'>maxime.</span> <span class='ocrx_word' id='word_1_24' title='bbox 1198 944 1247 1005; x_wconf 93' lang='lat' dir='ltr'>De</span> <span class='ocrx_word' id='word_1_25' title='bbox 1266 944 1401 1005; x_wconf 89' lang='lat' dir='ltr'>fortuna</span> <span class='ocrx_word' id='word_1_26' title='bbox 1415 950 1475 1004; x_wconf 91' lang='lat' dir='ltr'>tua</span> 
     </span>
    </p>

    <p class='ocr_par' dir='ltr' id='par_1_3' title="bbox 231 1024 1475 1108">
     <span class='ocr_line' id='line_1_4' title="bbox 231 1024 1475 1108; baseline -0.003 -16"><span class='ocrx_word' id='word_1_27' title='bbox 231 1038 248 1094; x_wconf 80' lang='lat' dir='ltr'>s</span> <span class='ocrx_word' id='word_1_28' title='bbox 277 1050 346 1091; x_wconf 88' lang='lat' dir='ltr'>non</span> <span class='ocrx_word' id='word_1_29' title='bbox 362 1031 560 1108; x_wconf 82' lang='lat' dir='ltr'>ignorabam,</span> <span class='ocrx_word' id='word_1_30' title='bbox 573 1029 615 1089; x_wconf 90' lang='lat' dir='ltr'>de</span> <span class='ocrx_word' id='word_1_31' title='bbox 629 1031 739 1089; x_wconf 90' lang='lat' dir='ltr'>animo</span> <span class='ocrx_word' id='word_1_32' title='bbox 754 1034 813 1089; x_wconf 90' lang='lat' dir='ltr'>tuo</span> <span class='ocrx_word' id='word_1_33' title='bbox 824 1027 921 1089; x_wconf 87' lang='lat' dir='ltr'>credo</span> <span class='ocrx_word' id='word_1_34' title='bbox 935 1028 1007 1100; x_wconf 92' lang='lat' dir='ltr'>tibi,</span> <span class='ocrx_word' id='word_1_35' title='bbox 1022 1033 1057 1087; x_wconf 90' lang='lat' dir='ltr'>et</span> <span class='ocrx_word' id='word_1_36' title='bbox 1071 1027 1227 1105; x_wconf 91' lang='lat' dir='ltr'>gratulor.</span> <span class='ocrx_word' id='word_1_37' title='bbox 1258 1024 1322 1088; x_wconf 89' lang='lat' dir='ltr'>Sed</span> <span class='ocrx_word' id='word_1_38' title='bbox 1333 1027 1475 1088; x_wconf 76' lang='lat' dir='ltr'>arbitror</span> 
     </span>
    </p>

    <p class='ocr_par' dir='ltr' id='par_1_4' title="bbox 236 1109 1473 1192">
     <span class='ocr_line' id='line_1_5' title="bbox 236 1109 1473 1192; baseline -0.008 -12"><span class='ocrx_word' id='word_1_39' title='bbox 236 1139 248 1180; x_wconf 94' lang='lat' dir='ltr'>r</span> <span class='ocrx_word' id='word_1_40' title='bbox 279 1114 475 1192; x_wconf 90' lang='lat' dir='ltr'>dignitatem</span> <span class='ocrx_word' id='word_1_41' title='bbox 491 1113 544 1173; x_wconf 90' lang='lat' dir='ltr'>vel</span> <span class='ocrx_word' id='word_1_42' title='bbox 558 1132 624 1174; x_wconf 91' lang='lat' dir='ltr'>non</span> <span class='ocrx_word' id='word_1_43' title='bbox 639 1114 776 1173; x_wconf 89' lang='lat' dir='ltr'>ascitam</span> <span class='ocrx_word' id='word_1_44' title='bbox 791 1130 1003 1172; x_wconf 89' lang='lat' dir='ltr'>accessuram.</span> <span class='ocrx_word' id='word_1_45' title='bbox 1049 1110 1089 1171; x_wconf 92' lang='lat' dir='ltr'>In</span> <span class='ocrx_word' id='word_1_46' title='bbox 1103 1109 1337 1189; x_wconf 74' lang='lat' dir='ltr'>chrysostomo</span> <span class='ocrx_word' id='word_1_47' title='bbox 1352 1109 1473 1171; x_wconf 86' lang='lat' dir='ltr'>malue-</span> 
     </span>
    </p>

    <p class='ocr_par' dir='ltr' id='par_1_5' title="bbox 231 1192 1473 1275">
     <span class='ocr_line' id='line_1_6' title="bbox 231 1192 1473 1275; baseline -0.004 -17"><span class='ocrx_word' id='word_1_48' title='bbox 231 1206 246 1265; x_wconf 72' lang='grc' dir='ltr'><strong><em>ὴ</em></strong></span> <span class='ocrx_word' id='word_1_49' title='bbox 278 1217 351 1258; x_wconf 90' lang='lat' dir='ltr'>ram</span> <span class='ocrx_word' id='word_1_50' title='bbox 370 1204 403 1257; x_wconf 91' lang='lat' dir='ltr'>te</span> <span class='ocrx_word' id='word_1_51' title='bbox 418 1198 525 1257; x_wconf 88' lang='lat' dir='ltr'>minus</span> <span class='ocrx_word' id='word_1_52' title='bbox 544 1215 612 1257; x_wconf 88' lang='lat' dir='ltr'>esse</span> <span class='ocrx_word' id='word_1_53' title='bbox 627 1195 828 1275; x_wconf 87' lang='lat' dir='ltr'>Callipidem,</span> <span class='ocrx_word' id='word_1_54' title='bbox 843 1195 878 1255; x_wconf 93' lang='lat' dir='ltr'>id</span> <span class='ocrx_word' id='word_1_55' title='bbox 894 1196 981 1255; x_wconf 90' lang='lat' dir='ltr'>enim</span> <span class='ocrx_word' id='word_1_56' title='bbox 1001 1194 1041 1255; x_wconf 87' lang='lat' dir='ltr'>fit</span> <span class='ocrx_word' id='word_1_57' title='bbox 1061 1193 1229 1255; x_wconf 86' lang='lat' dir='ltr'>luculenta</span> <span class='ocrx_word' id='word_1_58' title='bbox 1245 1192 1360 1254; x_wconf 90' lang='lat' dir='ltr'>fraude</span> <span class='ocrx_word' id='word_1_59' title='bbox 1378 1200 1473 1273; x_wconf 88' lang='lat' dir='ltr'>typo·</span> 
     </span>
    </p>

    <p class='ocr_par' dir='ltr' id='par_1_6' title="bbox 231 1280 1523 1442">
     <span class='ocr_line' id='line_1_7' title="bbox 231 1280 1523 1360; baseline -0.006 0"><span class='ocrx_word' id='word_1_60' title='bbox 231 1290 242 1350; x_wconf 77' lang='lat' dir='ltr'>t</span> <span class='ocrx_word' id='word_1_61' title='bbox 274 1280 404 1360; x_wconf 79' lang='lat' dir='ltr'>graphi.</span> <span class='ocrx_word' id='word_1_62' title='bbox 1489 1301 1523 1352; x_wconf 88' lang='lat'>7⁰</span> 
     </span>
     <span class='ocr_line' id='line_1_8' title="bbox 231 1359 1140 1442; baseline -0.003 -18"><span class='ocrx_word' id='word_1_63' title='bbox 231 1394 241 1434; x_wconf 74' lang='grc' dir='ltr'>ι</span> <span class='ocrx_word' id='word_1_64' title='bbox 323 1364 410 1424; x_wconf 90' lang='lat' dir='ltr'>Bene</span> <span class='ocrx_word' id='word_1_65' title='bbox 426 1363 508 1436; x_wconf 89' lang='lat' dir='ltr'>vale,</span> <span class='ocrx_word' id='word_1_66' title='bbox 525 1363 674 1442; x_wconf 89' lang='lat' dir='ltr'>Friburgi</span> <span class='ocrx_word' id='word_1_67' title='bbox 689 1362 853 1441; x_wconf 88' lang='lat' dir='ltr'>Brisgoiae</span> <span class='ocrx_word' id='word_1_68' title='bbox 868 1359 964 1423; x_wconf 87' lang='lat' dir='ltr'>Anno</span> <span class='ocrx_word' id='word_1_69' title='bbox 980 1377 1140 1422; x_wconf 70' lang='lat' dir='ltr'>rauxxn.</span> 
     </span>
    </p>
   </div>
   <div class='ocr_carea' id='block_1_3' title="bbox 601 1712 1145 1778">
    <p class='ocr_par' dir='ltr' id='par_1_7' title="bbox 601 1712 1145 1778">
     <span class='ocr_line' id='line_1_9' title="bbox 601 1712 1145 1778; baseline 0 -1"><span class='ocrx_word' id='word_1_70' title='bbox 601 1718 701 1778; x_wconf 78' lang='lat'>2600.</span> <span class='ocrx_word' id='word_1_71' title='bbox 749 1713 802 1778; x_wconf 90' lang='grc' dir='ltr'>Το</span> <span class='ocrx_word' id='word_1_72' title='bbox 817 1712 941 1777; x_wconf 81' lang='lat' dir='ltr'>Parsa</span> <span class='ocrx_word' id='word_1_73' title='bbox 956 1713 1145 1778; x_wconf 79' lang='lat' dir='ltr'>Tauream.</span> 
     </span>
    </p>
   </div>
   <div class='ocr_carea' id='block_1_4' title="bbox 317 1849 1437 1996">
    <p class='ocr_par' dir='ltr' id='par_1_8' title="bbox 317 1849 1437 1996">
     <span class='ocr_line' id='line_1_10' title="bbox 317 1849 1371 1920; baseline -0.002 -15"><span class='ocrx_word' id='word_1_74' title='bbox 317 1851 455 1905; x_wconf 87' lang='lat' dir='ltr'>Warsaw</span> <span class='ocrx_word' id='word_1_75' title='bbox 469 1850 532 1903; x_wconf 88' lang='lat' dir='ltr'>MS.</span> <span class='ocrx_word' id='word_1_76' title='bbox 547 1849 624 1904; x_wconf 90' lang='lat' dir='ltr'>Teki</span> <span class='ocrx_word' id='word_1_77' title='bbox 638 1849 804 1919; x_wconf 79' lang='lat' dir='ltr'>Gdrskiego</span> <span class='ocrx_word' id='word_1_78' title='bbox 820 1853 902 1917; x_wconf 86' lang='lat'>1561.</span> <span class='ocrx_word' id='word_1_79' title='bbox 1214 1850 1371 1920; x_wconf 82' lang='lat' dir='ltr'>Freiburg.</span> 
     </span>
     <span class='ocr_line' id='line_1_11' title="bbox 1148 1925 1437 1996; baseline 0 -17"><span class='ocrx_word' id='word_1_80' title='bbox 1148 1945 1165 1996; x_wconf 84' lang='lat'>4</span> <span class='ocrx_word' id='word_1_81' title='bbox 1179 1925 1340 1995; x_wconf 85' lang='lat' dir='ltr'>February</span> <span class='ocrx_word' id='word_1_82' title='bbox 1356 1939 1437 1993; x_wconf 82' lang='lat'>1532.</span> 
     </span>
    </p>
   </div>
   <div class='ocr_carea' id='block_1_5' title="bbox 274 2050 1476 2383">
    <p class='ocr_par' dir='ltr' id='par_1_9' title="bbox 274 2050 1476 2383">
     <span class='ocr_line' id='line_1_12' title="bbox 314 2050 1476 2116; baseline -0.001 -15"><span class='ocrx_word' id='word_1_83' title='bbox 314 2054 371 2112; x_wconf 83' lang='lat' dir='ltr'>[An</span> <span class='ocrx_word' id='word_1_84' title='bbox 388 2052 505 2116; x_wconf 87' lang='lat' dir='ltr'>original</span> <span class='ocrx_word' id='word_1_85' title='bbox 523 2052 616 2109; x_wconf 89' lang='lat' dir='ltr'>letter,</span> <span class='ocrx_word' id='word_1_86' title='bbox 634 2052 795 2115; x_wconf 87' lang='lat' dir='ltr'>autograpb</span> <span class='ocrx_word' id='word_1_87' title='bbox 812 2052 998 2116; x_wconf 77' lang='lat' dir='ltr'>throughout,</span> <span class='ocrx_word' id='word_1_88' title='bbox 1018 2052 1046 2100; x_wconf 92' lang='lat' dir='ltr'>in</span> <span class='ocrx_word' id='word_1_89' title='bbox 1068 2051 1117 2101; x_wconf 89' lang='lat' dir='ltr'>the</span> <span class='ocrx_word' id='word_1_90' title='bbox 1138 2050 1288 2115; x_wconf 80' lang='lat' dir='ltr'>Zamoyslri</span> <span class='ocrx_word' id='word_1_91' title='bbox 1309 2051 1428 2115; x_wconf 86' lang='lat' dir='ltr'>Library</span> <span class='ocrx_word' id='word_1_92' title='bbox 1443 2056 1476 2100; x_wconf 87' lang='lat' dir='ltr'>at</span> 
     </span>
     <span class='ocr_line' id='line_1_13' title="bbox 275 2115 1476 2183; baseline -0.001 -15"><span class='ocrx_word' id='word_1_93' title='bbox 275 2120 418 2168; x_wconf 85' lang='lat' dir='ltr'>Waraaw:</span> <span class='ocrx_word' id='word_1_94' title='bbox 442 2119 556 2183; x_wconf 88' lang='lat' dir='ltr'>printed</span> <span class='ocrx_word' id='word_1_95' title='bbox 570 2120 609 2183; x_wconf 90' lang='lat' dir='ltr'>by</span> <span class='ocrx_word' id='word_1_96' title='bbox 620 2117 673 2167; x_wconf 91' lang='lat' dir='ltr'>Th.</span> <span class='ocrx_word' id='word_1_97' title='bbox 693 2118 900 2176; x_wconf 81' lang='lat' dir='ltr'>Wierzbowslri,</span> <span class='ocrx_word' id='word_1_98' title='bbox 912 2118 1069 2182; x_wconf 59' lang='lat' dir='ltr'>Marmara</span> <span class='ocrx_word' id='word_1_99' title='bbox 1083 2118 1117 2167; x_wconf 82' lang='lat' dir='ltr'>do</span> <span class='ocrx_word' id='word_1_100' title='bbox 1131 2118 1241 2182; x_wconf 78' lang='lat' dir='ltr'>dzr&#39;cjdw</span> <span class='ocrx_word' id='word_1_101' title='bbox 1253 2115 1476 2181; x_wconf 74' lang='lat' dir='ltr'>plamr’cnniotwa</span> 
     </span>
     <span class='ocr_line' id='line_1_14' title="bbox 275 2184 1475 2249; baseline -0.002 -13"><span class='ocrx_word' id='word_1_102' title='bbox 275 2186 429 2248; x_wconf 70' lang='lat' dir='ltr'>Pelet-iege,</span> <span class='ocrx_word' id='word_1_103' title='bbox 441 2187 459 2241; x_wconf 92' lang='lat' dir='ltr'>i,</span> <span class='ocrx_word' id='word_1_104' title='bbox 469 2200 542 2245; x_wconf 86' lang='lat'>1900,</span> <span class='ocrx_word' id='word_1_105' title='bbox 552 2200 580 2248; x_wconf 89' lang='lat' dir='ltr'>p.</span> <span class='ocrx_word' id='word_1_106' title='bbox 589 2188 647 2247; x_wconf 87' lang='grc'>326,</span> <span class='ocrx_word' id='word_1_107' title='bbox 657 2184 730 2234; x_wconf 90' lang='lat' dir='ltr'>from</span> <span class='ocrx_word' id='word_1_108' title='bbox 738 2186 788 2234; x_wconf 89' lang='lat' dir='ltr'>the</span> <span class='ocrx_word' id='word_1_109' title='bbox 797 2185 923 2249; x_wconf 85' lang='lat' dir='ltr'>original,</span> <span class='ocrx_word' id='word_1_110' title='bbox 933 2185 990 2235; x_wconf 90' lang='lat' dir='ltr'>and</span> <span class='ocrx_word' id='word_1_111' title='bbox 1000 2186 1039 2248; x_wconf 90' lang='lat' dir='ltr'>by</span> <span class='ocrx_word' id='word_1_112' title='bbox 1047 2184 1077 2234; x_wconf 86' lang='lat' dir='ltr'>C.</span> <span class='ocrx_word' id='word_1_113' title='bbox 1087 2185 1268 2235; x_wconf 82' lang='lat' dir='ltr'>Miaslrowski</span> <span class='ocrx_word' id='word_1_114' title='bbox 1277 2185 1306 2234; x_wconf 88' lang='lat' dir='ltr'>in</span> <span class='ocrx_word' id='word_1_115' title='bbox 1315 2185 1365 2235; x_wconf 90' lang='lat' dir='ltr'>the</span> <span class='ocrx_word' id='word_1_116' title='bbox 1373 2184 1475 2234; x_wconf 84' lang='lat' dir='ltr'>Peder-</span> 
     </span>
     <span class='ocr_line' id='line_1_15' title="bbox 275 2251 1475 2316; baseline -0.002 -14"><span class='ocrx_word' id='word_1_117' title='bbox 275 2254 350 2302; x_wconf 90' lang='lat' dir='ltr'>born</span> <span class='ocrx_word' id='word_1_118' title='bbox 363 2252 663 2315; x_wconf 73' lang='lat' dir='ltr'>Jb.f12eriloaopbie,</span> <span class='ocrx_word' id='word_1_119' title='bbox 673 2268 721 2310; x_wconf 83' lang='lat' dir='ltr'>xv,</span> <span class='ocrx_word' id='word_1_120' title='bbox 733 2266 807 2312; x_wconf 87' lang='lat'>1901,</span> <span class='ocrx_word' id='word_1_121' title='bbox 819 2267 869 2316; x_wconf 88' lang='lat' dir='ltr'>pp.</span> <span class='ocrx_word' id='word_1_122' title='bbox 879 2266 989 2314; x_wconf 80' lang='lat'>311-12,</span> <span class='ocrx_word' id='word_1_123' title='bbox 999 2252 1073 2302; x_wconf 90' lang='lat' dir='ltr'>from</span> <span class='ocrx_word' id='word_1_124' title='bbox 1083 2268 1121 2302; x_wconf 88' lang='lat' dir='ltr'>an</span> <span class='ocrx_word' id='word_1_125' title='bbox 1134 2252 1294 2302; x_wconf 86' lang='lat' dir='ltr'>inaccurate</span> <span class='ocrx_word' id='word_1_126' title='bbox 1302 2252 1414 2316; x_wconf 87' lang='lat' dir='ltr'>copyin</span> <span class='ocrx_word' id='word_1_127' title='bbox 1425 2251 1475 2301; x_wconf 90' lang='lat' dir='ltr'>the</span> 
     </span>
     <span class='ocr_line' id='line_1_16' title="bbox 274 2317 1186 2383; baseline -0.002 -14"><span class='ocrx_word' id='word_1_128' title='bbox 274 2320 410 2370; x_wconf 83' lang='lat' dir='ltr'>Murcum</span> <span class='ocrx_word' id='word_1_129' title='bbox 421 2318 635 2383; x_wconf 77' lang='lat' dir='ltr'>Crartoryslrieh</span> <span class='ocrx_word' id='word_1_130' title='bbox 646 2324 678 2369; x_wconf 84' lang='lat' dir='ltr'>et</span> <span class='ocrx_word' id='word_1_131' title='bbox 689 2317 801 2368; x_wconf 82' lang='lat' dir='ltr'>cracow</span> <span class='ocrx_word' id='word_1_132' title='bbox 813 2318 892 2379; x_wconf 63' lang='lat' dir='ltr'>(GN.</span> <span class='ocrx_word' id='word_1_133' title='bbox 905 2318 962 2369; x_wconf 85' lang='lat' dir='ltr'>MS.</span> <span class='ocrx_word' id='word_1_134' title='bbox 974 2333 1017 2383; x_wconf 83' lang='lat'>47.</span> <span class='ocrx_word' id='word_1_135' title='bbox 1032 2332 1073 2381; x_wconf 88' lang='lat'>17,</span> <span class='ocrx_word' id='word_1_136' title='bbox 1087 2318 1107 2368; x_wconf 89' lang='lat' dir='ltr'>f.</span> <span class='ocrx_word' id='word_1_137' title='bbox 1120 2319 1186 2381; x_wconf 80' lang='lat'>55).]</span> 
     </span>
    </p>
   </div>
   <div class='ocr_carea' id='block_1_6' title="bbox 276 2433 1523 4514">
    <p class='ocr_par' dir='ltr' id='par_1_10' title="bbox 276 2433 1505 3098">
     <span class='ocr_line' id='line_1_17' title="bbox 321 2433 1475 2513; baseline -0.001 -17"><span class='ocrx_word' id='word_1_138' title='bbox 321 2433 352 2495; x_wconf 89' lang='lat' dir='ltr'>S.</span> <span class='ocrx_word' id='word_1_139' title='bbox 371 2435 405 2496; x_wconf 91' lang='lat' dir='ltr'>P.</span> <span class='ocrx_word' id='word_1_140' title='bbox 450 2434 664 2495; x_wconf 89' lang='lat' dir='ltr'>Ornatissime</span> <span class='ocrx_word' id='word_1_141' title='bbox 680 2434 824 2507; x_wconf 86' lang='lat' dir='ltr'>Praesul,</span> <span class='ocrx_word' id='word_1_142' title='bbox 840 2436 974 2496; x_wconf 89' lang='lat' dir='ltr'>tametsi</span> <span class='ocrx_word' id='word_1_143' title='bbox 991 2434 1073 2495; x_wconf 91' lang='lat' dir='ltr'>nihil</span> <span class='ocrx_word' id='word_1_144' title='bbox 1090 2442 1163 2495; x_wconf 89' lang='lat' dir='ltr'>erat</span> <span class='ocrx_word' id='word_1_145' title='bbox 1178 2436 1264 2507; x_wconf 92' lang='lat' dir='ltr'>noui,</span> <span class='ocrx_word' id='word_1_146' title='bbox 1280 2434 1369 2513; x_wconf 89' lang='lat' dir='ltr'>quod</span> <span class='ocrx_word' id='word_1_147' title='bbox 1384 2434 1427 2495; x_wconf 90' lang='lat' dir='ltr'>ad</span> <span class='ocrx_word' id='word_1_148' title='bbox 1442 2440 1475 2495; x_wconf 87' lang='lat' dir='ltr'>te</span> 
     </span>
     <span class='ocr_line' id='line_1_18' title="bbox 276 2517 1476 2597; baseline -0.001 -18"><span class='ocrx_word' id='word_1_149' title='bbox 276 2518 463 2591; x_wconf 81' lang='lat' dir='ltr'>scriberem,</span> <span class='ocrx_word' id='word_1_150' title='bbox 486 2525 598 2579; x_wconf 90' lang='lat' dir='ltr'>tamen</span> <span class='ocrx_word' id='word_1_151' title='bbox 619 2525 834 2597; x_wconf 77' lang='lat' dir='ltr'>posteaquam</span> <span class='ocrx_word' id='word_1_152' title='bbox 856 2525 987 2597; x_wconf 89' lang='lat' dir='ltr'>praeter</span> <span class='ocrx_word' id='word_1_153' title='bbox 1008 2537 1099 2597; x_wconf 91' lang='lat' dir='ltr'>spem</span> <span class='ocrx_word' id='word_1_154' title='bbox 1119 2517 1238 2596; x_wconf 85' lang='lat' dir='ltr'>obtigit</span> <span class='ocrx_word' id='word_1_155' title='bbox 1259 2520 1310 2578; x_wconf 87' lang='lat' dir='ltr'>vir</span> <span class='ocrx_word' id='word_1_156' title='bbox 1329 2519 1476 2597; x_wconf 86' lang='lat' dir='ltr'>egregius</span> 
     </span>
     <span class='ocr_line' id='line_1_19' title="bbox 276 2600 1476 2680; baseline 0.001 -19"><span class='ocrx_word' id='word_1_157' title='bbox 276 2602 446 2674; x_wconf 86' lang='lat' dir='ltr'>Erasmus,</span> <span class='ocrx_word' id='word_1_158' title='bbox 468 2601 581 2662; x_wconf 89' lang='lat' dir='ltr'>Abbas</span> <span class='ocrx_word' id='word_1_159' title='bbox 602 2600 741 2662; x_wconf 82' lang='lat' dir='ltr'>Sanctae</span> <span class='ocrx_word' id='word_1_160' title='bbox 762 2600 887 2673; x_wconf 86' lang='lat' dir='ltr'>Clarae,</span> <span class='ocrx_word' id='word_1_161' title='bbox 909 2603 966 2679; x_wconf 90' lang='lat' dir='ltr'>qui</span> <span class='ocrx_word' id='word_1_162' title='bbox 987 2621 1048 2680; x_wconf 91' lang='lat' dir='ltr'>pro</span> <span class='ocrx_word' id='word_1_163' title='bbox 1071 2621 1132 2662; x_wconf 91' lang='lat' dir='ltr'>sua</span> <span class='ocrx_word' id='word_1_164' title='bbox 1154 2600 1362 2663; x_wconf 84' lang='lat' dir='ltr'>humanitate</span> <span class='ocrx_word' id='word_1_165' title='bbox 1386 2601 1476 2662; x_wconf 88' lang='lat' dir='ltr'>vltro</span> 
     </span>
     <span class='ocr_line' id='line_1_20' title="bbox 276 2684 1476 2765; baseline 0 -21"><span class='ocrx_word' id='word_1_166' title='bbox 276 2687 437 2745; x_wconf 88' lang='lat' dir='ltr'>inuitauit</span> <span class='ocrx_word' id='word_1_167' title='bbox 459 2691 498 2745; x_wconf 86' lang='lat' dir='ltr'>vt</span> <span class='ocrx_word' id='word_1_168' title='bbox 520 2686 642 2745; x_wconf 90' lang='lat' dir='ltr'>amicos</span> <span class='ocrx_word' id='word_1_169' title='bbox 664 2704 722 2765; x_wconf 88' lang='lat' dir='ltr'>per</span> <span class='ocrx_word' id='word_1_170' title='bbox 747 2686 855 2764; x_wconf 90' lang='lat' dir='ltr'>ipsum</span> <span class='ocrx_word' id='word_1_171' title='bbox 880 2684 1070 2756; x_wconf 87' lang='lat' dir='ltr'>salutarem,</span> <span class='ocrx_word' id='word_1_172' title='bbox 1095 2704 1161 2745; x_wconf 91' lang='lat' dir='ltr'>non</span> <span class='ocrx_word' id='word_1_173' title='bbox 1185 2685 1373 2745; x_wconf 86' lang='lat' dir='ltr'>existimaui</span> <span class='ocrx_word' id='word_1_174' title='bbox 1395 2684 1476 2744; x_wconf 92' lang='lat' dir='ltr'>mihi</span> 
     </span>
     <span class='ocr_line' id='line_1_21' title="bbox 277 2766 1505 2847; baseline 0.002 -19"><span class='ocrx_word' id='word_1_175' title='bbox 277 2768 552 2829; x_wconf 88' lang='lat' dir='ltr'>committendum</span> <span class='ocrx_word' id='word_1_176' title='bbox 575 2775 614 2828; x_wconf 90' lang='lat' dir='ltr'>vt</span> <span class='ocrx_word' id='word_1_177' title='bbox 635 2768 678 2828; x_wconf 91' lang='lat' dir='ltr'>ad</span> <span class='ocrx_word' id='word_1_178' title='bbox 700 2788 777 2829; x_wconf 90' lang='lat' dir='ltr'>suos</span> <span class='ocrx_word' id='word_1_179' title='bbox 798 2769 867 2829; x_wconf 90' lang='lat' dir='ltr'>sine</span> <span class='ocrx_word' id='word_1_180' title='bbox 888 2769 969 2828; x_wconf 85' lang='lat' dir='ltr'>meis</span> <span class='ocrx_word' id='word_1_181' title='bbox 990 2766 1110 2828; x_wconf 87' lang='lat' dir='ltr'>litteris</span> <span class='ocrx_word' id='word_1_182' title='bbox 1131 2768 1262 2840; x_wconf 91' lang='lat' dir='ltr'>rediret,</span> <span class='ocrx_word' id='word_1_183' title='bbox 1282 2768 1505 2847; x_wconf 76' lang='lat' dir='ltr'>praesertims</span> 
     </span>
     <span class='ocr_line' id='line_1_22' title="bbox 278 2850 1474 2930; baseline 0 -19"><span class='ocrx_word' id='word_1_184' title='bbox 278 2871 382 2930; x_wconf 90' lang='lat' dir='ltr'>quum</span> <span class='ocrx_word' id='word_1_185' title='bbox 397 2851 458 2911; x_wconf 91' lang='lat' dir='ltr'>hac</span> <span class='ocrx_word' id='word_1_186' title='bbox 474 2851 514 2911; x_wconf 89' lang='lat' dir='ltr'>de</span> <span class='ocrx_word' id='word_1_187' title='bbox 528 2871 627 2911; x_wconf 90' lang='lat' dir='ltr'>causa</span> <span class='ocrx_word' id='word_1_188' title='bbox 642 2870 709 2912; x_wconf 91' lang='lat' dir='ltr'>non</span> <span class='ocrx_word' id='word_1_189' title='bbox 724 2857 918 2930; x_wconf 79' lang='lat' dir='ltr'>grasaretur</span> <span class='ocrx_word' id='word_1_190' title='bbox 935 2850 987 2911; x_wconf 91' lang='lat' dir='ltr'>hic</span> <span class='ocrx_word' id='word_1_191' title='bbox 1005 2856 1136 2912; x_wconf 85' lang='lat' dir='ltr'>noctem</span> <span class='ocrx_word' id='word_1_192' title='bbox 1151 2871 1251 2911; x_wconf 90' lang='lat' dir='ltr'>vnam</span> <span class='ocrx_word' id='word_1_193' title='bbox 1270 2852 1474 2912; x_wconf 88' lang='lat' dir='ltr'>commorari.</span> 
     </span>
     <span class='ocr_line' id='line_1_23' title="bbox 277 2933 1475 3015; baseline -0.001 -19"><span class='ocrx_word' id='word_1_194' title='bbox 277 2935 308 2996; x_wconf 86' lang='grc' dir='ltr'>Α</span> <span class='ocrx_word' id='word_1_195' title='bbox 323 2935 480 3015; x_wconf 85' lang='lat' dir='ltr'>proximis</span> <span class='ocrx_word' id='word_1_196' title='bbox 497 2934 626 3007; x_wconf 82' lang='lat' dir='ltr'>litteris,</span> <span class='ocrx_word' id='word_1_197' title='bbox 646 2935 766 3013; x_wconf 91' lang='lat' dir='ltr'>quibus</span> <span class='ocrx_word' id='word_1_198' title='bbox 782 2934 863 2996; x_wconf 93' lang='lat' dir='ltr'>mihi</span> <span class='ocrx_word' id='word_1_199' title='bbox 884 2933 1030 2997; x_wconf 90' lang='lat' dir='ltr'>Seuerini</span> <span class='ocrx_word' id='word_1_200' title='bbox 1052 2934 1171 2996; x_wconf 90' lang='lat' dir='ltr'>Boneri</span> <span class='ocrx_word' id='word_1_201' title='bbox 1190 2934 1293 2996; x_wconf 88' lang='lat' dir='ltr'>filium</span> <span class='ocrx_word' id='word_1_202' title='bbox 1313 2955 1475 2996; x_wconf 90' lang='lat' dir='ltr'>commen·</span> 
     </span>
     <span class='ocr_line' id='line_1_24' title="bbox 278 3018 934 3098; baseline 0.002 -19"><span class='ocrx_word' id='word_1_203' title='bbox 278 3019 385 3091; x_wconf 90' lang='lat' dir='ltr'>daras,</span> <span class='ocrx_word' id='word_1_204' title='bbox 401 3018 482 3079; x_wconf 90' lang='lat' dir='ltr'>nihil</span> <span class='ocrx_word' id='word_1_205' title='bbox 497 3018 560 3079; x_wconf 92' lang='lat' dir='ltr'>huc</span> <span class='ocrx_word' id='word_1_206' title='bbox 574 3018 633 3079; x_wconf 91' lang='lat' dir='ltr'>abs</span> <span class='ocrx_word' id='word_1_207' title='bbox 647 3024 681 3079; x_wconf 89' lang='lat' dir='ltr'>te</span> <span class='ocrx_word' id='word_1_208' title='bbox 696 3019 860 3098; x_wconf 90' lang='lat' dir='ltr'>perlatum</span> <span class='ocrx_word' id='word_1_209' title='bbox 874 3024 934 3080; x_wconf 89' lang='lat' dir='ltr'>est.</span> 
     </span>
    </p>

    <p class='ocr_par' dir='ltr' id='par_1_11' title="bbox 276 3101 1523 4514">
     <span class='ocr_line' id='line_1_25' title="bbox 321 3101 1476 3180; baseline 0 -18"><span class='ocrx_word' id='word_1_210' title='bbox 321 3102 482 3162; x_wconf 85' lang='lat' dir='ltr'>Fortassis</span> <span class='ocrx_word' id='word_1_211' title='bbox 499 3102 542 3163; x_wconf 89' lang='lat' dir='ltr'>ad</span> <span class='ocrx_word' id='word_1_212' title='bbox 557 3122 616 3163; x_wconf 91' lang='lat' dir='ltr'>vos</span> <span class='ocrx_word' id='word_1_213' title='bbox 631 3120 761 3180; x_wconf 87' lang='lat' dir='ltr'>quoque</span> <span class='ocrx_word' id='word_1_214' title='bbox 775 3102 996 3175; x_wconf 90' lang='lat' dir='ltr'>dimanarunt,</span> <span class='ocrx_word' id='word_1_215' title='bbox 1013 3121 1096 3180; x_wconf 87' lang='lat' dir='ltr'>quae</span> <span class='ocrx_word' id='word_1_216' title='bbox 1111 3101 1267 3162; x_wconf 89' lang='lat' dir='ltr'>Albertus</span> <span class='ocrx_word' id='word_1_217' title='bbox 1279 3102 1366 3173; x_wconf 90' lang='lat' dir='ltr'>Pius,</span> <span class='ocrx_word' id='word_1_218' title='bbox 1378 3101 1476 3162; x_wconf 93' lang='lat' dir='ltr'>homo</span> 
     </span>
     <span class='ocr_line' id='line_1_26' title="bbox 277 3184 1523 3265; baseline -0.001 -19"><span class='ocrx_word' id='word_1_219' title='bbox 277 3186 365 3246; x_wconf 89' lang='lat' dir='ltr'>mals</span> <span class='ocrx_word' id='word_1_220' title='bbox 379 3186 526 3257; x_wconf 90' lang='lat' dir='ltr'>feriatus,</span> <span class='ocrx_word' id='word_1_221' title='bbox 541 3187 576 3245; x_wconf 93' lang='lat' dir='ltr'>in</span> <span class='ocrx_word' id='word_1_222' title='bbox 590 3205 642 3247; x_wconf 92' lang='lat' dir='ltr'>me</span> <span class='ocrx_word' id='word_1_223' title='bbox 657 3186 788 3265; x_wconf 86' lang='lat' dir='ltr'>scripsit</span> <span class='ocrx_word' id='word_1_224' title='bbox 807 3185 968 3247; x_wconf 86' lang='lat' dir='ltr'>Lutetiae.</span> <span class='ocrx_word' id='word_1_225' title='bbox 1012 3184 1138 3258; x_wconf 81' lang='lat' dir='ltr'>Quibus</span> <span class='ocrx_word' id='word_1_226' title='bbox 1158 3192 1382 3246; x_wconf 84' lang='lat' dir='ltr'>suecesserrmt</span> <span class='ocrx_word' id='word_1_227' title='bbox 1402 3205 1475 3245; x_wconf 91' lang='lat' dir='ltr'>cen·</span> <span class='ocrx_word' id='word_1_228' title='bbox 1492 3199 1523 3234; x_wconf 87' lang='lat'>1⁰</span> 
     </span>
     <span class='ocr_line' id='line_1_27' title="bbox 279 3268 1476 3347; baseline -0.001 -18"><span class='ocrx_word' id='word_1_229' title='bbox 279 3289 374 3329; x_wconf 90' lang='lat' dir='ltr'>surae</span> <span class='ocrx_word' id='word_1_230' title='bbox 396 3268 601 3341; x_wconf 88' lang='lat' dir='ltr'>Sorbonioae,</span> <span class='ocrx_word' id='word_1_231' title='bbox 623 3268 725 3330; x_wconf 90' lang='lat' dir='ltr'>titulo</span> <span class='ocrx_word' id='word_1_232' title='bbox 745 3268 923 3341; x_wconf 84' lang='lat' dir='ltr'>facultatis,</span> <span class='ocrx_word' id='word_1_233' title='bbox 946 3288 1048 3347; x_wconf 90' lang='lat' dir='ltr'>quum</span> <span class='ocrx_word' id='word_1_234' title='bbox 1071 3288 1105 3329; x_wconf 91' lang='lat' dir='ltr'>re</span> <span class='ocrx_word' id='word_1_235' title='bbox 1126 3288 1205 3328; x_wconf 86' lang='lat' dir='ltr'>vera</span> <span class='ocrx_word' id='word_1_236' title='bbox 1225 3269 1393 3347; x_wconf 89' lang='lat' dir='ltr'>negotium</span> <span class='ocrx_word' id='word_1_237' title='bbox 1415 3269 1476 3329; x_wconf 90' lang='lat' dir='ltr'>hoc</span> 
     </span>
     <span class='ocr_line' id='line_1_28' title="bbox 278 3351 1475 3431; baseline 0.001 -19"><span class='ocrx_word' id='word_1_238' title='bbox 278 3359 412 3431; x_wconf 86' lang='lat' dir='ltr'>geratur</span> <span class='ocrx_word' id='word_1_239' title='bbox 427 3372 484 3431; x_wconf 92' lang='lat' dir='ltr'>per</span> <span class='ocrx_word' id='word_1_240' title='bbox 502 3351 659 3425; x_wconf 88' lang='lat' dir='ltr'>Beddam,</span> <span class='ocrx_word' id='word_1_241' title='bbox 680 3352 843 3413; x_wconf 87' lang='lat' dir='ltr'>hominem</span> <span class='ocrx_word' id='word_1_242' title='bbox 859 3352 1051 3431; x_wconf 87' lang='lat' dir='ltr'>simpliciter</span> <span class='ocrx_word' id='word_1_243' title='bbox 1069 3351 1145 3413; x_wconf 91' lang='lat' dir='ltr'>odio</span> <span class='ocrx_word' id='word_1_244' title='bbox 1159 3351 1378 3431; x_wconf 89' lang='lat' dir='ltr'>lymphatum,</span> <span class='ocrx_word' id='word_1_245' title='bbox 1401 3371 1475 3413; x_wconf 87' lang='lat' dir='ltr'>oum</span> 
     </span>
     <span class='ocr_line' id='line_1_29' title="bbox 278 3434 1476 3515; baseline -0.001 -19"><span class='ocrx_word' id='word_1_246' title='bbox 278 3436 386 3496; x_wconf 89' lang='lat' dir='ltr'>tribus</span> <span class='ocrx_word' id='word_1_247' title='bbox 401 3435 569 3514; x_wconf 89' lang='lat' dir='ltr'>theologis,</span> <span class='ocrx_word' id='word_1_248' title='bbox 582 3455 664 3513; x_wconf 93' lang='lat' dir='ltr'>quos</span> <span class='ocrx_word' id='word_1_249' title='bbox 679 3435 741 3496; x_wconf 92' lang='lat' dir='ltr'>sibi</span> <span class='ocrx_word' id='word_1_250' title='bbox 755 3434 856 3496; x_wconf 90' lang='lat' dir='ltr'>habet</span> <span class='ocrx_word' id='word_1_251' title='bbox 870 3435 1029 3497; x_wconf 87' lang='lat' dir='ltr'>addictos.</span> <span class='ocrx_word' id='word_1_252' title='bbox 1060 3435 1187 3514; x_wconf 90' lang='lat' dir='ltr'>Vbique</span> <span class='ocrx_word' id='word_1_253' title='bbox 1201 3436 1324 3515; x_wconf 90' lang='lat' dir='ltr'>priuati</span> <span class='ocrx_word' id='word_1_254' title='bbox 1338 3435 1476 3496; x_wconf 82' lang='lat' dir='ltr'>affectus</span> 
     </span>
     <span class='ocr_line' id='line_1_30' title="bbox 279 3517 1476 3597; baseline 0.001 -20"><span class='ocrx_word' id='word_1_255' title='bbox 279 3520 402 3579; x_wconf 89' lang='lat' dir='ltr'>vitiant</span> <span class='ocrx_word' id='word_1_256' title='bbox 430 3519 595 3597; x_wconf 88' lang='lat' dir='ltr'>publicam</span> <span class='ocrx_word' id='word_1_257' title='bbox 624 3518 813 3580; x_wconf 89' lang='lat' dir='ltr'>vtilitatem.</span> <span class='ocrx_word' id='word_1_258' title='bbox 857 3517 930 3579; x_wconf 91' lang='lat' dir='ltr'>Scio</span> <span class='ocrx_word' id='word_1_259' title='bbox 957 3518 1129 3597; x_wconf 88' lang='lat' dir='ltr'>plerosque</span> <span class='ocrx_word' id='word_1_260' title='bbox 1157 3517 1326 3597; x_wconf 85' lang='lat' dir='ltr'>theologos</span> <span class='ocrx_word' id='word_1_261' title='bbox 1354 3518 1476 3596; x_wconf 86' lang='lat' dir='ltr'>pudere</span> 
     </span>
     <span class='ocr_line' id='line_1_31' title="bbox 278 3601 1522 3681; baseline -0.001 -19"><span class='ocrx_word' id='word_1_262' title='bbox 278 3602 366 3662; x_wconf 91' lang='lat' dir='ltr'>illius</span> <span class='ocrx_word' id='word_1_263' title='bbox 389 3602 571 3662; x_wconf 83' lang='lat' dir='ltr'>seditionis.</span> <span class='ocrx_word' id='word_1_264' title='bbox 615 3601 773 3675; x_wconf 88' lang='lat' dir='ltr'>Sciebam,</span> <span class='ocrx_word' id='word_1_265' title='bbox 795 3602 875 3680; x_wconf 90' lang='lat' dir='ltr'>quid</span> <span class='ocrx_word' id='word_1_266' title='bbox 896 3602 1084 3663; x_wconf 86' lang='lat' dir='ltr'>merebatur</span> <span class='ocrx_word' id='word_1_267' title='bbox 1104 3601 1235 3663; x_wconf 85' lang='lat' dir='ltr'>Beddae</span> <span class='ocrx_word' id='word_1_268' title='bbox 1256 3601 1394 3674; x_wconf 90' lang='lat' dir='ltr'>malicia,</span> <span class='ocrx_word' id='word_1_269' title='bbox 1416 3612 1522 3681; x_wconf 80' lang='lat' dir='ltr'>ego15</span> 
     </span>
     <span class='ocr_line' id='line_1_32' title="bbox 278 3684 1475 3757; baseline 0 -12"><span class='ocrx_word' id='word_1_270' title='bbox 278 3692 392 3746; x_wconf 89' lang='lat' dir='ltr'>tamen</span> <span class='ocrx_word' id='word_1_271' title='bbox 408 3686 468 3746; x_wconf 90' lang='lat' dir='ltr'>hoo</span> <span class='ocrx_word' id='word_1_272' title='bbox 484 3685 616 3746; x_wconf 90' lang='lat' dir='ltr'>honoris</span> <span class='ocrx_word' id='word_1_273' title='bbox 631 3685 749 3745; x_wconf 90' lang='lat' dir='ltr'>habere</span> <span class='ocrx_word' id='word_1_274' title='bbox 766 3685 857 3747; x_wconf 89' lang='lat' dir='ltr'>volui</span> <span class='ocrx_word' id='word_1_275' title='bbox 875 3685 974 3745; x_wconf 90' lang='lat' dir='ltr'>titulo</span> <span class='ocrx_word' id='word_1_276' title='bbox 994 3684 1172 3757; x_wconf 85' lang='lat' dir='ltr'>facultatis,</span> <span class='ocrx_word' id='word_1_277' title='bbox 1193 3691 1232 3746; x_wconf 89' lang='lat' dir='ltr'>vt</span> <span class='ocrx_word' id='word_1_278' title='bbox 1253 3704 1382 3746; x_wconf 89' lang='lat' dir='ltr'>summa</span> <span class='ocrx_word' id='word_1_279' title='bbox 1401 3704 1475 3746; x_wconf 91' lang='lat' dir='ltr'>cum</span> 
     </span>
     <span class='ocr_line' id='line_1_33' title="bbox 278 3767 1475 3848; baseline 0 -19"><span class='ocrx_word' id='word_1_280' title='bbox 278 3769 503 3829; x_wconf 87' lang='lat' dir='ltr'>moderatione</span> <span class='ocrx_word' id='word_1_281' title='bbox 528 3770 768 3848; x_wconf 90' lang='lat' dir='ltr'>responderem,</span> <span class='ocrx_word' id='word_1_282' title='bbox 791 3770 926 3830; x_wconf 88' lang='lat' dir='ltr'>tametsi</span> <span class='ocrx_word' id='word_1_283' title='bbox 950 3770 1016 3829; x_wconf 92' lang='lat' dir='ltr'>iam</span> <span class='ocrx_word' id='word_1_284' title='bbox 1039 3768 1083 3828; x_wconf 89' lang='lat' dir='ltr'>ad</span> <span class='ocrx_word' id='word_1_285' title='bbox 1105 3767 1259 3847; x_wconf 89' lang='lat' dir='ltr'>pleraque</span> <span class='ocrx_word' id='word_1_286' title='bbox 1284 3787 1475 3847; x_wconf 91' lang='lat' dir='ltr'>responsum</span> 
     </span>
     <span class='ocr_line' id='line_1_34' title="bbox 276 3850 1474 3931; baseline 0.001 -20"><span class='ocrx_word' id='word_1_287' title='bbox 276 3859 359 3912; x_wconf 89' lang='lat' dir='ltr'>erat.</span> <span class='ocrx_word' id='word_1_288' title='bbox 404 3850 625 3930; x_wconf 88' lang='lat' dir='ltr'>Hieronymus</span> <span class='ocrx_word' id='word_1_289' title='bbox 639 3851 809 3924; x_wconf 86' lang='lat' dir='ltr'>Aleander,</span> <span class='ocrx_word' id='word_1_290' title='bbox 824 3852 1004 3931; x_wconf 86' lang='lat' dir='ltr'>Episcopus</span> <span class='ocrx_word' id='word_1_291' title='bbox 1019 3851 1256 3924; x_wconf 88' lang='lat' dir='ltr'>Brundusinus,</span> <span class='ocrx_word' id='word_1_292' title='bbox 1271 3871 1357 3912; x_wconf 89' lang='lat' dir='ltr'>nuno</span> <span class='ocrx_word' id='word_1_293' title='bbox 1376 3851 1474 3931; x_wconf 87' lang='lat' dir='ltr'>Lega-</span> 
     </span>
     <span class='ocr_line' id='line_1_35' title="bbox 278 3934 1476 4014; baseline 0.001 -20"><span class='ocrx_word' id='word_1_294' title='bbox 278 3942 335 3995; x_wconf 90' lang='lat' dir='ltr'>tus</span> <span class='ocrx_word' id='word_1_295' title='bbox 351 3934 559 4014; x_wconf 89' lang='lat' dir='ltr'>Apostolious</span> <span class='ocrx_word' id='word_1_296' title='bbox 573 3934 662 4013; x_wconf 92' lang='lat' dir='ltr'>apud</span> <span class='ocrx_word' id='word_1_297' title='bbox 676 3934 856 4006; x_wconf 83' lang='lat' dir='ltr'>Caesarem,</span> <span class='ocrx_word' id='word_1_298' title='bbox 879 3937 943 3996; x_wconf 92' lang='lat' dir='ltr'>iam</span> <span class='ocrx_word' id='word_1_299' title='bbox 964 3934 1042 3996; x_wconf 90' lang='lat' dir='ltr'>olim</span> <span class='ocrx_word' id='word_1_300' title='bbox 1062 3936 1165 4014; x_wconf 91' lang='lat' dir='ltr'>spirat</span> <span class='ocrx_word' id='word_1_301' title='bbox 1184 3936 1348 4014; x_wconf 86' lang='lat' dir='ltr'>impotens</span> <span class='ocrx_word' id='word_1_302' title='bbox 1370 3937 1404 3995; x_wconf 91' lang='lat' dir='ltr'>in</span> <span class='ocrx_word' id='word_1_303' title='bbox 1423 3955 1476 3996; x_wconf 90' lang='lat' dir='ltr'>me</span> 
     </span>
     <span class='ocr_line' id='line_1_36' title="bbox 277 4017 1522 4098; baseline 0.001 -20"><span class='ocrx_word' id='word_1_304' title='bbox 277 4019 401 4090; x_wconf 90' lang='lat' dir='ltr'>odium,</span> <span class='ocrx_word' id='word_1_305' title='bbox 423 4038 482 4078; x_wconf 89' lang='lat' dir='ltr'>nec</span> <span class='ocrx_word' id='word_1_306' title='bbox 504 4017 608 4078; x_wconf 89' lang='lat' dir='ltr'>dicere</span> <span class='ocrx_word' id='word_1_307' title='bbox 630 4021 743 4098; x_wconf 88' lang='lat' dir='ltr'>possit,</span> <span class='ocrx_word' id='word_1_308' title='bbox 766 4037 886 4096; x_wconf 84' lang='lat' dir='ltr'>quare;</span> <span class='ocrx_word' id='word_1_309' title='bbox 919 4037 1006 4079; x_wconf 90' lang='lat' dir='ltr'>nunc</span> <span class='ocrx_word' id='word_1_310' title='bbox 1028 4019 1179 4089; x_wconf 88' lang='lat' dir='ltr'>iritatior,</span> <span class='ocrx_word' id='word_1_311' title='bbox 1202 4018 1292 4096; x_wconf 90' lang='lat' dir='ltr'>quod</span> <span class='ocrx_word' id='word_1_312' title='bbox 1313 4017 1476 4079; x_wconf 85' lang='lat' dir='ltr'>Ciceronis</span> <span class='ocrx_word' id='word_1_313' title='bbox 1489 4030 1522 4066; x_wconf 83' lang='lat'>²0</span> 
     </span>
     <span class='ocr_line' id='line_1_37' title="bbox 277 4100 1476 4180; baseline 0 -18"><span class='ocrx_word' id='word_1_314' title='bbox 277 4103 486 4162; x_wconf 89' lang='lat' dir='ltr'>maiestatem</span> <span class='ocrx_word' id='word_1_315' title='bbox 501 4101 590 4161; x_wconf 90' lang='lat' dir='ltr'>dicar</span> <span class='ocrx_word' id='word_1_316' title='bbox 604 4101 713 4162; x_wconf 86' lang='lat' dir='ltr'>lesisse</span> <span class='ocrx_word' id='word_1_317' title='bbox 727 4103 761 4160; x_wconf 93' lang='lat' dir='ltr'>in</span> <span class='ocrx_word' id='word_1_318' title='bbox 776 4100 914 4180; x_wconf 89' lang='lat' dir='ltr'>dialogo,</span> <span class='ocrx_word' id='word_1_319' title='bbox 929 4103 982 4162; x_wconf 89' lang='lat' dir='ltr'>oui</span> <span class='ocrx_word' id='word_1_320' title='bbox 992 4100 1112 4162; x_wconf 90' lang='lat' dir='ltr'>titulus</span> <span class='ocrx_word' id='word_1_321' title='bbox 1121 4100 1360 4162; x_wconf 86' lang='lat' dir='ltr'>Ciceronianus.</span> <span class='ocrx_word' id='word_1_322' title='bbox 1390 4100 1476 4163; x_wconf 90' lang='lat' dir='ltr'>Sunt</span> 
     </span>
     <span class='ocr_line' id='line_1_38' title="bbox 277 4184 1476 4264; baseline 0.002 -20"><span class='ocrx_word' id='word_1_323' title='bbox 277 4185 470 4264; x_wconf 89' lang='lat' dir='ltr'>praesertim</span> <span class='ocrx_word' id='word_1_324' title='bbox 490 4185 579 4263; x_wconf 92' lang='lat' dir='ltr'>apud</span> <span class='ocrx_word' id='word_1_325' title='bbox 594 4184 698 4245; x_wconf 90' lang='lat' dir='ltr'>Italos</span> <span class='ocrx_word' id='word_1_326' title='bbox 712 4185 768 4262; x_wconf 94' lang='lat' dir='ltr'>qui</span> <span class='ocrx_word' id='word_1_327' title='bbox 788 4184 849 4245; x_wconf 89' lang='lat' dir='ltr'>hoe</span> <span class='ocrx_word' id='word_1_328' title='bbox 864 4190 967 4263; x_wconf 90' lang='lat' dir='ltr'>agunt</span> <span class='ocrx_word' id='word_1_329' title='bbox 981 4191 1021 4244; x_wconf 87' lang='lat' dir='ltr'>vt</span> <span class='ocrx_word' id='word_1_330' title='bbox 1035 4204 1102 4245; x_wconf 91' lang='lat' dir='ltr'>non</span> <span class='ocrx_word' id='word_1_331' title='bbox 1116 4185 1225 4244; x_wconf 90' lang='lat' dir='ltr'>minus</span> <span class='ocrx_word' id='word_1_332' title='bbox 1238 4185 1418 4246; x_wconf 88' lang='lat' dir='ltr'>discordiae</span> <span class='ocrx_word' id='word_1_333' title='bbox 1432 4186 1476 4246; x_wconf 92' lang='lat' dir='ltr'>sit</span> 
     </span>
     <span class='ocr_line' id='line_1_39' title="bbox 277 4268 1476 4347; baseline 0 -19"><span class='ocrx_word' id='word_1_334' title='bbox 277 4270 366 4328; x_wconf 85' lang='lat' dir='ltr'>inter</span> <span class='ocrx_word' id='word_1_335' title='bbox 377 4268 563 4328; x_wconf 90' lang='lat' dir='ltr'>studiorum</span> <span class='ocrx_word' id='word_1_336' title='bbox 574 4268 717 4328; x_wconf 87' lang='lat' dir='ltr'>cultores</span> <span class='ocrx_word' id='word_1_337' title='bbox 732 4287 832 4346; x_wconf 91' lang='lat' dir='ltr'>quam</span> <span class='ocrx_word' id='word_1_338' title='bbox 847 4270 933 4329; x_wconf 86' lang='lat' dir='ltr'>inter</span> <span class='ocrx_word' id='word_1_339' title='bbox 943 4268 1135 4347; x_wconf 90' lang='lat' dir='ltr'>dogmatum</span> <span class='ocrx_word' id='word_1_340' title='bbox 1147 4268 1353 4347; x_wconf 82' lang='lat' dir='ltr'>professores.</span> <span class='ocrx_word' id='word_1_341' title='bbox 1377 4268 1476 4328; x_wconf 88' lang='lat' dir='ltr'>Mitto</span> 
     </span>
     <span class='ocr_line' id='line_1_40' title="bbox 279 4350 1475 4413; baseline -0.001 -1"><span class='ocrx_word' id='word_1_342' title='bbox 279 4352 321 4412; x_wconf 89' lang='lat' dir='ltr'>R.</span> <span class='ocrx_word' id='word_1_343' title='bbox 338 4351 530 4412; x_wconf 78' lang='lat' dir='ltr'>Oelsitudini</span> <span class='ocrx_word' id='word_1_344' title='bbox 547 4357 625 4412; x_wconf 89' lang='lat' dir='ltr'>tuae</span> <span class='ocrx_word' id='word_1_345' title='bbox 644 4351 790 4412; x_wconf 92' lang='lat' dir='ltr'>libellum</span> <span class='ocrx_word' id='word_1_346' title='bbox 810 4358 845 4412; x_wconf 90' lang='lat' dir='ltr'>et</span> <span class='ocrx_word' id='word_1_347' title='bbox 858 4350 1043 4413; x_wconf 88' lang='lat' dir='ltr'>Sorbonicis</span> <span class='ocrx_word' id='word_1_348' title='bbox 1064 4352 1209 4412; x_wconf 85' lang='lat' dir='ltr'>censuris</span> <span class='ocrx_word' id='word_1_349' title='bbox 1230 4358 1265 4411; x_wconf 89' lang='lat' dir='ltr'>et</span> <span class='ocrx_word' id='word_1_350' title='bbox 1284 4350 1411 4411; x_wconf 87' lang='lat' dir='ltr'>Alberti</span> <span class='ocrx_word' id='word_1_351' title='bbox 1427 4352 1475 4411; x_wconf 89' lang='lat' dir='ltr'>Pii</span> 
     </span>
     <span class='ocr_line' id='line_1_41' title="bbox 276 4433 1522 4514; baseline 0.002 -19"><span class='ocrx_word' id='word_1_352' title='bbox 276 4434 450 4495; x_wconf 90' lang='lat' dir='ltr'>calumniis</span> <span class='ocrx_word' id='word_1_353' title='bbox 468 4435 728 4514; x_wconf 87' lang='lat' dir='ltr'>respondentem.</span> <span class='ocrx_word' id='word_1_354' title='bbox 773 4434 875 4514; x_wconf 88' lang='lat' dir='ltr'>Magis</span> <span class='ocrx_word' id='word_1_355' title='bbox 893 4434 1007 4496; x_wconf 90' lang='lat' dir='ltr'>obstiti</span> <span class='ocrx_word' id='word_1_356' title='bbox 1025 4436 1059 4495; x_wconf 92' lang='lat' dir='ltr'>in</span> <span class='ocrx_word' id='word_1_357' title='bbox 1073 4433 1248 4496; x_wconf 89' lang='lat' dir='ltr'>Germania</span> <span class='ocrx_word' id='word_1_358' title='bbox 1262 4436 1360 4496; x_wconf 89' lang='lat' dir='ltr'>sectis</span> <span class='ocrx_word' id='word_1_359' title='bbox 1376 4453 1475 4512; x_wconf 92' lang='lat' dir='ltr'>quam</span> <span class='ocrx_word' id='word_1_360' title='bbox 1489 4448 1522 4497; x_wconf 81' lang='lat'>25</span> 
     </span>
    </p>
   </div>
   <div class='ocr_carea' id='block_1_7' title="bbox 276 4584 1477 5118">
    <p class='ocr_par' dir='ltr' id='par_1_12' title="bbox 276 4584 1477 4850">
     <span class='ocr_line' id='line_1_42' title="bbox 313 4584 1475 4651; baseline 0.001 -18"><span class='ocrx_word' id='word_1_361' title='bbox 313 4586 388 4635; x_wconf 75' lang='lat'>2599.</span> <span class='ocrx_word' id='word_1_362' title='bbox 411 4587 453 4636; x_wconf 79' lang='lat'>68.</span> <span class='ocrx_word' id='word_1_363' title='bbox 477 4586 506 4635; x_wconf 91' lang='lat' dir='ltr'>in</span> <span class='ocrx_word' id='word_1_364' title='bbox 545 4586 758 4651; x_wconf 79' lang='lat' dir='ltr'>chrysostomo]</span> <span class='ocrx_word' id='word_1_365' title='bbox 792 4586 852 4636; x_wconf 87' lang='lat' dir='ltr'>The</span> <span class='ocrx_word' id='word_1_366' title='bbox 902 4584 1475 4649; x_wconf 83' lang='lat' dir='ltr'>oftheCisteroianmonasteryofMogila,</span> 
     </span>
     <span class='ocr_line' id='line_1_43' title="bbox 277 4651 1477 4712; baseline -0.001 -9"><span class='ocrx_word' id='word_1_367' title='bbox 277 4653 421 4703; x_wconf 87' lang='lat' dir='ltr'>reference</span> <span class='ocrx_word' id='word_1_368' title='bbox 443 4668 533 4703; x_wconf 85' lang='lat' dir='ltr'>seems</span> <span class='ocrx_word' id='word_1_369' title='bbox 555 4660 587 4704; x_wconf 91' lang='lat' dir='ltr'>to</span> <span class='ocrx_word' id='word_1_370' title='bbox 610 4654 646 4703; x_wconf 86' lang='lat' dir='ltr'>be</span> <span class='ocrx_word' id='word_1_371' title='bbox 671 4660 702 4704; x_wconf 89' lang='lat' dir='ltr'>to</span> <span class='ocrx_word' id='word_1_372' title='bbox 728 4653 851 4703; x_wconf 79' lang='lat' dir='ltr'>Brixim’</span> <span class='ocrx_word' id='word_1_373' title='bbox 903 4667 971 4702; x_wconf 86' lang='lat' dir='ltr'>near</span> <span class='ocrx_word' id='word_1_374' title='bbox 998 4651 1111 4702; x_wconf 82' lang='lat' dir='ltr'>Craoow</span> <span class='ocrx_word' id='word_1_375' title='bbox 1137 4651 1237 4712; x_wconf 82' lang='lat' dir='ltr'>(called</span> <span class='ocrx_word' id='word_1_376' title='bbox 1262 4652 1329 4702; x_wconf 90' lang='lat' dir='ltr'>here</span> <span class='ocrx_word' id='word_1_377' title='bbox 1356 4651 1477 4702; x_wconf 84' lang='lat' dir='ltr'>‘Sancta</span> 
     </span>
     <span class='ocr_line' id='line_1_44' title="bbox 276 4718 1476 4785; baseline 0.001 -17"><span class='ocrx_word' id='word_1_378' title='bbox 276 4720 546 4770; x_wconf 82' lang='lat' dir='ltr'>workonRomans.</span> <span class='ocrx_word' id='word_1_379' title='bbox 581 4719 852 4785; x_wconf 82' lang='lat' dir='ltr'>Hisprefecetothe</span> <span class='ocrx_word' id='word_1_380' title='bbox 903 4718 1476 4780; x_wconf 78' lang='lat' dir='ltr'>Clara‘,butinEEr85,LB.1259,more</span> 
     </span>
     <span class='ocr_line' id='line_1_45' title="bbox 277 4784 1316 4850; baseline -0.001 -14"><span class='ocrx_word' id='word_1_381' title='bbox 277 4787 342 4836; x_wconf 83' lang='lat' dir='ltr'>first</span> <span class='ocrx_word' id='word_1_382' title='bbox 353 4788 368 4835; x_wconf 87' lang='grc'><strong>8</strong></span> <span class='ocrx_word' id='word_1_383' title='bbox 381 4787 528 4844; x_wconf 84' lang='lat' dir='ltr'>Homihes‚</span> <span class='ocrx_word' id='word_1_384' title='bbox 545 4786 633 4837; x_wconf 88' lang='lat' dir='ltr'>dated</span> <span class='ocrx_word' id='word_1_385' title='bbox 649 4801 679 4849; x_wconf 89' lang='lat'>13</span> <span class='ocrx_word' id='word_1_386' title='bbox 691 4787 764 4836; x_wconf 79' lang='lat' dir='ltr'>Nov.</span> <span class='ocrx_word' id='word_1_387' title='bbox 779 4800 853 4849; x_wconf 82' lang='lat'>1532,</span> <span class='ocrx_word' id='word_1_388' title='bbox 903 4785 1050 4850; x_wconf 84' lang='lat' dir='ltr'>correctly,</span> <span class='ocrx_word' id='word_1_389' title='bbox 1062 4785 1158 4836; x_wconf 78' lang='lat' dir='ltr'>‘Clara</span> <span class='ocrx_word' id='word_1_390' title='bbox 1168 4784 1316 4846; x_wconf 75' lang='lat' dir='ltr'>lhrmba&#39;).</span> 
     </span>
    </p>

    <p class='ocr_par' dir='ltr' id='par_1_13' title="bbox 278 4852 1249 4917">
     <span class='ocr_line' id='line_1_46' title="bbox 278 4852 1249 4917; baseline -0.001 -15"><span class='ocrx_word' id='word_1_391' title='bbox 278 4852 330 4902; x_wconf 93' lang='lat' dir='ltr'>did</span> <span class='ocrx_word' id='word_1_392' title='bbox 343 4860 394 4902; x_wconf 91' lang='lat' dir='ltr'>not</span> <span class='ocrx_word' id='word_1_393' title='bbox 406 4869 513 4917; x_wconf 86' lang='lat' dir='ltr'>appear</span> <span class='ocrx_word' id='word_1_394' title='bbox 524 4853 568 4903; x_wconf 93' lang='lat' dir='ltr'>till</span> <span class='ocrx_word' id='word_1_395' title='bbox 580 4853 677 4903; x_wconf 84' lang='lat' dir='ltr'>March</span> <span class='ocrx_word' id='word_1_396' title='bbox 690 4866 762 4916; x_wconf 81' lang='lat'>1533.</span> <span class='ocrx_word' id='word_1_397' title='bbox 937 4865 962 4914; x_wconf 81' lang='lat'>5.</span> <span class='ocrx_word' id='word_1_398' title='bbox 980 4852 1094 4913; x_wconf 85' lang='lat' dir='ltr'>litteris]</span> <span class='ocrx_word' id='word_1_399' title='bbox 1106 4852 1162 4916; x_wconf 82' lang='lat' dir='ltr'>Ep.</span> <span class='ocrx_word' id='word_1_400' title='bbox 1174 4865 1249 4912; x_wconf 79' lang='lat'>2521.</span> 
     </span>
    </p>

    <p class='ocr_par' dir='ltr' id='par_1_14' title="bbox 279 4917 1474 5050">
     <span class='ocr_line' id='line_1_47' title="bbox 313 4917 1474 4985; baseline 0.001 -17"><span class='ocrx_word' id='word_1_401' title='bbox 313 4923 405 4981; x_wconf 82' lang='lat'>69-70.</span> <span class='ocrx_word' id='word_1_402' title='bbox 424 4920 607 4985; x_wconf 87' lang='lat' dir='ltr'>typographi]</span> <span class='ocrx_word' id='word_1_403' title='bbox 624 4919 667 4969; x_wconf 88' lang='lat' dir='ltr'>Cf.</span> <span class='ocrx_word' id='word_1_404' title='bbox 685 4920 761 4985; x_wconf 88' lang='lat' dir='ltr'>Epp.</span> <span class='ocrx_word' id='word_1_405' title='bbox 778 4933 853 4983; x_wconf 79' lang='lat'><strong>²405·</strong></span> <span class='ocrx_word' id='word_1_406' title='bbox 941 4933 981 4981; x_wconf 87' lang='lat'>13.</span> <span class='ocrx_word' id='word_1_407' title='bbox 999 4919 1103 4980; x_wconf 86' lang='lat' dir='ltr'>tribus]</span> <span class='ocrx_word' id='word_1_408' title='bbox 1138 4917 1265 4983; x_wconf 82' lang='lat' dir='ltr'>Perhaps</span> <span class='ocrx_word' id='word_1_409' title='bbox 1293 4917 1387 4977; x_wconf 84' lang='lat' dir='ltr'>Sutor,</span> <span class='ocrx_word' id='word_1_410' title='bbox 1415 4918 1474 4969; x_wconf 86' lang='lat' dir='ltr'>Jer.</span> 
     </span>
     <span class='ocr_line' id='line_1_48' title="bbox 279 4984 1474 5050; baseline 0.001 -14"><span class='ocrx_word' id='word_1_411' title='bbox 279 5000 373 5043; x_wconf 83' lang='lat'>220-2,</span> <span class='ocrx_word' id='word_1_412' title='bbox 385 5001 460 5049; x_wconf 81' lang='lat'><strong>24²²·</strong></span> <span class='ocrx_word' id='word_1_413' title='bbox 476 4989 564 5036; x_wconf 85' lang='lat'>18-21.</span> <span class='ocrx_word' id='word_1_414' title='bbox 904 4985 1036 5050; x_wconf 81' lang='lat' dir='ltr'>Hangeat</span> <span class='ocrx_word' id='word_1_415' title='bbox 1046 4985 1105 5035; x_wconf 80' lang='lat' dir='ltr'>and</span> <span class='ocrx_word' id='word_1_416' title='bbox 1115 4984 1261 5044; x_wconf 66' lang='lat' dir='ltr'>latomus,</span> <span class='ocrx_word' id='word_1_417' title='bbox 1273 5000 1320 5035; x_wconf 86' lang='lat' dir='ltr'>see</span> <span class='ocrx_word' id='word_1_418' title='bbox 1332 4984 1386 5049; x_wconf 87' lang='lat' dir='ltr'>Ep.</span> <span class='ocrx_word' id='word_1_419' title='bbox 1399 4999 1474 5050; x_wconf 85' lang='lat'>²134·</span> 
     </span>
    </p>

    <p class='ocr_par' dir='ltr' id='par_1_15' title="bbox 314 5052 997 5118">
     <span class='ocr_line' id='line_1_49' title="bbox 314 5052 997 5118; baseline -0.001 -16"><span class='ocrx_word' id='word_1_420' title='bbox 314 5053 389 5102; x_wconf 77' lang='lat'>2600.</span> <span class='ocrx_word' id='word_1_421' title='bbox 409 5067 434 5116; x_wconf 89' lang='lat'>3.</span> <span class='ocrx_word' id='word_1_422' title='bbox 455 5053 603 5115; x_wconf 81' lang='lat' dir='ltr'>Erasmus]</span> <span class='ocrx_word' id='word_1_423' title='bbox 622 5052 721 5118; x_wconf 72' lang='lat' dir='ltr'>trs47.</span> <span class='ocrx_word' id='word_1_424' title='bbox 755 5053 855 5104; x_wconf 84' lang='lat' dir='ltr'>Abbot</span> <span class='ocrx_word' id='word_1_425' title='bbox 906 5065 997 5116; x_wconf 81' lang='lat'>141-3.</span> 
     </span>
    </p>
   </div>
   <div class='ocr_carea' id='block_1_8' title="bbox 0 0 2033 5900">
    <p class='ocr_par' dir='ltr' id='par_1_16' title="bbox 0 0 2033 5900">
     <span class='ocr_line' id='line_1_50' title="bbox 0 0 2033 5900; baseline 0 0"><span class='ocrx_word' id='word_1_426' title='bbox 0 0 2033 5900; x_wconf 95' lang='lat' dir='ltr'> </span> 
     </span>
    </p>
   </div>
  </div>
 </body>
</html>
