4042 5900
428 671 468 730 14
753 664 951 727 narrans
973 664 1029 727 on
1049 663 1255 727 1111111101
1530 666 1625 744 [1530

425 829 508 880 other
518 826 638 877 channel
650 826 674 877 is
685 830 737 877 not
748 825 830 876 clear.
864 825 924 876 The
939 824 1077 876 Bodleian
1091 839 1245 891 preserves,
1258 824 1288 875 in
1303 828 1361 876 two
1377 823 1513 875 different
1525 824 1625 882 iuuea,

425 894 552 946 undated
572 894 627 944 but
644 893 789 957 evidently
805 898 1033 957 contemporary,
1051 908 1069 942 a
1084 892 1208 943 German
1225 892 1360 957 epitome,
1383 891 1486 943 Vmcb
1503 892 1626 943 mmet

425 963 562 1012 Erasmus
583 977 635 1011 ven
655 960 815 1010 Roterodam
832 960 863 1009 in
886 960 960 1009 einer
976 958 1090 1023 Sabi-iffi
1112 974 1150 1009 on
1168 960 1219 1009 den
1241 958 1415 1023 Bepatlicben
1435 958 1553 1022 [10400011
1572 959 1627 1009 ond

427 1036 561 1087 cardian
572 1035 733 1099 comparum
745 1035 868 1085 amma
884 1035 936 1084 aas
952 1051 980 1084 a
996 1035 1072 1084 neit
1088 1041 1135 1097 aa
1151 1034 1212 1084 san
1229 1034 1270 1084 ,οι
1285 1034 1337 1083 aas
1347 1020 1397 1083 aa.
1410 1034 1480 1098 xa.
1492 1033 1627 1084 Mosam

426 1105 471 1155 die
487 1103 660 1153 [astheriachc
673 1103 728 1152 und
744 1102 841 1152 andere
858 1102 909 1151 lere
924 1102 975 1152 mit
992 1102 1053 1151 dem
1068 1102 1196 1151 echwardi
1210 1100 1325 1165 dempffa
1339 1107 1386 1150 etc.
1421 1100 1458 1151 ln
1470 1100 1626 1152 aiteram

427 1170 548 1221 Articlcal
558 1171 680 1233 pastellos.

460 1238 520 1287 The
530 1237 663 1287 different
674 1241 752 1286 texts
763 1236 793 1285 oi
804 1236 854 1286 the
866 1234 952 1286 letter
962 1235 1073 1285 exhibit
1083 1251 1101 1285 a
1112 1234 1304 1285 considerable
1315 1234 1427 1298 variety
1438 1234 1468 1285 oi
1485 1233 1626 1299 readingn

427 1306 452 1355 A
464 1303 572 1355 critical
582 1319 620 1368 ap
641 1308 748 1363 eratus,
761 1309 793 1352 to
801 1302 878 1352 show
890 1302 927 1351 all
939 1302 989 1352 the
1001 1302 1140 1367 readings,
1152 1300 1245 1351 would
1258 1301 1370 1365 belong
1382 1300 1441 1350 aud
1452 1301 1625 1351 unintereat·

427 1371 483 1435 ing,
495 1371 553 1420 and
565 1386 607 1420 wo
638 1370 657 1419 d
669 1370 760 1419 afford
771 1368 845 1420 little
857 1369 1010 1418 indication
1023 1369 1053 1418 ci
1064 1369 1114 1419 the
1125 1368 1283 1417 connexion
1294 1368 1422 1418 between
1433 1382 1488 1418 one
1496 1372 1563 1417 text
1570 1366 1627 1417 and

427 1437 556 1487 another.
591 1438 651 1486 The
673 1442 738 1486 text
760 1436 827 1486 here
849 1436 955 1485 offered
977 1436 1010 1493 is,
1034 1435 1129 1485 unless
1152 1434 1301 1484 otherwise
1323 1433 1429 1493 stated,
1453 1434 1520 1484 that
1540 1434 1572 1484 oi
1592 1431 1624 1497 βς

427 1504 612 1567 occasionally
630 1503 679 1553 the
698 1504 809 1553 version
827 1503 857 1552 oi
877 1521 893 1551 0
912 1502 935 1552 is
952 1502 1112 1566 preferred;
1141 1501 1246 1551 andin
1263 1516 1318 1552 one
1332 1500 1413 1565 place
1431 1516 1449 1550 a
1468 1500 1588 1565 reading
1603 1498 1627 1551 is

427 1571 553 1636 adopted
564 1572 637 1620 from
649 1569 844 1630 coelestinus]

617 1699 738 1743 ERASM.
755 1698 874 1741 Itouna.
892 1698 1077 1743 CARDINALI
1091 1699 1137 1743 DE
1152 1699 1297 1744 CAMPEG.
1313 1699 1339 1744 S.
1356 1699 1385 1743 Ρ.
1402 1700 1435 1743 Ι).

472 1808 726 1868 anunuuolss.
757 1806 905 1879 Domine,
935 1806 1072 1867 tabellio
1104 1828 1195 1868 meus
1227 1809 1456 1887 properantior
1485 1808 1552 1871 fuit
1584 1808 1626 1871 sd

430 1892 572 1953 reditum
592 1910 692 1969 quam
715 1889 883 1963 volebam;
906 1910 982 1950 nam
1003 1897 1080 1951 tuae
1099 1891 1182 1952 R.D.
1206 1892 1318 1953 literae
1340 1893 1549 1971 potissimum
1570 1912 1624 1954 ex·

429 1974 613 2055 pectebam.
646 1974 808 2034 Fortassis
824 1973 875 2033 hic
891 1974 1015 2034 diutius
1031 1974 1170 2035 haerebo
1184 1994 1284 2053 quam
1299 1975 1428 2036 vellem.
1452 1975 1538 2037 RJ).
1550 1975 1626 2055 Epi·

430 2078 547 2138 scopus
562 2057 776 2136 Augustensis
791 2057 905 2117 scribit
925 2077 959 2117 se
979 2057 1042 2117 huc
1061 2059 1229 2137 proprium
1250 2060 1424 2119 missurum
1444 2058 1625 2120 famulum:

401 2164 416 2214 5
431 2162 487 2221 per
502 2160 577 2201 eum
592 2140 774 2219 expectabo
790 2139 902 2200 literas
918 2147 1003 2201 tuas.

472 2223 505 2286 Si
520 2223 638 2285 Caesar
652 2224 748 2283 minis
764 2222 841 2283 belli
856 2230 958 2284 terret
969 2224 1182 2297 aduersarios,
1192 2244 1258 2285 non
1270 2244 1402 2306 possum
1414 2245 1480 2286 non
1491 2224 1627 2287 laudare

431 2308 659 2389 prudentiam
682 2308 732 2366 sin
754 2308 838 2366 serio
854 2308 982 2385 expetit
1004 2308 1136 2380 bellum,
1152 2308 1273 2369 nollem
1296 2328 1365 2369 esse
1388 2310 1523 2370 sinistra
1544 2310 1626 2382 auis,

431 2391 487 2452 sed
502 2391 694 2451 inhorrescit
708 2390 789 2449 mihi
803 2391 941 2461 animus,
951 2392 1080 2469 quoties
1095 2411 1204 2452 rerum
1219 2391 1336 2452 faeiem
1351 2392 1461 2453 animo
1470 2398 1627 2454 contueor

431 2494 530 2554 quam
551 2473 694 2534 arbitror
713 2472 870 2545 futuram,
886 2476 913 2533 si
932 2474 1030 2534 semel
1048 2474 1091 2534 ad
1110 2494 1202 2536 arma
1223 2482 1359 2536 ventum
1381 2475 1491 2536 fuerit.
1535 2475 1628 2537 Adeo

387 2583 417 2618 10
432 2559 492 2618 hoc
519 2557 643 2617 malum
668 2556 736 2616 late
765 2576 913 2636 sparsum
940 2563 999 2617 est.
1045 2558 1163 2618 Fateor
1192 2578 1354 2619 summam
1383 2579 1453 2620 esse
1478 2558 1627 2621 Caesaris

431 2642 624 2721 potentiam,
641 2640 778 2701 sednon
794 2659 905 2701 omnes
924 2642 1074 2701 nationes
1098 2642 1157 2702 hoc
1176 2662 1294 2703 nomen
1313 2649 1505 2721 agnoscunt.
1549 2641 1626 2703 Ger·

431 2726 521 2785 mani
543 2729 735 2803 agnoscunt,
753 2724 850 2784 certis
872 2729 982 2784 tamen
1005 2725 1257 2798 conditionibus,
1272 2732 1311 2785 vt
1332 2728 1495 2804 imperent
1516 2726 1626 2787 verius

432 2827 531 2887 quam
553 2813 592 2866 vt
614 2813 769 2887 pareant;
800 2806 929 2868 malunt
950 2809 1037 2868 enim
1060 2810 1218 2887 imperare
1240 2829 1340 2887 quam
1361 2829 1484 2869 morem
1506 2828 1626 2889 gerere.

432 2891 524 2953 Adde
546 2896 600 2952 tot
618 2891 782 2951 continuis
804 2890 1060 2970 profectionibus
1081 2898 1116 2953 et
1137 2892 1399 2972 expeditionibus
1418 2892 1628 2955 vehementer

388 2999 418 3048 15
432 2976 610 3037 exhaustas
636 2976 736 3053 ipsius
764 2974 914 3047 ditiones,
937 2976 1015 3036 belli
1038 2976 1224 3037 incendium
1248 2978 1313 3037 iam
1335 2996 1422 3037 nunc
1443 2977 1627 3038 excitatum

432 3060 467 3119 in
478 3059 582 3118 Frisia
593 3058 687 3118 nobis
699 3059 823 3118 vicina:
847 3060 938 3119 cuius
950 3059 1103 3138 Princeps
1114 3061 1180 3120 iam
1193 3060 1336 3139 profiteri
1347 3060 1468 3120 dicitur
1479 3060 1627 3140 Euange-

432 3142 514 3203 lium
529 3141 683 3202 Lntheri:
706 3141 866 3201 eiusmodi
881 3149 958 3202 sunt
974 3142 1097 3204 multae
1116 3145 1269 3205 ciuitates
1287 3145 1373 3204 inter
1393 3142 1577 3204 Orientales
1593 3148 1629 3205 et

433 3226 562 3298 Danos;
594 3224 668 3284 hinc
694 3231 811 3285 catena
831 3225 993 3286 malorum
1016 3228 1194 3305 porrigitur
1218 3226 1261 3286 ad
1286 3226 1467 3288 Heluetios.
1511 3226 1629 3288 Iamsi

432 3308 551 3370 Caesar
566 3327 625 3387 pro
640 3327 699 3368 sua
715 3309 838 3387 pietate
853 3328 930 3387 prae
945 3329 979 3369 se
993 3310 1080 3370 ferat
1094 3311 1240 3370 animum
1255 3330 1295 3370 ex
1308 3310 1477 3371 Pontificis
1492 3310 1629 3371 arbitrio

387 3415 420 3451 20
433 3393 543 3453 omnia
564 3397 742 3470 gesturum,
758 3391 937 3470 periculum
959 3399 1010 3452 est
1028 3412 1069 3453 ne
1086 3412 1151 3454 non
1174 3395 1223 3454 ita
1244 3393 1367 3454 multos
1388 3394 1432 3453 sit
1453 3392 1629 3455 habiturus

433 3476 592 3536 fauentes.
636 3474 729 3535 Adde
763 3475 851 3552 quod
886 3476 988 3536 indies
1021 3483 1216 3555 expectatur
1251 3477 1432 3537 Turcarum
1461 3478 1628 3550 incursus;

434 3560 526 3620 cuius
547 3559 730 3637 potentiam
748 3559 805 3617 vix
828 3561 1090 3638 oppresserimus,
1107 3561 1236 3622 etiamsi
1257 3560 1433 3620 concordes
1454 3558 1579 3621 auxilia
1594 3560 1629 3620 in

434 3661 536 3703 vnum
552 3641 794 3701 contulerimus.
839 3642 941 3702 Porro
956 3643 1036 3721 quid
1054 3644 1098 3704 sit
1116 3643 1304 3723 belligerare
1322 3644 1428 3705 inuito
1450 3643 1555 3704 milite
1574 3643 1629 3705 de·

434 3726 574 3787 clarauit
590 3726 715 3785 Romae
730 3725 902 3798 excidium,
918 3732 953 3786 et
968 3745 1073 3805 nuper
1088 3746 1138 3786 res
1153 3728 1242 3807 apud
1257 3727 1416 3787 Viennam
1431 3732 1552 3805 gestae.

388 3830 420 3879 25
479 3809 555 3869 Non
570 3808 688 3868 dubito
703 3809 783 3886 quin
798 3810 914 3887 optimi
929 3809 1087 3888 Principis
1098 3811 1226 3870 animus
1236 3810 1439 3890 propendeat
1450 3809 1493 3870 od
1504 3829 1630 3889 paoem,

435 3892 641 3954 clementiam
657 3897 692 3951 et
706 3891 1001 3970 tranquillitatem
1025 3893 1082 3953 sed
1097 3895 1204 3954 nescio
1224 3914 1290 3972 quo
1308 3893 1379 3954 fato
1396 3901 1527 3973 praeter
1540 3892 1630 3955 illius

435 3977 581 4037 animum
599 3973 692 4035 nobis
712 3994 839 4053 semper
859 3975 982 4035 bellum
1001 3995 1019 4035 e
1039 3976 1125 4037 bello
1147 3979 1274 4038 seritur.
1320 3975 1424 4048 Quam
1447 3976 1514 4050 diu,
1529 3995 1630 4056 quam

468 4126 493 4174 4.
512 4108 699 4173 Augustensis
711 4127 742 4158 a:
761 4110 946 4174 Augustanus
956 4109 982 4173 β.
1076 4126 1167 4161 11-12.
1185 4111 1318 4162 Germani
1330 4130 1362 4161 αι
1380 4110 1513 4161 Germani
1524 4126 1593 4162 vero
1602 4109 1629 4175 β.

436 4192 476 4227 12.
494 4181 593 4226 tamen
604 4192 636 4224 a:
653 4191 705 4225 om.
717 4175 743 4239 β.
802 4190 842 4240 14.
861 4177 941 4226 Adde
954 4183 999 4227 tot
1011 4195 1042 4227 a:
1062 4178 1160 4228 Adhoo
1171 4178 1197 4242 β.
1265 4193 1305 4241 15.
1323 4179 1445 4229 ditiones
1457 4195 1489 4227 a:
1507 4177 1632 4228 ditiones

434 4247 548 4294 constat
558 4240 584 4304 β.
662 4245 702 4292 16.
720 4243 800 4292 cuius
812 4261 843 4291 a:
862 4243 922 4293 eius
933 4242 958 4306 β.
1038 4259 1077 4305 19.
1097 4261 1165 4310 prae
1177 4261 1207 4295 se
1219 4246 1293 4296 ferat
1304 4246 1430 4296 animum
1443 4245 1629 4296 Caelestinus:

434 4325 544 4377 praese
556 4307 674 4371 ieratB:
692 4311 1018 4373 perseueratomninoc.
1110 4327 1151 4362 20.
1169 4313 1264 4362 omnia
1275 4319 1421 4378 gesturum
1433 4329 1465 4360 a:
1483 4317 1632 4376 gesturum

435 4393 465 4427 se
487 4375 582 4426 omnia
599 4373 626 4437 β.
719 4388 760 4437 25.
778 4376 956 4441 propendeat
978 4396 1012 4427 c:
1037 4379 1162 4443 pendeat
1183 4378 1208 4438 β.
1295 4383 1335 4430 26.
1355 4379 1416 4429 lato
1438 4396 1472 4426 a:
1495 4383 1582 4443 paeto
1602 4377 1630 4443 β.

436 4488 489 4494 —.
494 4484 661 4493 -—-—-—-

471 4567 494 4602 1.
511 4549 638 4610 tabellio]
650 4549 700 4600 See
712 4548 766 4613 Ep.
779 4552 854 4612 2363.
870 4564 912 4599 111.
1057 4551 1168 4602 Edzard
1183 4565 1202 4609 1,
1218 4552 1248 4601 in
1263 4554 1336 4614 1528,
1351 4553 1408 4603 and
1423 4552 1554 4604 followed
1570 4554 1631 4604 him

468 4636 493 4684 4.
511 4616 710 4683 Augustensis]
717 4615 771 4666 His
779 4616 873 4675 letter,
883 4617 1006 4681 brought
1056 4618 1086 4668 in
1097 4619 1268 4684 supporting
1278 4621 1328 4670 the
1340 4620 1509 4670 Lntherans.

436 4688 475 4752 by
487 4686 537 4735 the
548 4698 715 4748 messenger,
728 4683 752 4732 is
763 4688 816 4732 not
826 4690 937 4734 extant.
1092 4700 1131 4749 17.
1150 4685 1386 4748 Orientales1The
1394 4686 1582 4752 Easterlings:
1600 4688 1631 4738 in

469 4757 495 4803 6.
513 4751 607 4812 minis]
619 4750 662 4800 Οἱ.
675 4749 730 4814 Ep.
744 4762 818 4811 2330.
833 4763 892 4809 1911.
1059 4752 1109 4802 the
1120 4752 1244 4803 Gennen
1255 4754 1376 4813 version,
1390 4754 1588 4804 ‘Henstette'.

472 4822 511 4869 16.
530 4819 559 4868 in
582 4816 683 4877 Frisie]
707 4816 793 4879 Petty
810 4831 868 4865 war
887 4817 918 4866 in
937 4816 1008 4868 East
1094 4833 1134 4880 19.
1152 4834 1188 4869 ex
1199 4819 1344 4870 Pontificis
1355 4821 1484 4881 arbitrio]
1497 4820 1539 4870 Cf.
1553 4821 1630 4886 Epp.

436 4884 583 4936 Friesland
591 4889 623 4934 at
631 4883 690 4934 this
701 4882 770 4933 time
782 4897 838 4932 was
849 4882 971 4933 chronio.
1059 4888 1133 4948 2308.
1153 4900 1229 4946 9-11,
1249 4900 1323 4951 2371.
1344 4901 1434 4944 10-11,
1453 4899 1529 4950 2375.
1553 4889 1630 4951 38-9,

503 4951 648 5015 Princeps]
656 4949 739 4999 Enno
746 4950 781 5009 (c.
791 4961 920 5014 1500-24
928 4950 1006 5015 Sept.
1059 4956 1133 5015 2376.
1147 4967 1188 5010 20,
1202 4955 1276 5014 2565.
1291 4955 1380 5015 15-18.

439 5019 524 5084 1540),
553 5018 617 5068 who
647 5015 801 5067 suceeeded
830 5016 874 5067 his
902 5017 1007 5077 father,
1093 5033 1133 5069 21.
1152 5019 1446 5085 Τ11100111111180οΕρ.
1460 5021 1534 5082 2285.
