4042 5900
325 683 420 764 2485]
631 679 687 743 ro
707 680 985 745 Aunousnus
1006 681 1203 746 romeos
1462 685 1523 746 259

324 841 433 903 sedan
445 859 503 921 per
511 839 583 907 τοὺς
594 839 865 920 πτωχοτυράννους
876 847 989 904 tutum
998 842 1149 904 futurum
1158 844 1202 905 sit
1211 843 1338 905 dubito.
1368 843 1408 905 D.
1419 844 1524 907 Maria

324 925 492 1005 quondam
512 924 671 1004 Vngariae
689 926 809 1004 regina,
828 945 929 1005 quam
951 926 1050 988 audio
1071 927 1106 987 in
1127 926 1168 988 D.
1191 926 1393 1006 Margaretae
1414 927 1523 991 locum

324 1008 491 1081 substitui,
513 1008 596 1068 bene
617 1008 693 1069 vult
713 1008 816 1070 nobis.
860 1007 924 1071 Sed
946 1010 973 1071 si
994 1009 1075 1088 quid
1092 1009 1150 1071 illa
1166 1030 1258 1071 secus
1277 1010 1401 1084 iecerit,
1422 1030 1523 1090 quam

323 1092 448 1153 vellent
461 1091 569 1164 valde,
584 1110 651 1151 non
666 1091 773 1152 dicam
787 1090 957 1165 Catholici,
972 1093 1029 1154 sed
1045 1092 1236 1172 θερμόζηλοι,
1249 1093 1395 1155 dicerent
1408 1113 1460 1156 me
1474 1095 1523 1156 illi

324 1173 471 1237 nonnihil
492 1175 666 1235 instillasse
688 1176 722 1235 in
742 1194 865 1247 aurem,
886 1176 1016 1236 etiamsi
1035 1176 1266 1238 dissuasissem.
1311 1177 1379 1239 Nec
1395 1178 1452 1239 illa
1471 1198 1522 1240 me
1538 1200 1568 1250 15

323 1265 433 1339 posset
448 1257 590 1319 tueri'ab
605 1257 655 1318 his
669 1259 726 1337 qui
739 1258 908 1337 pontificia
922 1258 1020 1320 simul
1033 1265 1069 1320 et
1082 1258 1239 1321 Caesarea
1252 1262 1433 1323 autoritate
1444 1267 1523 1323 sunt

322 1343 451 1403 armati.
495 1340 625 1403 Nollem
643 1360 718 1402 eum
744 1360 852 1402 rerum
875 1347 1002 1403 statum
1027 1362 1097 1404 esse
1119 1343 1209 1422 apud
1231 1363 1300 1417 vos,
1323 1345 1379 1423 qui
1401 1345 1522 1407 dicitur

323 1445 392 1487 esse
413 1426 447 1485 in
468 1424 665 1503 quibusdam
688 1424 888 1498 ciuitatibus,
912 1424 970 1486 vbi
994 1425 1212 1506 complurium
1234 1434 1397 1488 sectarum
1422 1428 1523 1489 turba

322 1508 404 1569 nihil
418 1510 546 1588 patitur
564 1527 633 1569 esse
652 1508 878 1587 tranquillum,
898 1515 959 1570 aut
975 1508 1034 1569 vbi
1054 1509 1260 1589 Euangeliois
1281 1510 1381 1571 licent
1401 1513 1521 1585 omnia,

322 1593 442 1653 caeteri
464 1597 626 1671 coguntur
642 1591 686 1652 ad
704 1611 842 1670 eaquae
861 1610 928 1653 non
946 1592 1099 1672 probant.
1142 1591 1237 1654 Certe
1254 1612 1366 1673 cogere
1385 1613 1452 1655 non
1471 1601 1522 1657 est
1535 1616 1569 1653 20

322 1674 565 1752 Euangelicum.
608 1673 679 1754 Ego
693 1674 789 1754 plana
804 1693 917 1736 vereor
938 1694 979 1736 ne
1000 1676 1080 1736 dum
1102 1675 1157 1737 alii
1178 1682 1258 1737 sunt
1278 1676 1443 1751 Luterani,
1465 1678 1522 1740 alii

321 1758 512 1834 Zuingliani‚
540 1757 597 1818 alii
619 1757 868 1838 Anabaptistae,
894 1764 1079 1839 pugnantes
1105 1778 1181 1820 cum
1207 1758 1320 1821 Turcis
1343 1762 1523 1823 efficiamur

321 1842 383 1921 ipsi
407 1840 540 1902 Turcae.
584 1841 657 1902 Hoc
678 1842 850 1920 augurium
875 1842 1017 1921 optarim
1042 1862 1112 1903 esse
1136 1861 1268 1904 vanum.
1313 1842 1387 1904 Tibi
1408 1863 1522 1924 precor

320 1924 534 2004 tranquillam
549 1925 653 1985 vitam
666 1946 673 1997 ;
696 1924 776 1985 mihi
791 1926 825 1985 in
839 1924 901 1985 hac
916 1924 1038 1986 harena
1051 1925 1248 2004 gladiatoria
1262 1927 1446 1989 cedendum
1460 1935 1521 2002 est,

320 2009 354 2068 in
369 2027 470 2087 quam
484 2008 594 2069 animo
608 2008 808 2069 reclamante
824 2014 1057 2088 protruserunt
1075 2010 1172 2070 amiei
1187 2010 1332 2088 quidam.
1376 2011 1442 2072 Pro
1461 2018 1521 2073 tuo
1534 2031 1566 2081 ²5

319 2111 396 2171 erga
410 2110 463 2152 me
477 2091 597 2164 studio,
612 2110 736 2171 proque
751 2091 862 2151 delata
877 2091 1079 2171 benignitate
1093 2092 1249 2172 profiteor
1263 2113 1315 2155 me
1330 2094 1392 2155 tibi
1403 2094 1521 2158 debere

319 2176 508 2255 plurimum,
526 2181 562 2236 et
583 2176 652 2235 sine
674 2175 725 2235 his
745 2174 869 2253 alioqui
889 2181 1035 2237 mentem
1055 2181 1126 2236 tam
1146 2176 1319 2238 candidam
1333 2183 1368 2238 et
1381 2179 1521 2239 amicam

319 2278 386 2319 non
405 2263 556 2337 poteram
573 2277 641 2319 non
661 2277 781 2331 amare,
803 2259 893 2337 quod
913 2260 984 2338 ipsa
1005 2259 1113 2320 virtus
1134 2260 1168 2319 in
1187 2279 1221 2321 se
1238 2260 1399 2340 philtrum
1420 2262 1521 2323 habet

319 2342 585 2403 efficacissimum.
630 2341 766 2403 Caetera
781 2341 931 2403 narrabit
944 2340 1090 2403 Carolus.

361 2425 449 2486 Bene
464 2425 547 2486 vale.
591 2425 750 2504 Friburgi.
766 2441 837 2486 xvl.
854 2424 962 2487 Calen.
978 2424 1083 2486 Maias
1097 2442 1267 2487 mnxm
1533 2451 1567 2501 30

582 2714 740 2780 24392486.
788 2712 841 2777 To
865 2712 1025 2780 Nrooass
1049 2712 1254 2780 wmarus.

355 2843 516 2914 Epistolae
528 2843 682 2907 Floridae,
695 2860 727 2915 p.
743 2858 807 2909 119.
1285 2842 1443 2914 Freiburg.

356 2919 454 2975 Lond.
469 2919 553 2975 xxxi.
568 2922 622 2987 56:
642 2918 708 2974 LB.
722 2919 803 2991 App.
819 2921 884 2988 361.
1245 2921 1281 2972 16
1294 2916 1383 2990 April
1398 2933 1481 2989 1531.

317 3038 431 3168 Ithpila
443 3038 529 3088 letter
539 3053 598 3088 was
609 3043 661 3087 not
672 3037 818 3102 reprinted
830 3038 870 3103 by
881 3037 1017 3087 Erasmus
1031 3036 1089 3087 and
1106 3035 1174 3087 does
1191 3043 1242 3087 not
1259 3052 1368 3102 appear
1379 3037 1463 3103 again
1474 3038 1519 3089 till

359 3122 378 3156 n
401 3143 407 3154 .

501 3228 655 3273 RBASMVS
669 3227 918 3274 somnumve
933 3226 1080 3272 mconso
1095 3226 1289 3272 wmusnno
1304 3227 1331 3273 S.

359 3322 412 3382 Ex
430 3320 550 3382 litteris
572 3321 648 3393 tuis,
665 3321 710 3380 mi
731 3318 875 3393 Nicolae‚
896 3319 977 3380 mibi
998 3320 1201 3399 perspexisse
1219 3319 1334 3380 videor
1352 3325 1386 3381 te
1408 3320 1517 3381 virum

316 3425 386 3467 esse
408 3407 518 3466 animo
540 3424 617 3464 vere
638 3402 833 3476 Christiano,
856 3404 1027 3482 omnisque
1048 3402 1116 3464 fuci
1136 3408 1315 3482 expertem,
1338 3408 1411 3463 tum
1437 3404 1517 3465 mihi

316 3490 520 3568 cumprimis
536 3487 618 3548 bene
633 3488 829 3566 cupientem.
873 3485 1026 3565 Suspicor
1040 3491 1153 3547 autem
1169 3492 1203 3547 te
1217 3504 1288 3546 esse
1302 3485 1406 3560 illum,
1419 3506 1516 3567 quem

317 3572 451 3652 quidam
475 3591 493 3632 e
515 3571 668 3633 sodalitio
690 3576 806 3631 nostro
831 3569 1012 3649 gaudentes
1038 3570 1116 3630 iocis
1141 3569 1382 3631 submouerunt
1407 3591 1427 3631 a
1452 3570 1515 3632 col·

316 3657 429 3735 loquio
447 3674 530 3728 meo,
546 3660 581 3715 et
599 3654 741 3715 eundem
761 3659 838 3733 post
855 3653 1061 3714 admiserunt
1082 3652 1264 3714 subornato
1284 3653 1439 3732 quodam,
1459 3655 1545 3739 qui5

317 3744 451 3818 sumpts
476 3744 568 3799 veste
593 3756 667 3799 mea
692 3757 727 3798 se
751 3742 879 3816 gereret
903 3756 965 3817 pro
993 3736 1142 3797 Erasmo.
1187 3735 1221 3797 Is
1244 3742 1317 3797 erat
1345 3735 1516 3799 Conradus

317 3824 498 3894 Fontanus,
521 3823 549 3882 si
569 3821 656 3883 forte
677 3840 798 3882 nomen
819 3821 977 3900 agnoscis.
1020 3819 1153 3899 Alioqui
1175 3839 1242 3881 non
1264 3819 1354 3881 soleo
1375 3820 1516 3882 difficilis

316 3926 385 3968 esse
400 3907 434 3966 in
449 3905 664 3967 admittendis
678 3904 926 3976 salutatoribus,
942 3903 1005 3964 nisi
1021 3903 1110 3982 quod
1124 3908 1241 3983 postea
1259 3905 1404 3984 comperi
1419 3922 1514 3983 quos·

316 3991 394 4052 dam
424 3989 535 4049 venire
564 4008 631 4050 non
660 3987 837 4059 salutandi,
867 3987 925 4049 sed
957 3986 1115 4048 irridendi
1148 3986 1366 4048 insidiandiue
1397 3989 1514 4066 gratia.

316 4074 470 4135 Latitant
494 4073 582 4133 enim
607 4072 669 4133 sub
690 4071 863 4150 Euangelii
887 4071 988 4131 titulo
1013 4070 1149 4148 quidam
1174 4069 1323 4130 homines
1348 4071 1514 4144 leuissimi,
1530 4107 1562 4144 ω

316 4159 373 4235 qui
388 4155 505 4217 solutis
519 4155 646 4235 legibus
660 4155 822 4227 omnibus,
834 4159 870 4215 et
884 4154 1006 4216 diuinis
1020 4159 1056 4214 et
1067 4152 1230 4225 humanis,
1241 4152 1304 4214 sibi
1314 4154 1516 4232 persuadent

315 4261 385 4301 esse
403 4245 565 4313 sanctum,
586 4239 742 4318 quicquid
759 4239 871 4299 animo
890 4236 1050 4299 collibuit.
1095 4236 1141 4297 nt
1158 4236 1193 4297 in
1213 4235 1263 4297 his
1281 4242 1361 4297 sunt
1379 4237 1515 4315 quidam

315 4324 398 4384 adeo
415 4323 527 4385 stolidi
545 4330 584 4383 vt
601 4342 635 4383 se
652 4322 738 4384 laedi
752 4326 874 4402 putent
888 4340 991 4399 quum
1006 4321 1166 4382 iuuantur
1179 4320 1331 4381 maxime.
1376 4320 1421 4381 Hi
1435 4320 1515 4382 mihi

316 4406 472 4467 videntur
493 4425 564 4467 esse
585 4425 717 4467 muscae
737 4425 821 4485 quas
843 4404 976 4465 notauit
996 4403 1169 4465 Hebraeus
1191 4402 1246 4464 ille
1268 4404 1408 4483 sapiens,
1430 4423 1515 4482 qnae

315 4490 537 4551 immorientes
563 4494 731 4569 vnguento
755 4493 972 4568 corrumpunt
997 4487 1086 4548 illius
1107 4487 1325 4561 suauitatem;
1348 4506 1515 4567 quumque
1529 4522 1560 4571 15

349 4617 424 4666 2485.
445 4630 485 4666 11.
502 4613 561 4670 τούς
572 4613 846 4679 memarmali:
864 4613 1018 4665 monachos
1029 4613 1060 4663 J.
1176 4628 1216 4678 14.
1233 4628 1292 4663 non
1305 4648 1312 4662 .
1326 4648 1333 4660 .
1347 4649 1354 4662 .
1366 4609 1516 4676 &pullulat

315 4683 434 4744 (mlh
451 4680 601 4746 θερμόζηχοι
618 4682 648 4733 K
664 4682 763 4741 hond)
780 4682 810 4733 K
826 4696 866 4748 pa
886 4680 1001 4731 htaeJ.
1141 4692 1181 4742 15.
1199 4678 1328 4730 nonnihil
1344 4680 1375 4729 K
1385 4697 1391 4729 :
1414 4695 1467 4730 om.
1483 4678 1514 4728 J.

317 4764 357 4814 17.
375 4750 481 4800 dicitur
494 4786 500 4798 .
514 4786 520 4798 .
536 4786 542 4798 .
557 4764 596 4810 19.
614 4754 667 4800 aut
678 4749 708 4800 K
717 4767 724 4799 ε
741 4754 787 4800 est
797 4764 857 4814 spu
888 4747 1045 4800 Germanos
1056 4746 1087 4797 J.

320 4861 354 4868 >-
364 4862 386 4865 --
396 4860 500 4866 .—--
509 4859 546 4864 ...-

348 4917 423 4967 2485.
443 4930 483 4966 rr.
498 4910 889 4978 flammantem
973 4911 1049 4962 248⁰.
1067 4926 1092 4976 7.
1110 4909 1270 4971 Fontanus]
1293 4908 1344 4960 See
1369 4909 1424 4975 Ep.
1447 4923 1515 4974 2439

314 4984 436 5042 oiscans;
454 4998 500 5034 sea
511 4980 706 5046 theColloquy
717 4977 889 5044 Πτωχοπλοῦ·
939 4978 1045 5029 introd.

315 5069 375 5111 σιοι,
388 5050 445 5101 LB.
460 5063 483 5100 1.
496 5063 604 5115 739-44.
975 5059 1016 5111 ¹4·
1033 5042 1158 5106 muscae]
1170 5041 1354 5095 Ecclesiaste·
1366 5056 1407 5094 10.
1421 5056 1444 5093 1.
